3222 5148
684 474 834 572 jes—

172 676 279 722 narum
294 675 393 722 rernm
410 661 631 742 quaestionibus
647 680 719 725 usos
734 680 799 724 esse
819 667 849 723 et
862 661 1010 743 hodieque
1024 661 1068 723 uti
1082 661 1227 723 videmus.
1264 656 1334 738 Epi-

174 779 262 824 curus
278 772 464 838 autemnon,
480 771 514 826 ut
523 764 580 839 alii,
596 764 757 828 absurdum
769 764 907 845 quiddam
920 769 950 825 et
962 763 1040 845 quod
1051 782 1157 825 sensus
1168 759 1335 823 communis

173 872 344 946 respueret,
367 865 404 927 de
426 873 532 929 natura
554 867 677 931 deorum
699 867 755 929 sibi
775 865 960 949 probandum
977 866 1146 948 proposuit,
1170 865 1221 925 sod
1242 880 1335 943 quum

173 966 356 1030 immortales
378 986 429 1030 eos
451 978 481 1030 et
503 969 605 1032 beatos
628 969 762 1032 omnium
785 986 933 1032 consensu
956 968 1070 1041 baberi,
1100 968 1233 1047 adeoque
1260 965 1336 1027 banc

174 1069 394 1152 persuasionem
410 1089 479 1133 cum
494 1071 558 1152 ipsa
573 1072 697 1134 deorum
719 1072 841 1134 notione
861 1071 1048 1135 coniunctam
1069 1090 1134 1132 esse
1156 1069 1281 1141 videret,
1304 1075 1336 1129 ut

174 1190 235 1234 non
250 1172 368 1255 quidem
383 1173 488 1236 hausta
503 1194 539 1236 ex
553 1174 714 1255 imaginum
731 1174 894 1236 divinarum
905 1173 1082 1246 incursione,
1099 1172 1150 1234 sed
1162 1182 1263 1234 tamen
1274 1171 1337 1250 ipsa

175 1282 278 1337 natura
293 1275 367 1337 duce
381 1275 412 1337 in
421 1276 583 1353 ,hominum
598 1277 704 1338 animis
719 1284 787 1340 nata
803 1295 867 1338 esse
882 1275 1039 1350 videretur,
1056 1293 1152 1356 neque
1163 1282 1264 1356 posset
1276 1290 1354 1335 non.

174 1372 348 1461 πρόληψις
360 1379 460 1459 potius
474 1379 534 1442 sire
548 1379 726 1460 anticipatio,
743 1397 833 1458 quam
848 1396 929 1439 mera
943 1369 1119 1461 ὑπόληψις
1132 1377 1192 1438 sive
1208 1374 1337 1456 opinatio

175 1480 245 1549 dici,
266 1480 324 1541 hoc
337 1480 450 1561 ipsum,
472 1483 551 1562 quod
567 1484 757 1564 anticipatum
781 1489 872 1553 esset,
894 1481 982 1542 etiam
997 1481 1110 1542 ratione
1126 1478 1294 1542 confirmari
1308 1483 1337 1538 et

175 1582 281 1646 debere
296 1590 327 1645 et
341 1600 428 1663 posse
447 1585 621 1647 confidebat.
650 1586 846 1665 bntieipatam
862 1592 961 1648 autem
976 1584 1052 1645 banc
1066 1581 1293 1645 immortalitatis
1308 1588 1339 1641 et

175 1684 365 1750 beatitudinis
387 1685 510 1749 deorum
537 1705 727 1749 communem
753 1686 973 1767 persuasionem
1000 1688 1087 1748 etiam
1110 1684 1234 1746 Velleius
1259 1682 1337 1763 apud

175 1787 346 1851 Ciceronem
368 1789 524 1870 profitetur
549 1810 574 1854 o.
601 1790 648 1863 17,
673 1791 728 1851 44:
752 1789 827 1852 Nam
849 1797 1008 1870 postquam
1031 1788 1132 1850 insitas
1153 1787 1276 1848 deorum
1293 1786 1338 1847 vel

174 1893 273 1972 potius
289 1890 457 1970 innatas²¹l
479 1894 662 1974 cognitiones
678 1910 732 1954 nos
747 1892 855 1954 babere
869 1891 951 1964 dixit,
969 1888 1211 1967 „fateamur‘’‚
1232 1888 1337 1968 inquit,

178 2000 378 2069 „constare
400 1993 492 2057 illud
515 1996 646 2069 etiam,
673 1993 766 2057 banc
792 2013 862 2056 nos
884 1992 1027 2055 habere
1050 1995 1126 2056 sire
1149 1991 1337 2072 anticipa-

176 2097 313 2159 tionem
337 2096 414 2159 sive
435 2096 737 2180 praenotionem,
766 2104 803 2160 ut
825 2098 916 2159 deos
938 2097 1064 2159 beatos
1087 2102 1124 2158 et
1144 2095 1337 2156 immorta-

177 2198 232 2261 les
259 2205 439 2281 putemus.
489 2201 589 2275 Quae
615 2201 713 2263 enim
740 2201 847 2263 nobis
878 2208 1007 2263 natura
1035 2196 1338 2261 informationem
1441 2196 1452 2211 “

177 2302 331 2365 deorum
354 2302 522 2383 ipsorum
546 2302 661 2377 dedit,
690 2302 815 2364 eadem
844 2304 1044 2385 insculpsit
1070 2301 1107 2363 in
1135 2298 1337 2373 mentibus,

177 2411 218 2468 ut
238 2424 303 2467 eos
325 2411 497 2469 aeternos
524 2413 559 2468 et
581 2405 710 2468 beatos
732 2404 979 2468 haberemus.”
1023 2403 1218 2467 Discernenda
1239 2410 1338 2464 autem

246 2677 288 2742 21)
306 2676 407 2731 hortas
428 2677 585 2743 cognitiones
601 2677 690 2729 Cicero
707 2677 769 2729 dloit
788 2693 839 2728 non
855 2692 886 2728 eo
905 2691 994 2740 sensu,
1015 2691 1064 2742 qno
1082 2691 1128 2725 nos
1146 2673 1340 2741 angeboren,

178 2762 273 2815 Graeci
286 2761 450 2836 συμφύτους
462 2763 561 2829 dieunt,
578 2764 603 2815 b.
617 2779 639 2814 e.
657 2778 705 2817 nna
718 2778 773 2814 com
785 2763 840 2826 ipso
852 2763 952 2813 bomine
965 2767 1052 2823 natas,
1071 2761 1115 2811 sed
1126 2767 1224 2812 tantum
1241 2762 1271 2811 in
1289 2762 1341 2810 bo·

178 2849 257 2900 mine
269 2857 372 2916 natas,
390 2850 491 2902 sedicet
502 2857 595 2925 natura
607 2850 683 2914 doce,
700 2864 748 2916 qua
760 2849 824 2899 duca
835 2863 868 2899 aa
881 2846 973 2899 oblatis
987 2847 1147 2898 extrinsecus
1160 2846 1259 2897 notitiis
1271 2860 1340 2895 mens

179 2940 267 2985 nostra
284 2942 311 2985 et
328 2935 445 2988 notiones
463 2943 489 2986 ot
500 2934 594 2987 indicia
606 2931 740 2998 informat,
761 2933 846 3001 qualia
857 2941 962 3003 propter
973 2934 1038 2985 bane
1049 2947 1151 2984 causam
1163 2931 1237 2984 etiam
1251 2936 1341 2981 natu-

179 3034 232 3071 rae
253 3020 372 3072 iudicia
393 3020 519 3084 dicamur,
535 3018 564 3083 ll,
578 3020 601 3080 2,
614 3021 639 3085 5,
656 3025 863 3087 opponuntnrque
881 3020 1027 3071 commentis
1046 3018 1198 3084 opinionum.
1221 3015 1277 3067 Non
1289 3014 1340 3067 alio

179 3120 255 3157 senso
267 3106 343 3158 otiam
357 3106 449 3171 Stoici,
466 3120 529 3171 qnos
542 3112 642 3157 eonem
654 3104 737 3156 nullas
750 3105 867 3156 notiones
879 3121 894 3155 a
906 3105 1031 3172 principio
1044 3104 1204 3169 ingeneratae
1218 3097 1340 3169 (συμφύ-

179 3208 255 3257 τους,
272 3192 439 3258 angeboren)‚
460 3192 504 3242 sad
521 3191 672 3256 procedente
692 3191 789 3241 domum
803 3197 916 3257 ternpore
927 3190 1005 3241 menti
1016 3197 1135 3255 tanquam
1147 3188 1220 3239 albae
1233 3204 1252 3238 s.
1266 3201 1341 3238 rasae

177 3277 279 3330 tabulae
295 3276 434 3342 inscriptas
446 3276 576 3340 statuisse,
593 3272 735 3346 ἐμφύτους
748 3271 944 3347 repetiuerant
957 3274 1079 3343 φυσικὰς
1090 3275 1201 3330 ἐννοίας
1213 3274 1341 3336 dirarum,

179 3363 302 3416 immerito
319 3370 454 3431 propterea
465 3361 538 3413 irrisi
549 3377 565 3412 a
577 3360 708 3425 Prantlio,
724 3360 815 3413 histor.
829 3362 879 3427 log.
895 3362 906 3411 l
922 3377 945 3427 p.
957 3361 1008 3412 420
1022 3369 1074 3412 not.
1088 3361 1130 3412 59.
1154 3359 1211 3412 Vid.
1223 3358 1298 3422 Diog.
1311 3356 1339 3409 la

179 3448 232 3514 vlt,
253 3450 294 3501 54.
327 3447 456 3501 Plutarch.
471 3448 502 3498 de
513 3447 592 3498 Stoio.
604 3462 658 3516 rep.
670 3463 692 3497 o.
707 3447 747 3497 ll.
779 3447 843 3498 adt.
856 3444 910 3498 Cic.
928 3446 951 3496 d.
966 3461 991 3496 n.
1003 3446 1026 3496 d.
1038 3444 1067 3512 ll,
1080 3448 1106 3507 4,
1119 3445 1165 3510 12,
1188 3445 1230 3496 ubi
1249 3442 1340 3495 Bolbns

180 3534 280 3586 Stoicos
300 3536 426 3602 loquitur:
448 3532 610 3598 „omnibus
631 3533 711 3583 onim
732 3531 872 3582 innatum
892 3537 942 3582 est
961 3538 991 3581 et
1015 3531 1045 3580 in
1060 3532 1161 3582 animo
1179 3531 1271 3598 quasi
1294 3530 1342 3581 in·

179 3620 347 3687 sculptum,
374 3635 445 3673 asso
466 3620 566 3672 deos.“
598 3618 645 3671 Ubi
672 3625 756 3669 antem
778 3618 904 3669 innasci
924 3616 1019 3667 dieitur
1039 3616 1070 3666 de
1091 3616 1166 3666 rebus
1186 3616 1341 3680 ingeneratis

180 3702 368 3774 (συμφύτους),
384 3705 414 3772 fl,
428 3707 468 3771 ta,
481 3707 522 3770 34,
538 3705 648 3757 additum
661 3711 702 3755 est
713 3704 789 3754 etiam
801 3718 817 3754 a
828 3702 995 3768 principio.
1020 3701 1117 3753 Nostro
1130 3701 1200 3765 loco,
1212 3709 1342 3769 postquam

181 3791 300 3842 insitas
318 3791 475 3854 cognitiones
492 3791 609 3843 Velleius
627 3789 705 3856 dirit,
726 3789 796 3839 addit
812 3787 874 3840 illud
891 3788 1021 3839 innatas
1038 3802 1087 3836 non
1099 3786 1175 3837 aliam
1187 3787 1219 3837 ob
1231 3803 1342 3853 canaam,

180 3891 255 3943 quam
275 3883 304 3927 ut
324 3874 435 3927 naturali
456 3877 568 3940 ratione,
590 3883 696 3926 naturae
717 3875 790 3940 qnasi
809 3874 932 3926 instinctu
949 3874 975 3924 in
994 3873 1084 3923 animis
1101 3880 1190 3925 enatm
1206 3874 1341 3941 significet,

181 3963 378 4031 qnandoquidem
400 3963 517 4015 insitae
538 3962 614 4015 otiam
631 3976 677 4013 eae
695 3962 745 4014 dici
762 3964 918 4029 potuissent,
940 3976 1002 4029 quas
1020 3960 1075 4029 quis
1088 3959 1125 4011 ab
1137 3957 1212 4011 aliis
1225 3969 1342 4028 acceptas

179 4050 294 4102 baberet.
327 4047 455 4100 Immerito
475 4049 554 4115 igitur
575 4045 720 4100 Ciceronem
743 4049 958 4117 reprehenderunt
977 4047 1094 4099 Zellerus
1111 4046 1175 4097 illst.
1193 4047 1255 4113 phil.
1272 4044 1340 4096 llll

180 4154 205 4209 p.
218 4135 267 4187 237
281 4144 332 4188 not
346 4136 370 4204 3,
384 4142 411 4187 et
423 4136 465 4202 qni
476 4136 543 4187 bunc
554 4143 649 4186 temere
663 4132 780 4201 nulloque
793 4135 886 4187 iudicio
899 4135 972 4201 sequi
983 4134 1058 4198 solet,
1071 4131 1214 4184 lliibnerus.
1236 4129 1341 4182 Cautius

181 4223 271 4274 saltem
284 4222 446 4273 Stainbortns
467 4220 581 4289 loquitur
602 4220 717 4288 (Eneyel.
737 4221 788 4271 litt.
809 4228 835 4272 et
855 4228 905 4272 art,
920 4221 942 4286 1,
959 4219 991 4271 35
1004 4234 1027 4283 p.
1041 4218 1091 4270 465
1104 4226 1156 4269 not.
1171 4216 1214 4277 82)
1236 4216 1342 4267 videri

182 4306 328 4361 Ciceronem
349 4309 535 4375 congenitas
556 4306 673 4379 notiones
689 4320 822 4385 perperam
839 4304 935 4356 inferre
951 4305 1047 4356 meere.
1071 4302 1224 4353 Prudentius
1236 4301 1342 4353 brandis

183 4392 284 4458 (Gesob.
296 4395 320 4445 d.
332 4393 459 4447 Entrriek.
473 4396 498 4447 d.
511 4410 550 4462 gr.
563 4392 627 4446 Pbil.
641 4390 662 4443 ll
675 4408 698 4457 p.
713 4392 745 4444 li
757 4398 809 4442 not.
825 4392 865 4449 13)
882 4390 1071 4455 congenitas
1083 4389 1128 4439 bas
1142 4388 1258 4439 notiones
1271 4386 1342 4438 Cica-

183 4479 241 4531 roni
254 4480 323 4531 visas
336 4495 392 4532 asse
405 4489 488 4547 negat.
