3290 5142
875 470 917 534 60

400 653 463 716 lam
476 649 648 735 perfunctus
668 656 782 738 prologi
802 656 899 720 officio
918 657 1078 722 Mercurius
1096 657 1133 721 de
1151 676 1238 723 scena
1259 660 1399 738 discedit3
1421 661 1473 724 sed

318 778 446 842 quonam
462 759 592 825 discedet
604 775 666 821 non
680 759 750 821 satis
765 767 880 822 certum
894 767 950 824 est.
979 759 1054 823 Nam
1070 761 1150 843 quod
1165 760 1206 824 ait
1218 781 1246 824 v.
1263 761 1319 826 7⁶:

480 854 550 925 ἀλλ’
571 853 619 936 εἰς
640 853 795 945 δαφνώδη
819 853 922 945 γύαλη
944 854 1094 946 βήσομαι
1115 856 1208 942 rss‘ds,

316 965 416 1044 quaeri
430 971 537 1046 potest,
554 982 698 1045 quaenam
713 964 774 1026 sint
787 964 860 1027 baec
875 958 1031 1049 δαφνώδη
1047 957 1161 1045 γύαλα.
1180 965 1237 1028 dlii
1251 965 1330 1029 enim
1341 967 1479 1030 Permessi

316 1066 460 1130 convalles
475 1067 682 1129 intellexerunt
695 1066 807 1148 templo
830 1067 1021 1148 propinques,
1041 1087 1135 1149 esque
1154 1068 1287 1131 vocabuli
1307 1068 1477 1150 significatio

317 1186 389 1230 sene
413 1168 652 1249 frequentissima
679 1174 725 1230 est
752 1169 922 1250 neminique
942 1169 1057 1251 ignota3
1078 1171 1127 1233 alii
1145 1172 1291 1253 templum
1311 1172 1408 1253 ipsum
1428 1171 1478 1234 illo

317 1263 447 1352 γυάλων
467 1270 588 1333 nomine
602 1268 747 1352 designari
761 1270 872 1345 volunt,
888 1271 998 1353 quippo
1013 1273 1093 1354 quod
1103 1273 1234 1355 potuerit
1248 1274 1337 1337 etiem
1352 1274 1389 1337 de
1403 1291 1479 1354 qno·

316 1371 360 1433 vis
375 1370 440 1435 loco
454 1371 586 1454 undique
600 1379 702 1455 saepto
717 1379 747 1436 et
762 1381 896 1437 contecto
912 1372 978 1447 dici,
995 1374 1247 1453 quemadmodum
1263 1375 1394 1439 thesauri
1407 1377 1436 1439 lu
1451 1395 1478 1438 e.

317 1474 447 1539 aedilicia
462 1475 590 1539 donariis
609 1476 758 1539 servandis
778 1475 924 1538 destinate
943 1471 1065 1555 χρυσοῦ
1087 1471 1229 1558 γέμοντα
1250 1471 1355 1559 γύαλα
1375 1478 1479 1541 dicum-

317 1583 368 1638 tur
380 1576 524 1639 Androm.
545 1579 626 1640 1070
642 1579 815 1657 (1093),²⁴)
835 1584 866 1641 et
886 1577 917 1639 in
936 1576 992 1640 hac
1010 1578 1073 1659 ipsa
1092 1578 1189 1642 fabula
1208 1600 1235 1642 v.
1256 1579 1329 1653 225,
1352 1572 1480 1662 γυάλων

316 1669 502 1763 ὑπερβῆναι
522 1676 628 1764 λευκῷ
649 1674 732 1744 ποδὶ
753 1672 884 1759 [deidei
906 1692 932 1741 ν.
963 1680 1042 1744 243:
1069 1679 1232 1760 μεθεῖσαν
1253 1675 1420 1746 δεσπόται
1436 1703 1481 1764 με

316 1776 402 1842 θεοῦ
424 1774 528 1861 γύαλα
553 1775 628 1846 soid’
655 1774 806 1852 εἰσιδεῖν,
833 1788 909 1844 etv.
930 1781 1007 1843 257:
1036 1770 1076 1844 οὗ
1101 1776 1224 1859 πάντες
1250 1773 1348 1848 ἄλλοι
1374 1779 1481 1869 γύαλα

318 1880 509 1963 λεύσσοντες
528 1881 615 1949 θεοῦ
629 1877 808 1968 χαίρουσιν,
822 1883 948 1947 dubitari
958 1883 1071 1965 nequit,
1086 1885 1156 1966 quin
1165 1885 1320 1970 templum,
1332 1904 1394 1950 non
1408 1905 1482 1951 con-

195 2032 200 2037 ·
318 1990 407 2054 valles
421 1991 541 2072 intelligi
555 1989 689 2052 debeant.
716 1987 828 2060 Quodsi
839 1987 905 2067 quis
921 1994 1021 2051 tamen
1034 1986 1205 2070 Euripidem
1221 1989 1357 2069 ambigue
1371 1990 1480 2072 loquu-

318 2087 383 2155 tum
398 2112 463 2156 esse
477 2091 658 2165 criminetur,
671 2096 852 2171 spectatores
867 2089 985 2171 quidem
1006 2098 1100 2164 certe,
1122 2110 1216 2172 quum
1234 2092 1383 2166 viderent,
1405 2111 1482 2172 quo·

318 2212 387 2257 nam
401 2195 561 2259 Mercurius
575 2194 677 2268 abiret,
693 2193 730 2256 de
739 2191 949 2272 significatione
962 2193 1120 2256 verborum
1131 2211 1228 2257 errare
1239 2211 1302 2256 non
1310 2199 1480 2278 potuerunt.

403 2297 501 2360 Etiam
515 2299 587 2359 inv.
603 2295 659 2357 79:

483 2388 549 2478 6ρῶ
571 2394 631 2480 γὰρ
654 2388 846 2478 ἐκβαίνοντα
867 2388 997 2473 Λοξίαν
1020 2386 1124 2477 γόνον,

319 2502 420 2584 quaeri
433 2519 514 2565 nunc
527 2502 647 2583 qudem
663 2498 856 2580 elegentibus
871 2505 980 2579 potest,
996 2499 1075 2562 unde
1095 2499 1149 2562 lon
1169 2501 1248 2565 exire
1267 2499 1418 2583 putandus
1432 2500 1481 2574 sit,

319 2623 355 2668 ex
370 2605 530 2686 templone,
546 2604 625 2685 quod
640 2602 789 2664 nonnullis
803 2601 898 2664 visum
914 2610 970 2673 est,
992 2619 1030 2664 an
1049 2621 1085 2664 ex
1104 2601 1201 2683 aliquo
1222 2600 1388 2665 bobitnculo
1408 2620 1481 2684 pro·

319 2707 440 2789 pinque,
455 2725 521 2769 ane
535 2704 665 2768 convalle
677 2704 788 2781 vicino,
803 2705 855 2767 sed
869 2703 1085 2788 spectatoribus
1099 2703 1199 2768 locum
1211 2703 1348 2768 disertius
1359 2704 1483 2768 indicari

319 2827 381 2872 non
396 2827 472 2891 opus
489 2815 560 2871 erat
590 2806 681 2870 Nobis
702 2807 772 2887 quid
793 2808 936 2883 videatur,
956 2807 1012 2871 alio
1031 2814 1165 2888 tempore
1185 2806 1408 2888 explicabimus,
1429 2806 1481 2871 ubi

320 2912 357 2975 de
371 2911 506 2993 proximo
520 2910 634 2973 cantico
647 2908 727 2972 lonis
737 2910 933 2974 disseremus:
949 2928 1019 2973 nem
1030 2910 1184 2973 remilium
1195 2917 1241 2972 est
1255 2908 1343 2972 etiarn
1353 2909 1481 2993 reliquos

319 3013 434 3077 tabidae
450 3019 547 3096 partes
563 3012 686 3096 osrptim
700 3011 871 3075 huiusmodi
885 3012 1112 3094 scriptiunculis,
1128 3030 1253 3093 quarum
1273 3012 1358 3076 nobis
1376 3029 1482 3076 neces·

321 3116 391 3179 sitas
406 3115 545 3197 imposita
560 3122 619 3189 est,
641 3120 828 3196 pertractare.
863 3115 950 3178 Nune
969 3121 1068 3177 autem
1088 3133 1124 3177 oo
1144 3120 1378 3196 praevertemur,
1398 3115 1482 3179 cuins

320 3236 408 3282 causa
423 3216 482 3280 lroc
494 3235 683 3299 programma
693 3216 882 3280 scribendum
896 3216 962 3279 luit.

405 3319 566 3383 ludicimns
579 3319 667 3401 igitur
681 3319 767 3401 Regis
781 3318 989 3400 dugmtissimi
1001 3317 1134 3382 natalicia
1148 3318 1195 3381 die
1208 3317 1327 3381 martini
1347 3318 1413 3382 hor.
1427 3317 1482 3381 Xll

321 3422 353 3484 in
367 3421 511 3485 auditorio
522 3422 651 3486 maximo
666 3421 703 3485 eb
717 3422 906 3485 universitate
918 3428 1020 3484 nostra
1031 3419 1212 3491 celebrando,
1231 3437 1402 3502 omnesque,
1414 3421 1483 3502 qui-

320 3540 437 3604 cunque
453 3523 542 3587 rebus
559 3526 668 3588 nostris
687 3525 799 3600 lavent,
820 3524 1008 3605 magistratus
1026 3523 1122 3604 regios
1142 3529 1172 3586 et
1190 3522 1317 3598 urbicos,
1337 3522 1435 3586 civiles
1452 3528 1484 3584 et

321 3626 471 3701 militares,
491 3644 654 3709 omnesque
674 3627 808 3692 omnium
824 3626 961 3689 ordinum
981 3625 1059 3689 cives
1079 3633 1167 3706 atque
1181 3626 1315 3710 hospites
1331 3632 1366 3688 ut
1385 3625 1483 3687 coetui

319 3735 424 3792 nostro
438 3729 608 3810 frequentes
623 3731 725 3794 adosse
742 3730 830 3792 velint
843 3748 901 3811 qua
916 3728 1000 3790 decet
1010 3727 1194 3792 observantis
1208 3734 1238 3791 et
1258 3727 1422 3791 reverentia
1435 3727 1482 3789 in·

321 3831 457 3894 dtamm.

465 3935 613 3999 Debemus
625 3934 869 4018 Gryphisveldiee
882 3932 958 4016 prid.
973 3932 1016 3995 ld.
1031 3932 1135 3995 Octob.
1149 3932 1347 3997 nnuccnn.

389 4102 434 4166 24)
445 4101 490 4153 Sic
501 4112 572 4156 recte
580 4100 704 4155 Miillcrus
712 4103 813 4167 statuit,
823 4101 958 4157 Αεολιεεσλ
971 4100 988 4169 5
999 4102 1059 4166 291,
1070 4102 1098 4165 63
1108 4117 1256 4169 qunmguam
1264 4101 1399 4154 dissentire
1408 4100 1484 4152 vidae

322 4190 494 4242 doctissimum
505 4188 676 4242 wisselerum
693 4190 720 4241 in
731 4188 823 4241 Annsl.
836 4187 896 4254 pbil.
907 4195 934 4240 st
945 4188 1016 4253 psed.
1026 4184 1068 4239 vol
1081 4187 1113 4239 75
1126 4188 1213 4255 (1857)
1226 4203 1249 4253 p.
1261 4188 1319 4240 676.
