3284 5152
739 495 890 590 ΔΗ,

222 681 283 746 Neo
301 678 426 746 aotimm
445 679 572 746 iormam
590 699 646 763 pro
664 680 778 763 passiva
798 680 887 746 nimis
907 679 1095 756 mirabimur,
1117 681 1144 745 ai
1157 681 1382 751 meniinmihrui

222 787 312 848 ειὶεαε
332 778 513 870 ἐπίστρεφε
533 802 587 865 pro
608 776 812 870 ἐπιστρέφου
832 786 890 849 diei
904 785 941 848 ah
956 784 1150 866 Aristophane
1164 786 1250 869 Vesp.
1266 807 1293 850 v.
1309 786 1382 865 426,
1479 844 1481 849 .

224 884 297 955 ἀλλ’
328 885 420 961 ἅπας
448 878 629 970 ἐπίστρεφε
655 882 767 966 δεῦρο,
794 905 883 968 porro
913 878 1133 973 ἀναστρέφειν
1152 888 1306 971 aliquoties
1326 910 1381 974 pro

223 986 496 1078 ἀναστρέφεσθαι
520 1007 566 1070 ap.
587 988 816 1070 Xenophontem
845 991 990 1071 aliosque,
1018 990 1200 1073 omninoque
1218 993 1298 1057 hod
1316 1013 1383 1061 rura

222 1112 287 1161 eaao
306 1096 463 1158 verborum
477 1099 595 1159 motum
610 1090 738 1173 aliquem
754 1093 982 1174 significantium
996 1095 1145 1175 exempla,
1164 1110 1240 1177 qnae
1254 1096 1382 1161 formam

222 1201 346 1264 activam
369 1217 438 1262 oum
452 1194 661 1277 significatione
676 1196 899 1278 reciprocaret,
919 1203 955 1259 ut
969 1213 1049 1260 none
1063 1194 1222 1271 distaedet,
1241 1199 1383 1267 sederim

221 1303 392 1376 exhibeant,
413 1298 578 1379 dequibus
601 1297 637 1360 oi.
658 1296 803 1361 Matthiae.
824 1317 866 1381 gr.
889 1318 931 1381 gr.
954 1299 1051 1375 6466
1071 1308 1102 1363 et
1122 1301 1216 1383 epita.
1237 1303 1272 1366 ad
1289 1304 1381 1386 Soph

221 1406 325 1469 Traoh
341 1423 369 1487 p.
387 1402 496 1477 106⁹).
526 1398 594 1461 Non
613 1417 717 1462 moror
736 1400 824 1482 igitur
846 1402 1030 1466 Badhamnm
1051 1404 1257 1484 ‚‚possimae⁴‘‚
1278 1412 1312 1470 ut
1330 1406 1379 1482 ait,

222 1508 433 1585 „ooniemurae
458 1503 618 1585 pessimam
644 1502 943 1584 interpretationem“
971 1506 1160 1588 sopemiiiosa
1179 1518 1381 1590 respuentem.

221 1612 287 1695 lpse
302 1610 420 1674 unioum
434 1607 491 1671 looi
506 1605 743 1693 emendationem
759 1606 789 1668 in
803 1607 908 1671 litteris
918 1606 1176 1671 termnum
1182 1611 1382 1692 quaerendam

221 1730 286 1777 esse
305 1718 477 1785 autumans,
498 1710 615 1791 qualern
635 1709 712 1772 hane
734 1729 798 1773 esse
819 1719 904 1792 putet
917 1712 949 1773 in
963 1711 1153 1774 annotatione
1168 1714 1304 1778 editioms
1318 1728 1381 1779 non

220 1817 375 1898 eloquitur.
405 1813 525 1876 hiemini
543 1818 642 1875 autem
664 1811 731 1874 aiibi
746 1831 814 1875 eum
829 1813 1021 1896 proposuisse
1036 1810 1157 1899 σηκοὺς
1172 1809 1205 1878 d’
1220 1809 1379 1904 iutptiqrip.

224 1920 361 1983 Ceterum
376 1917 549 1979 Matthiaeua
569 1922 687 1995 recepto
703 1916 792 1979 rerho
808 1909 979 2001 ἐνσερέφει
994 1918 1190 1980 εοειιεειίιιιια
1204 1908 1307 1983 tamen
1321 1911 1382 2004 uq-

220 2018 300 2099 κούς
318 2022 507 2085 retinendum
521 2035 585 2080 esse
600 2018 729 2092 censuit,
748 2036 911 2100 provocans
926 2019 962 2080 ad
977 2021 1111 2101 exempla
1125 2040 1142 2084 a
1156 2040 1221 2085 sese
1234 2010 1265 2084 ir'i
1279 2034 1323 2105 gr:
1338 2032 1381 2106 gr.

194 2128 198 2133 “
219 2124 316 2203 §aad
338 2122 414 2204 (426
429 2120 475 2184 ed.
490 2124 562 2200 seo.)
577 2120 676 2196 adam,
698 2121 729 2184 iu
743 2122 851 2204 quihus
867 2115 1074 2201 ἐμβατεύειν,
1096 2116 1257 2208 ἐμβῆοαι,
1278 2118 1382 2205 ἐμπῖ-

219 2230 316 2292 meo
330 2245 399 2292 oum
413 2224 577 2289 aoousadvo
592 2232 761 2287 constructa
771 2232 850 2298 sunt,
866 2242 995 2306 qnorum
1006 2226 1260 2290 tamentationem
1271 2227 1382 2291 nonni·

218 2331 261 2395 hil
275 2331 420 2393 diversam
435 2346 500 2390 esse
515 2325 647 2389 dixerim.
678 2326 744 2389 Non
759 2328 854 2401 enim,
875 2332 910 2390 ut
923 2327 954 2389 iu
968 2327 1026 2391 hoo
1041 2344 1127 2392 uersu
1142 2322 1327 2414 ἐνόαρέφει,·
1343 2330 1382 2394 de

218 2433 402 2496 morantrhns
417 2429 538 2501 alicubi,
554 2428 604 2491 sed
620 2429 657 2491 de
672 2431 840 2510 petentibus
855 2429 982 2511 adquam
997 2449 1061 2493 rem
1076 2431 1124 2494 iiia
1138 2432 1226 2496 verha
1240 2439 1381 2515 usurpata

220 2537 363 2601 videmus.
392 2533 456 2596 Nisi
476 2533 541 2614 quia
559 2532 648 2594 etiam
671 2532 729 2596 hoo
748 2533 814 2596 Ιοεο
833 2525 1007 2617 ἐνοιρέφει
1025 2534 1044 2597 i.
1060 2551 1090 2615 q.
1107 2535 1300 2599 devertere
1315 2548 1380 2601 esse

219 2639 311 2714 dicat,
332 2647 363 2702 et
380 2653 520 2720 praesens
541 2653 595 2716 pro
616 2635 772 2714 praeterito
794 2635 925 2715 positum
945 2636 1074 2716 accipiat
1093 2671 1138 2683 -
1157 2632 1200 2701 De
1214 2630 1379 2719 Trophonii

220 2742 339 2806 oraculo
358 2740 389 2803 in
409 2754 532 2802 caverna
546 2736 623 2819 apid
644 2738 807 2802 Lebadeam
829 2739 899 2801 satia
918 2737 1031 2801 dietum
1051 2745 1097 2802 est
1114 2740 1146 2803 in
1159 2740 1315 2824 Antiquitt
1337 2758 1380 2823 gr.

218 2851 291 2907 tom.
311 2843 381 2925 idp.
397 2842 533 2924 diisqq.
563 2841 701 2917 Carnam,
723 2860 777 2905 our
795 2844 918 2907 maritus
939 2862 975 2906 eo
991 2826 1165 2920 deverterii‚·
1178 2845 1287 2908 theom
1299 2843 1378 2907 iddi-

219 2955 266 3010 cat
281 2966 307 3010 r.
324 2945 400 3009 315:

384 3045 504 3111 Κοίνου
526 3052 562 3108 τε
586 3044 713 3124 Φοίβου
735 3037 777 3108 θ’
798 3037 833 3109 ἓν
854 3042 962 3111 θέλειν
982 3047 1108 3127 μαθεῖν
1128 3038 1220 3123 ἐπες.

218 3134 331 3235 Nempe
350 3150 486 3232 sperabat
507 3146 622 3211 Xuthus
643 3148 721 3211 idem
741 3156 771 3212 et
790 3148 997 3231 Trophonium
1017 3156 1051 3213 et‘
1067 3150 1238 3233 dpomdem
1253 3136 1377 3233 idap'mt·

218 3266 322 3319 duriam
336 3262 415 3326 esre,
432 3268 492 3333 quo
506 3248 583 3313 iacto
598 3251 705 3313 o'ertior
719 3250 808 3342 etiam¹
822 3266 891 3333 apes
904 3252 982 3315 ieret
996 3256 1127 3317 eventus.
1157 3254 1218 3318 Ne‘e
1231 3236 1299 3323 rarle
1314 3254 1344 3317 id
1359 3258 1376 3316 d

218 3357 363 3419 veteribus
377 3354 498 3427 iactum,
514 3360 547 3415 ut
562 3349 660 3434 pihres
676 3353 712 3414 de
726 3353 830 3417 unare
843 3355 915 3418 deos
927 3354 1124 3429 eons'nierent',
1140 3358 1220 3420 velut
1230 3376 1247 3420 a
1258 3357 1378 3431 Ciuesd,

216 3460 252 3522 de
268 3472 327 3541 quo
341 3458 401 3521 vid.
416 3456 556 3519 Herodot.
572 3455 595 3529 1,
612 3454 663 3517 64.
679 3489 723 3501 -
736 3455 771 3518 In
785 3458 922 3537 proximo
937 3456 1015 3520 lonis
1030 3446 1117 3520 vers'h
1132 3457 1212 3522 did:

395 3557 529 3638 καρποῦ
550 3548 582 3619 δ’
605 3547 690 3638 ὖπέρ
713 3555 773 3643 γῆς
792 3551 883 3644 ἥκετ’
905 3550 927 3643 ἢ
949 3551 1081 3621 παίδων
1103 3553 1198 3644 πέρις

217 3664 305 3727 verbo
326 3663 430 3726 saltem
450 3659 617 3723 notandum‘
634 3668 773 3741 putamus
793 3660 946 3743 utriusque
968 3661 1196 3743 praepositionis
1207 3662 1378 3739 dis'otimen‘,

217 3768 297 3851 quod
315 3767 396 3848 attigi
411 3762 531 3846 quidem
545 3762 577 3824 in
592 3781 701 3825 comm.
717 3764 753 3826 ad
767 3764 881 3827 haeum
898 3784 925 3846 p.
943 3764 1021 3836 234,
1042 3782 1098 3829 neo
1110 3763 1215 3828 tamiri
1224 3764 1319 3849 prada·
1326 3782 1379 3830 ex-

215 3869 310 3934 hausi.
336 3864 399 3930 ileo
412 3866 511 3928 autem
526 3864 591 3928 lodo
603 3863 730 3926 dixerim
737 3858 821 3948 drie'p
833 3860 967 3928 παίδων
980 3865 1020 3931 ita
1032 3867 1153 3930 demum
1165 3864 1222 3932 diei
1234 3866 1378 3950 potuisse.

215 3972 241 4035 si
262 3988 328 4034 esse
347 3968 491 4051 quosdam
513 3966 638 4031 Creusae
660 3973 690 4029 et
703 3967 796 4030 Xuthi
815 3966 922 4031 hhdros
937 3969 990 4032 ion
1011 3978 1226 4052 praesumeret,
1249 3968 1378 4054 qnordhi

217 4090 304 4137 eausa
324 4069 480 4136 oraculum
497 4068 624 4146 adirent3
643 4086 724 4133 nuno
743 4080 859 4147 autem,
881 4078 977 4152 qaum
992 4072 1021 4135 id
1042 4072 1074 4135 iti
1093 4072 1205 4137 inher'to
1226 4073 1280 4149 sit,
1298 4064 1380 4157 περί

217 4191 397 4201 μη-..---,.
407 4192 416 4198 .

285 4239 312 4303 o)
329 4238 403 4305 Apud
414 4238 528 4309 Thueyd
542 4238 561 4304 1,
573 4238 619 4303 61,
636 4239 702 4307 quud
717 4239 743 4291 in
761 4239 889 4292 ondloihns
902 4240 1087 4309 scriptumest,
1104 4204 1237 4311 edestam
1247 4238 1378 4312 lump(-

219 4332 323 4391 ψαντες
333 4351 368 4362 -
379 4320 549 4394 ἐπορεύοντο
561 4320 631 4377 κατὰ
644 4323 697 4393 γὴν
708 4323 782 4395 πρὸς
793 4325 843 4390 τὴν
855 4323 1025 4411 Ποτξέαιαν,
1036 4322 1376 4462 1(ὼίἐιιρρρριίεραντερρρα

218 4404 437 4478 ἐπιστραφέντες
447 4410 542 4461 ἀίοισα
554 4409 702 4476 pntahatur,
719 4426 784 4462 nuno
796 4416 918 4462 remotum
930 4400 973 4462 εει
981 4410 1123 4464 certissima

218 4484 320 4546 datioio
332 4488 380 4549 ini
391 4478 533 4569 irpdpde'.

1156 4410 1282 4479 inqqorrii
1294 4424 1378 4463 amen·
