3284 5152
796 471 948 569 Aa.

285 665 403 727 ttmlum
417 658 515 725 uiuere
528 661 640 743 potuit,
655 660 685 723 b.
701 678 727 723 e.
741 658 778 722 de
792 657 892 723 liberis
905 661 967 724 sire
981 662 1041 724 iam
1055 661 1141 725 editis
1154 662 1215 724 sive
1230 661 1376 744 expetitis.
1407 662 1450 726 lle

288 764 421 847 bugibus
436 782 521 839 vero,
542 782 617 845 quoe
631 761 703 844 quio
717 770 818 825 essent
830 762 957 827 dubitmi
971 781 1033 827 non
1047 764 1161 847 potuit,
1175 771 1256 829 seete
1269 754 1356 848 ὑπέρ
1366 764 1451 839 dioit

293 866 448 931 sieousuli
462 867 613 930 oraculum
628 862 788 929 arbitretur
801 863 838 926 de
852 863 929 927 laeto
943 883 1045 928 earum
1060 873 1215 948 proventu.

376 967 440 1032 lam
453 969 572 1043 &susa
588 985 681 1050 quum
696 966 750 1029 lou
763 966 962 1049 interrogandi
976 967 1067 1031 linem
1080 967 1176 1041 faust,
1191 968 1255 1049 ipse
1269 969 1354 1051 pueri
1367 969 1450 1051 inge-
1508 934 1512 943 Ι

290 1071 404 1137 auios
423 1078 507 1153 eapte
528 1078 712 1148 matremque
726 1067 792 1133 eius
805 1067 922 1131 beatam
938 1068 1123 1150 praedicans,
1145 1069 1212 1151 quis
1227 1069 1266 1133 ait
1278 1070 1449 1154 interroget

291 1190 444 1255 quamque
458 1192 491 1236 se
506 1173 553 1236 dei
566 1188 684 1236 servum
702 1187 765 1233 esse
779 1169 967 1251 respoudeat,
980 1188 1086 1235 russas
1101 1170 1347 1252 queritabat:

227 1314 231 1321 =
498 1265 659 1359 ἀνάθημα
680 1265 813 1346 πόλεως
833 1262 856 1355 ἤ
876 1290 967 1348 τινος
988 1267 1136 1357 πραθεὶς
1156 1263 1243 1349 rino,-

287 1378 320 1443 b.
335 1396 360 1441 e.
376 1376 564 1442 dedioatusrre
578 1375 614 1439 ab
629 1377 725 1458 aliqua
739 1375 856 1439 civitate
869 1391 908 1436 an
921 1390 1030 1438 venum
1045 1371 1154 1437 datus?
1176 1375 1289 1457 Nempe
1301 1367 1448 1458 ispddoo-

287 1476 359 1555 ius,
379 1481 496 1561 qualem
518 1498 551 1543 se
565 1479 619 1542 len
637 1477 788 1561 professus
807 1479 883 1551 erat,
904 1475 952 1539 bis
970 1477 1086 1540 duobus
1105 1477 1203 1541 modis
1222 1478 1286 1542 lieri
1300 1479 1443 1545 solebant.

290 1574 467 1667 Ἅνάθημα
485 1581 571 1663 vulgo
591 1580 628 1643 de
647 1580 736 1643 rebus
755 1596 840 1642 sauro
860 1578 981 1653 dicatis,
1001 1596 1069 1642 raro
1089 1578 1127 1641 de
1146 1580 1316 1645 bominibus
1331 1582 1447 1659 dieitur,

289 1702 346 1748 uso
366 1685 494 1748 altermu
514 1682 603 1745 buius
622 1698 695 1745 usos
714 1679 883 1760 exemplum
902 1696 983 1742 nune
1001 1680 1122 1761 quidem
1142 1680 1175 1744 iu
1187 1691 1329 1765 promptu
1341 1684 1446 1749 babeo.

289 1788 314 1849 Α
328 1784 493 1850 christianis
507 1775 665 1865 α’ναῖθιμα
674 1782 731 1845 diei
742 1787 847 1845 nutum
858 1787 904 1844 est
915 1781 951 1843 de
961 1781 1142 1858 homiuibus,
1159 1785 1211 1847 sed
1221 1804 1311 1849 sensu
1322 1787 1447 1852 diverso.

291 1888 500 1969 stabiliuntur
522 1885 604 1949 enim
623 1885 665 1960 ei,
692 1901 819 1967 quorum
840 1883 962 1947 uomina
982 1902 1049 1948 orem
1070 1888 1270 1950 exsecratione
1289 1888 1321 1951 in
1339 1888 1448 1955 tabulis

286 2091 325 2165 ld.
340 2111 370 2173 p.
386 2090 437 2166 96,
453 2090 504 2154 28.
533 2089 575 2151 De
596 2087 763 2152 conditione
784 2095 884 2151 autem
900 2104 1019 2159 eorum,
1041 2090 1090 2170 qui
1106 2079 1293 2173 ἱερόδουλοι
1307 2093 1448 2157 dioepm.

286 2200 351 2270 tur,
371 2193 443 2257 satis
462 2192 523 2255 dixi
536 2192 567 2253 in
582 2190 738 2272 Antiquitt.
752 2208 795 2271 gr.
810 2197 885 2252 tom.
901 2189 958 2272 lp.
977 2190 1036 2252 143
1052 2198 1081 2253 et
1094 2191 1121 2255 ll
1135 2210 1163 2274 p.
1179 2194 1257 2270 210,
1278 2213 1354 2278 quae
1367 2213 1448 2260 nunu

285 2304 420 2380 repetere
434 2312 496 2358 non
511 2312 586 2377 opus
601 2300 656 2355 est

282 2440 287 2473 ς
371 2400 426 2462 lou
446 2416 541 2480 quum
561 2415 594 2460 se
608 2413 664 2460 neo
678 2395 715 2458 de
729 2394 899 2477 parentibus
913 2394 975 2457 suis
990 2411 1045 2459 neo
1058 2414 1119 2479 quo
1133 2397 1222 2461 modo
1236 2398 1267 2462 io
1282 2400 1358 2465 bauo
1372 2419 1449 2465 con·

283 2501 429 2565 ditionem
453 2500 590 2563 redactus
610 2497 649 2561 sit
670 2497 830 2578 quidquam
845 2501 1031 2578 compertum
1045 2493 1152 2562 babe're
1166 2502 1334 2583 respondit,
1354 2504 1448 2568 mise·

283 2608 349 2669 raia
361 2604 425 2669 eius
439 2607 551 2667 sortem
568 2600 717 2665 Creusae
733 2597 795 2660 325
1369 2686 1374 2695 ι

289 2746 293 2753 -
347 2772 351 2781 ,
399 2697 495 2790 ἡμεῖς
515 2694 549 2765 u'
573 2691 629 2784 ἆρ’
653 2689 767 2776 αὖθις,
782 2700 888 2781 iuquit,
911 2686 939 2764 σῖ
960 2692 1034 2778 ξέν’,
1057 2693 1329 2789 desolandum,

284 2794 444 2890 respicieus
458 2805 570 2871 scilieet
583 2804 620 2867 ad
634 2803 715 2867 lonis
729 2801 831 2876 umba,
851 2822 878 2865 v.
895 2802 972 2879 319,
993 2803 1099 2885 quibus
1114 2805 1162 2870 ille
1177 2806 1273 2888 ipsam
1287 2809 1447 2875 miseratus

286 2916 357 2972 erat
387 2909 509 2985 Quaerit
523 2907 637 2982 deinde,
653 2906 705 2970 ubi
718 2905 844 2969 habitet:

451 3058 456 3065 .
486 3012 597 3075 ναοῖσι
619 3001 654 3072 ‹l’
677 3001 779 3083 eisaie
799 2998 926 3070 ταισίδ’
947 2995 970 3091 ἢ
989 3002 1075 3071 κατὰ
1097 3003 1233 3091 στέγαις

285 3113 335 3179 Sie
349 3114 428 3179 euim
443 3122 614 3196 corruptam
628 3112 766 3178 eodioum
779 3109 971 3191 scriptoram,
990 3107 1101 3173 ναοῖσι
1117 3101 1149 3172 δ’
1165 3102 1267 3190 oiseis
1280 3110 1393 3181 ταῖσδέ
1406 3109 1445 3201 7³,

282 3225 352 3301 post
366 3216 577 3313 palaeorum
596 3233 702 3280 omnes
722 3212 926 3277 emendarunt
955 3211 994 3274 Et
1013 3229 1084 3276 saue
1104 3212 1238 3297 ineptum
1252 3226 1299 3282 est
1313 3212 1363 3300 γέ,
1383 3237 1446 3284 non

284 3337 345 3401 quo
359 3320 458 3383 nudus
473 3318 561 3382 buius
575 3316 734 3400 particulae
747 3316 779 3378 in
793 3314 1000 3395 interrogando
1015 3315 1097 3378 locus
1111 3316 1164 3391 sit,
1180 3318 1232 3380 sed
1247 3320 1327 3401 quod
1341 3338 1375 3383 a
1388 3322 1444 3385 qd.

286 3420 347 3482 dita
367 3420 410 3482 sio
424 3420 596 3501 loqueretur
610 3419 733 3495 meuse,
753 3435 788 3481 ac
802 3417 945 3480 silonem
961 3416 992 3478 in
1005 3415 1061 3479 buo
1075 3416 1195 3497 quidem
1208 3430 1287 3485 eerte
1301 3424 1374 3487 aede
1388 3424 1444 3489 bs·

281 3521 376 3585 bitere
390 3530 515 3604 putaret
530 3522 559 3584 id
574 3522 655 3605 quod
670 3519 831 3584 absurdum
842 3537 906 3582 esse
917 3527 1046 3600 apparet
1072 3517 1194 3584 Miretur
1203 3531 1303 3587 autem
1316 3524 1443 3591 tortasse

283 3621 388 3705 aliquis
403 3623 502 3705 ipsum
515 3623 586 3687 illud
601 3622 722 3697 ναοῖσι,
737 3620 885 3704 siquidem
899 3614 979 3682 ναόν
992 3621 1110 3704 proprie
1125 3624 1228 3688 oollam
1240 3645 1306 3691 esse
1316 3635 1442 3705 coastat,

281 3725 314 3789 iu
327 3744 384 3807 qrsa
399 3743 493 3808 mum
507 3725 555 3788 dei
568 3725 759 3789 simulacrum
773 3723 903 3807 positum
919 3731 1011 3798 esset,
1026 3725 1163 3789 homines
1178 3745 1296 3809 quoque
1310 3728 1441 3797 habitere

281 3827 416 3909 potuisse
439 3845 528 3891 nemo
556 3827 640 3892 iaeile
662 3827 770 3891 eredat.
804 3825 1016 3889 Removebitur
1032 3835 1135 3891 tamen
1155 3829 1230 3894 baeo
1248 3832 1390 3909 offensio,
1413 3835 1441 3898 si

280 3930 461 4011 reputaveris
474 3929 580 4013 plurali
593 3947 718 3994 numero
733 3928 845 3992 ναοῖσι
858 3945 920 3993 non
934 3928 1033 3991 solum
1047 3929 1141 4011 ipsam
1153 3931 1266 4007 cellam,
1282 3952 1357 4015 quae
1368 3954 1440 4017 pro·

280 4030 345 4113 prie
364 4025 443 4108 ναός
462 4032 626 4105 dioebutur,
646 4033 698 4097 sed
719 4031 864 4113 templum
884 4031 1055 4095 universum
1069 4034 1225 4116 significari
1239 4036 1387 4119 potuisse,
1407 4038 1440 4101 ia

281 4133 366 4196 euius
380 4134 476 4216 aliqua
490 4145 572 4218 parte
587 4135 687 4198 minus
700 4151 783 4197 saera
796 4140 828 4194 et
840 4132 975 4214 religiosa
989 4150 1051 4196 uon
1065 4134 1257 4216 improbabile
1270 4150 1317 4202 est
1330 4159 1437 4223 perpe·

279 4240 349 4297 tuae
363 4253 397 4297 ao
410 4236 599 4316 diligentioris
614 4235 764 4299 custodiae
778 4253 864 4298 musa
878 4253 972 4297 unum
986 4243 1038 4297 aut
1049 4237 1174 4300 alterum
1184 4258 1221 4302 ex
1231 4242 1438 4307 ministrorum

278 4352 405 4430 pomero
424 4337 515 4401 etiam
533 4337 665 4400 babitare
683 4336 803 4401 solitum
823 4355 897 4401 esee.
927 4337 1106 4420 Plerumque
1120 4346 1221 4404 tamen
1235 4344 1437 4408 sacerdotibu⁸

278 4437 400 4524 diisque
416 4458 569 4508 mororum
590 4438 734 4505 ministrie
753 4439 884 4503 seiuncta
903 4460 921 4504 a
934 4440 1046 4523 templo
1061 4440 1224 4510 babitaoub
1238 4446 1270 4511 iu
1283 4443 1347 4512 eiua
1360 4464 1436 4512 oon·
