3284 5152
368 1580 790 1674 lllllllllDllEllSlOllES
821 1582 885 1672 ln
916 1580 1237 1675 ARISTOPHANIS
1269 1579 1439 1674 Acutu-

806 1740 979 1833 NENSES.

404 1990 488 2071 Apud
503 1991 738 2072 Aristophanem,
753 1991 876 2052 Acharn.
891 2010 917 2051 ν.
934 1992 1023 2063 1150,
1039 1992 1146 2053 chorus
1158 1990 1364 2055 Antimachum
1382 2009 1476 2071 quen-

320 2094 387 2155 dam
403 2101 571 2155 exsecratur
584 2092 630 2154 his
646 2093 756 2154 verbu:

363 2188 558 2273 Ἀντίμαχον
584 2190 640 2257 τὸν
666 2187 822 2268 mandem
843 2190 899 2257 τὸν
921 2189 1091 2278 ξυγγραφῆ
1112 2190 1169 2255 τόν
1190 2189 1312 2272 μελέων
1335 2189 1477 2279 ποιητήν

362 2287 406 2370 (ὃς
426 2292 486 2376 μὲν
508 2294 607 2378 ἁπλῷ
628 2291 716 2381 λόγῳ
738 2297 848 2370 κακῶς
869 2289 1048 2371 ἐξολέσειεν
1070 2286 1089 2357 ὁ
1112 2288 1204 2370 Ζεύς.

319 2399 370 2459 sed
385 2400 421 2459 de
435 2398 556 2460 veritate
570 2398 702 2462 lectionis
718 2400 748 2461 in
763 2417 850 2461 versu
861 2398 967 2480 primo,
983 2393 1040 2459 τὸν
1052 2393 1230 2482 ξυγγραφῆ,
1246 2398 1389 2461 dubitatio
1400 2416 1477 2461 non·

318 2500 405 2562 nullis
421 2500 525 2562 iniecto
539 2508 583 2562 est
598 2510 768 2583 propterea,
790 2501 869 2582 quod
885 2517 982 2580 neque
997 2518 1136 2563 mensura
1152 2519 1252 2563 versus
1267 2502 1336 2564 satis
1351 2518 1476 2582 respon·

316 2604 397 2666 deret
412 2603 622 2684 antistrophico
638 2623 664 2664 v.
686 2606 694 2662 t
708 2605 778 2664 161:

355 2708 454 2768 boire
475 2698 535 2784 μὲν
557 2696 646 2789 αὐτῷ
667 2701 769 2766 κακὸν
792 2699 835 2778 ἕν,
858 2692 945 2790 κᾷθ’
968 2699 1077 2787 ἕτερον
1099 2700 1281 2788 νυκτερινὸν
1303 2699 1442 2785 γένοιτο,

316 2809 425 2891 quippe
445 2826 537 2887 quum
559 2826 613 2887 pro
630 2807 816 2881 choriambo,
836 2827 926 2888 quem
942 2808 972 2869 in
987 2807 1044 2870 hoc
1058 2825 1145 2870 versu
1161 2814 1309 2869 servatum
1323 2807 1477 2879 hahemus,

317 2898 396 2994 κᾷθ’
412 2902 531 2993 ἕτερον,
546 2909 576 2970 in
591 2909 742 2990 superiore
756 2909 806 2971 illo
822 2909 976 2986 diiambus,
992 2906 1051 2972 cdv
1066 2905 1235 2992 ξυγγραφῆ
1249 2910 1296 2981 sit,
1312 2926 1408 2989 neque
1422 2907 1479 2970 hoc

318 3014 414 3092 ipsum
438 3012 589 3091 epitheton
617 3030 676 3090 quo
704 3011 793 3072 modo
818 3012 955 3094 explicari
976 3011 1131 3074 commode
1152 3020 1254 3090 posset
1273 3010 1477 3091 intelligerent.

316 3115 397 3176 Hanc
417 3114 456 3175 ob
476 3132 593 3176 causam
612 3113 770 3174 Elmsleius
792 3114 849 3176 hoc
867 3122 1008 3197 tanquam
1029 3114 1173 3194 glossema
1195 3113 1341 3192 quoddam
1364 3132 1478 3193 expun-

316 3217 459 3296 gendum,
481 3215 692 3279 restituendam
707 3223 805 3276 autem
822 3216 977 3295 genuinam
993 3216 1166 3295 scripturam
1182 3214 1258 3277 hane
1272 3234 1336 3277 esse
1351 3216 1477 3298 putavit:

316 3312 373 3379 τὸν
394 3311 511 3397 μέλεον
532 3318 595 3378 τῶν
616 3309 739 3396 μελέων
762 3313 918 3403 ποιητήν,
939 3336 1031 3398 eaque
1053 3316 1220 3380 coniectura
1235 3335 1294 3380 non
1310 3318 1400 3379 modo
1416 3318 1479 3380 eius

318 3419 452 3500 populari
466 3419 599 3482 [lobraeo
613 3419 731 3502 placuit,
748 3422 798 3501 qui
813 3440 878 3483 earn
894 3419 1102 3483 dexterrimam
1114 3427 1207 3492 vocat,
1222 3420 1275 3481 sed
1286 3420 1423 3501 adoptata
1433 3428 1480 3482 est

316 3523 404 3583 etiam
424 3541 439 3582 a
460 3522 642 3583 nostratibus
657 3522 773 3585 duobus
788 3523 877 3585 huius
892 3521 1005 3585 tabulae
1022 3522 1198 3595 editoribus,
1223 3521 1341 3584 biberto
1356 3521 1477 3584 lldllero

316 3631 345 3685 et
359 3624 547 3686 Woldemaro
563 3624 738 3699 llihbeclrim
761 3625 807 3688 alii
824 3632 934 3697 contra,
951 3634 980 3686 et
995 3625 1163 3707 nuperrime
1180 3623 1298 3704 quidem
1315 3623 1390 3685 Guil.
1406 3623 1478 3684 llin-

316 3727 442 3799 dortius,
464 3726 601 3788 traditam
616 3729 653 3789 ab
668 3728 806 3790 omnibus
821 3727 970 3790 codicibus
984 3727 1140 3790 lectionem
1156 3725 1212 3788 sihi
1226 3726 1398 3787 servandam
1413 3744 1479 3787 esse

315 3828 524 3890 iudicavemnt.
555 3829 592 3892 Et
611 3839 690 3892 recte
711 3829 845 3908 quidem:
866 3847 934 3892 nam
955 3848 1052 3910 neque
1071 3829 1130 3891 ulla
1151 3827 1309 3911 probabilis
1325 3845 1411 3891 eausa
1426 3848 1478 3890 cx·

315 3931 412 4010 putari
431 3939 543 4012 potest,
564 3950 622 4012 qua
633 3940 786 4014 permotus
803 3931 906 4011 aliquis
921 3932 1078 4011 glossator,
1100 3939 1244 4013 expuncta
1259 3948 1327 3993 vera
1342 3931 1477 4003 lectione,

315 4026 346 4092 in
366 4051 423 4112 qua
443 4033 516 4095 nihil
531 4033 699 4096 otlensionis
715 4040 792 4106 erat,
814 4033 872 4095 tale
886 4032 1032 4112 glossema
1049 4068 1088 4077 -
1105 4035 1183 4113 quod
1198 4051 1236 4096 ne
1250 4032 1396 4114 glossema
1411 4034 1477 4113 qui-

315 4134 381 4195 dem
397 4142 476 4196 recte
490 4135 628 4218 appellari
642 4143 749 4216 potest,
764 4135 989 4207 -intruserit,
1005 4143 1036 4196 et
1051 4135 1247 4216 aequabilitati
1263 4152 1437 4208 mensurae,
1452 4136 1478 4196 si

315 4236 433 4316 quidem
454 4236 583 4317 singulos
603 4239 680 4299 inter
695 4258 727 4299 se
742 4236 832 4319 pedes
847 4236 878 4298 in
893 4238 1014 4319 stropha
1030 4245 1060 4299 et
1074 4238 1257 4321 antistropha
1272 4238 1377 4318 utique
1391 4256 1480 4300 exae-

315 4338 447 4419 quandos
461 4339 553 4401 fuisse
567 4339 732 4412 statuimus,
748 4339 830 4401 focile
846 4339 998 4402 consulere
1018 4340 1180 4423 poterimus
1191 4340 1397 4402 emendatione
1410 4359 1477 4402 om-

315 4441 398 4504 nium
418 4440 581 4514 lenissima,
603 4437 659 4506 καὶ
679 4435 837 4523 θάτερον,
857 4442 936 4522 quod
958 4460 1018 4506 non
1043 4444 1140 4506 minus
1162 4462 1252 4525 quam
1267 4443 1337 4506 illud
1353 4443 1479 4506 alterum
