3276 5144
815 481 967 580 Q-

310 677 413 735 crorto
427 669 603 734 sententiam
618 670 834 752 pronmtiat.⁷)
864 670 957 752 igitur
969 670 1065 733 littera
1076 676 1228 752 postrema
1242 672 1272 735 h.
1281 691 1307 735 a.
1319 673 1471 737 decaubta

309 773 442 836 enclitica
457 793 495 837 ce
506 775 636 837 detracta
646 774 727 856 quod
737 779 829 837 restat
843 773 876 835 ci
892 793 918 836 v.
929 773 965 837 lri
979 773 1016 836 ab
1030 774 1122 837 altero
1134 775 1311 856 pronomine
1326 777 1387 858 qui
1401 795 1470 858 per·

309 876 439 959 paullum
455 877 572 939 differre
586 884 716 958 apparet.
751 875 853 956 Neque
874 895 944 939 vero
959 877 1170 958 significatione
1190 878 1337 960 primitiva
1356 879 1471 943 diversa

308 979 400 1042 brisso
425 979 546 1042 dicenda
560 985 631 1043 sunt
643 979 798 1041 relativum
814 977 918 1060 quiet
939 978 1204 1043 demonstrativum
1218 980 1302 1044 hi·o
1320 988 1371 1044 aut
1384 990 1471 1045 vetu-

309 1083 384 1145 stius
399 1083 470 1145 illud
485 1083 536 1145 lri:
551 1100 622 1145 nam
636 1081 739 1144 relatio
753 1099 872 1163 quoque
888 1081 1102 1145 demonstratio
1118 1083 1262 1164 quaedam
1277 1091 1339 1159 est3
1366 1091 1396 1147 et
1408 1085 1470 1147 elc-

308 1192 445 1247 mentum
465 1185 536 1248 illud
556 1184 702 1266 gutturale
721 1184 839 1264 utrique
859 1202 1018 1247 commune
1038 1186 1127 1247 etiam
1143 1186 1175 1247 in
1189 1185 1253 1249 aliis
1268 1188 1470 1268 compluribus

308 1296 427 1350 nostrae
441 1287 471 1349 b.
487 1309 511 1351 e.
528 1286 782 1367 indogermanicac
798 1287 925 1350 familiae
939 1287 1046 1368 linguis
1063 1288 1301 1351 demonstrativis
1315 1291 1469 1372 pronomi-

308 1390 395 1453 nibus
410 1390 552 1471 tingendis
568 1388 708 1452 inservire
722 1387 866 1463 videmus,
881 1398 916 1463 ut
927 1391 1117 1453 manifestum
1127 1391 1176 1465 sit,
1188 1391 1219 1453 in
1230 1392 1287 1455 boc
1297 1410 1359 1454 non
1371 1393 1470 1456 minus

309 1510 398 1574 wara
413 1493 443 1555 in
459 1492 567 1555 dentali
582 1493 602 1554 d
615 1499 666 1554 aut
679 1501 700 1566 t,
721 1492 801 1573 quod
821 1491 888 1554 alibi
906 1491 938 1553 in
952 1491 1123 1555 huiusmodi
1137 1495 1363 1574 pronominibus
1385 1515 1469 1559 corn·

307 1602 399 1678 paret,
426 1596 531 1678 priscis
553 1594 609 1657 illis
628 1594 811 1669 bominibus,
836 1593 914 1657 inter
934 1612 1010 1675 quos
1031 1594 1198 1676 linguarum
1211 1597 1293 1660 initia
1309 1606 1374 1661 orta
1388 1606 1468 1674 sunt,

307 1699 470 1761 naturalem
487 1698 636 1779 quandam
647 1696 869 1760 demonstrandi
880 1697 939 1760 vim
954 1697 1050 1761 inesse
1061 1699 1154 1761 visam
1165 1718 1240 1762 esse.
1253 1734 1295 1746 -
1306 1701 1363 1763 Sed
1375 1719 1470 1783 quum

307 1821 344 1864 ex
368 1801 472 1864 iisdem
493 1801 646 1864 elementis
665 1800 741 1863 iacta
756 1802 933 1882 pronomina
947 1800 1037 1864 etiam
1052 1802 1206 1865 indefinita
1220 1810 1251 1865 et
1265 1803 1470 1884 interrogativa

307 1922 372 1967 esse
397 1904 554 1978 videamus,
582 1922 687 1985 operae
700 1901 835 1985 ‘pretium
861 1911 907 1967 est
931 1905 1004 1967 hacc
1022 1905 1100 1967 varia
1122 1905 1343 1986 significationis
1363 1925 1470 1987 genera

306 2006 404 2088 paullo
427 2008 590 2070 accuratius
610 2006 806 2082 considerare,
829 2024 1002 2088 erroresque
1022 2015 1193 2090 pervagatos
1208 2008 1364 2090 corrigere.
1392 2008 1470 2073 Nam

305 2109 436 2191 plerique
452 2110 584 2192 proprias
600 2111 742 2191 quasdam
757 2111 863 2193 stirpes
878 2110 1098 2192 interrogativas
1112 2111 1205 2174 luisse
1217 2113 1384 2193 opinantur,
1399 2112 1430 2173 h.
1442 2132 1468 2175 e.

307 2231 382 2293 quae
398 2213 536 2294 primitus
550 2213 748 2295 interrogandi
761 2214 822 2275 vim
837 2212 1002 2288 habuerint,
1021 2213 1099 2277 unde
1114 2215 1290 2297 pronomina
1304 2215 1470 2295 interroga·

275 2310 280 2319 ’
306 2316 365 2379 tiva
379 2323 466 2397 atque
480 2316 550 2378 hinc
564 2317 685 2379 demum
701 2312 853 2379 indefinita
867 2315 1038 2397 prodierint,
1062 2317 1163 2399 quales
1184 2336 1238 2398 ego
1253 2317 1359 2398 stirpes
1374 2318 1470 2381 malles

306 2436 356 2507 me
370 2436 527 2500 agnoscere
538 2436 625 2499 posse
636 2419 713 2480 sicut
724 2418 835 2481 dudum
846 2418 997 2503 professus
1008 2438 1086 2495 sum,
1101 2421 1145 2483 sic
1154 2419 1300 2501 hodieque
1315 2420 1467 2500 profiteor.

390 2521 444 2583 Aio
459 2521 548 2602 igitur
567 2538 726 2583 commuue
745 2520 852 2584 harum
872 2523 1008 2584 omnium
1028 2521 1275 2602 significationum
1290 2522 1469 2604 principium

306 2643 371 2687 esse
392 2624 685 2698 demonstrationem,
712 2642 787 2705 quae
808 2643 901 2706 quum
917 2626 1003 2688 variis
1023 2625 1120 2688 modis
1140 2632 1356 2707 temperaretur
1369 2632 1403 2688 ut
1416 2633 1470 2688 ant

304 2728 411 2791 iortior
424 2735 503 2792 esset
516 2748 550 2790 ac
564 2728 710 2801 disertior,
726 2733 776 2790 aut
791 2747 896 2791 manca
910 2737 939 2791 et
953 2729 1132 2811 imperfecta,
1154 2736 1206 2791 aut
1225 2747 1293 2792 cum
1308 2728 1469 2811 cupiditate

305 2831 438 2895 certioris
449 2831 624 2910 cognitionis
635 2832 801 2906 coniuncta,
816 2831 886 2894 hinc
895 2832 984 2894 etiam
995 2832 1134 2913 primitivi
1145 2831 1330 2914 pronominis
1342 2832 1468 2895 demon·

305 2934 417 2997 stratiri
430 2933 541 2996 iormas
557 2933 687 2995 extitisse
702 2933 779 2998 varie
794 2941 981 3014 temperatas.
1008 2935 1050 2997 Ac
1064 2933 1100 2996 de
1114 2935 1250 2997 universa
1265 2933 1383 3015 quidem
1394 2952 1469 3016 pro-

305 3038 461 3100 nominum
475 3044 580 3098 natnra
595 3043 692 3100 etusu
701 3037 807 3119 erponi
819 3037 864 3099 vir
876 3055 951 3118 opus
963 3044 1018 3099 cst.
1039 3037 1133 3099 Nemo
1145 3038 1225 3099 enim
1236 3038 1361 3118 ignorat,
1373 3054 1468 3118 quum

304 3141 335 3203 iu
346 3140 429 3203 omni
440 3158 578 3203 sermone
589 3141 626 3203 de
637 3140 733 3221 aliqua
745 3159 777 3203 re
789 3140 895 3219 aliquid
907 3140 1029 3215 dicatur,
1044 3159 1196 3222 quumque
1208 3158 1330 3202 necesse
1340 3140 1380 3202 sit
1389 3138 1468 3202 hanc

304 3261 369 3305 rem
382 3243 475 3317 alteri,
501 3242 621 3324 quicum
636 3243 796 3323 loquimur,
812 3242 910 3323 aliquo
926 3242 1015 3305 modo
1030 3242 1196 3323 significari,
1222 3242 1249 3304 si
1270 3259 1400 3304 nomen
1421 3241 1467 3304 rai

304 3352 355 3409 aut
369 3347 521 3426 ignoretur
535 3352 586 3409 aut
601 3363 820 3427 quamcumque
836 3345 874 3407 ob
886 3363 1004 3408 causam
1015 3346 1182 3419 reticeatur,
1198 3361 1399 3425 pronomen
1414 3344 1469 3406 ad·

305 3448 407 3522 biberi,
430 3466 489 3530 quo
511 3447 665 3519 alliciatur,
685 3457 720 3509 ut
740 3466 798 3528 qua
820 3448 857 3509 de
878 3465 911 3510 re
925 3448 1082 3530 loquamur
1096 3447 1223 3510 auditori
1238 3455 1382 3527 quantum
1397 3447 1470 3508 satia

304 3551 343 3612 sit
357 3561 408 3613 aut
421 3551 483 3613 lieri
497 3551 592 3634 possit
606 3549 796 3631 significetur.
821 3550 934 3624 Quodsi
948 3569 995 3612 res
1010 3551 1073 3631 ipsa
1088 3549 1179 3624 adest,
1194 3557 1228 3612 ut
1239 3548 1368 3631 conspici
1378 3549 1467 3610 ctiam

305 3654 341 3717 ab
356 3654 489 3717 auditore
499 3654 603 3735 possit,
612 3655 725 3718 utimur
736 3651 798 3715 iere
813 3652 911 3734 aliquo
921 3660 1015 3733 gestu,
1031 3653 1110 3715 velut
1121 3652 1212 3734 digito
1223 3652 1253 3713 in
1268 3670 1332 3713 rem
1342 3651 1469 3725 intento,

305 3757 401 3821 addita
423 3764 493 3820 iore
508 3757 645 3839 quadam,
667 3775 741 3837 quae
762 3757 913 3819 advertere
927 3755 1092 3818 auditorem
1114 3763 1144 3817 at
1157 3773 1221 3816 ram
1236 3754 1344 3817 intueri
1360 3752 1468 3817 iubeat.

304 3859 382 3922 'lalis
403 3880 460 3923 vox
479 3868 559 3922 recte
578 3876 745 3943 pronomen
763 3858 819 3923 dici
839 3866 947 3940 potest
968 3859 1107 3939 quoniam
1120 3876 1186 3920 rem
1200 3874 1261 3919 non
1276 3857 1396 3938 quidem
1410 3874 1470 3919 no-

305 3961 385 4024 mine
400 3961 453 4024 sed
468 3962 720 4026 demonstratione
734 3969 833 4025 tamen
845 3970 948 4023 notam
960 3961 1041 4024 lacit:
1057 3968 1161 4042 estque
1172 3960 1245 4023 baec
1255 3960 1470 4022 demonstratio

305 4082 348 4140 ea,
365 4081 455 4147 quam
471 4065 644 4147 Apollonius
658 4081 721 4127 non
735 4064 834 4144 inepte
849 4059 953 4140 δεῖξιν
974 4062 1032 4147 τῆς
1047 4054 1161 4148 ὅψεως
1175 4062 1255 4135 dicit,
1270 4063 1354 4125 cuius
1365 4078 1471 4124 rursus

305 4169 380 4232 duae
400 4168 513 4251 species
528 4168 667 4250 distingui
680 4176 815 4250 possunt
831 4167 930 4242 altera,
951 4184 1040 4248 quam
1054 4165 1103 4228 illc
1119 4161 1176 4250 τήν
1197 4157 1350 4249 πλησίον,
1366 4164 1471 4241 altera,

373 4426 398 4492 7)
416 4426 478 4479 Post
487 4425 606 4491 Roppium
618 4423 721 4479 merant
732 4426 776 4493 qui
787 4426 893 4492 stirpam
905 4424 1061 4492 pronominis
1072 4424 1130 4489 gba
1142 4423 1226 4488 potina
1238 4420 1318 4476 inissa
1331 4428 1472 4476 mnscmt

305 4520 410 4579 propter
421 4512 598 4565 caracutium
609 4512 761 4579 particulam
774 4511 917 4565 encliticam
928 4511 985 4577 glra
997 4518 1024 4563 at
1034 4523 1151 4577 graccam
1162 4504 1262 4578 pcipi.
