3190 5136
858 417 918 479 410

787 504 988 519 ---.

757 591 795 665 οἳ
810 596 901 665 θεῶν
922 592 1125 685 δνχίοποαοι

556 694 593 765 οἳ
611 698 717 786 Ζηνδς
737 695 839 786 ἔγγὺς,
862 689 914 778 οἷς
933 697 969 766 ἐν
986 695 1097 786 Ἰδαίῳ
1119 697 1218 786 πάγῳ

556 800 644 880 Arda
657 800 816 888 πατρῴου
830 799 945 886 βωμός
957 797 1028 869 tus'
1042 799 1077 869 δν
1091 798 1214 890 αἰθέρι,

555 897 674 971 κοῦπω
688 924 770 992 σφιν
784 900 930 991 ἐξίτηλον
944 893 1029 986 αἷμα
1044 902 1220 987 δαιμόνων.

314 1011 391 1086 Quid
410 1011 449 1075 sit
462 1010 545 1084 illud,
565 1011 646 1090 quod
660 1028 693 1071 re
707 1009 933 1089 eomprohatnm
952 1029 1017 1073 esse
1032 1020 1130 1090 negat,
1151 1012 1244 1075 fateor
1257 1033 1307 1076 me
1319 1032 1381 1077 non
1396 1015 1468 1078 satis

313 1115 478 1195 intelligere.
521 1114 596 1178 Nam
610 1114 690 1194 quod
706 1121 800 1175 toturn
815 1114 915 1175 fiotum
931 1122 960 1173 et
974 1115 1210 1179 tommentieium
1225 1126 1285 1192 est,
1304 1119 1354 1198 qui
1372 1118 1470 1201 potuit

313 1238 345 1280 re
360 1214 569 1300 comprobari?
612 1218 657 1278 An
673 1217 748 1279 lorte
761 1217 820 1278 hoe
832 1215 932 1289 voluit
946 1215 1012 1278 illos
1026 1217 1149 1281 deorum
1164 1220 1240 1282 lilios
1254 1237 1316 1283 non
1330 1240 1470 1303 apparere

268 1328 298 1377 15
316 1337 355 1382 ne
369 1322 399 1383 in
418 1321 550 1385 lahnlesa
568 1320 686 1401 quidem
707 1319 815 1381 hisoria
835 1317 917 1392 tales
932 1337 1008 1399 qrros
1022 1321 1126 1383 merito
1146 1323 1212 1403 quis
1226 1324 1330 1387 dixerit
1342 1325 1470 1388 dinem

312 1433 446 1487 naturam
465 1424 610 1486 humanae
628 1422 749 1484 nuum
767 1417 898 1483 hahere?
940 1422 1026 1501 Atqui
1045 1423 1105 1485 hoe
1123 1434 1199 1487 eene
1212 1426 1400 1491 manifestum
1414 1438 1471 1504 eet,

313 1528 436 1590 deorum
454 1526 531 1588 hhos
551 1524 655 1589 esteris
676 1523 846 1585 mortalibus
866 1524 1094 1603 praestantiores
1114 1527 1242 1590 ereditas
1259 1548 1327 1591 esse
1345 1530 1472 1610 ideoque

312 1631 369 1693 diis
384 1628 549 1693 similiores.
584 1626 641 1700 Qui
656 1626 682 1687 si
696 1625 788 1687 multa
803 1642 891 1704 saepe
906 1625 1022 1700 laniunt,
1037 1644 1111 1706 quae
1124 1628 1211 1691 nobis
1225 1631 1344 1710 quidem
1357 1649 1471 1713 nm.

313 1750 401 1812 ουυιο
421 1731 535 1793 divinae
553 1736 672 1790 naturae
692 1727 848 1789 convenire
866 1726 1032 1801 videantur,
1053 1747 1211 1793 commune
1230 1731 1258 1794 id
1277 1733 1388 1795 bahent
1402 1752 1471 1797 etam

312 1832 492 1914 parentibus.
535 1832 601 1892 Non
622 1829 758 1891 meliores
777 1830 850 1891 deos
870 1837 919 1890 ant
942 1827 1062 1892 deorum
1082 1830 1158 1893 dhes
1177 1833 1288 1912 lingere
1307 1835 1471 1898 tabularum

312 1946 447 1999 auctores
463 1951 550 2013 qnam
565 1950 621 2011 pro
641 1950 696 1993 suo
712 1940 798 2011 eaptu
816 1938 964 2010 poterant:
982 1932 1163 2010 posteriores
1181 1943 1279 1997 autem
1299 1946 1403 2017 poetae
1422 1940 1472 2000 ta·

312 2038 394 2100 bulas
414 2037 450 2098 ab
468 2035 568 2097 ultima
587 2032 756 2113 antiquitate
780 2032 901 2095 traditas
921 2032 967 2095 alii
987 2034 1155 2113 repetebant
1178 2038 1347 2116 promiscue
1370 2041 1473 2120 quales

311 2147 402 2213 erant,
417 2145 466 2200 aut
477 2136 656 2199 exornabant
666 2135 754 2197 etiam
769 2154 825 2197 suo
837 2135 940 2209 modo,
954 2134 1026 2197 nibil
1038 2135 1097 2199 nisi
1108 2137 1287 2217 voluptatem
1301 2141 1472 2204 auditorum

312 2247 495 2320 quaerentes,
511 2238 557 2301 alii
569 2238 668 2300 sanius
681 2236 818 2299 iudicium
830 2255 864 2299 ae
875 2236 1018 2299 delectum
1033 2237 1216 2314 adhibebant
1230 2259 1361 2322 quaeque
1371 2242 1473 2324 inepta

311 2352 340 2405 et
354 2342 410 2405 diis
426 2340 543 2421 indigna
556 2339 736 2411 riderentur,
755 2347 806 2400 aut
824 2339 997 2401 omittebant
1011 2348 1062 2402 aut
1079 2342 1166 2405 etiam
1184 2343 1295 2422 apertis
1309 2345 1407 2409 verbis
1421 2366 1472 2409 re·

311 2444 482 2524 probabant,
497 2451 530 2505 ut
545 2433 671 2505 ἀοιδῶν
685 2434 861 2524 δυστήνους
873 2434 998 2522 λόγους,
1015 2442 1098 2504 euius
1111 2444 1229 2523 generis
1242 2448 1374 2527 exempla
1390 2449 1470 2528 apud

311 2546 471 2609 Pindarum
489 2546 619 2625 aliosque
639 2543 949 2623 eomplurasuns21).
997 2544 1031 2605 ln
1050 2543 1096 2606 his
1116 2545 1204 2608 etiam
1223 2546 1380 2628 heohyhnn
1402 2569 1471 2611 esse

311 2649 368 2711 ianr
389 2666 479 2729 supra
498 2647 614 2721 monui,
632 2646 682 2726 qni
698 2664 788 2726 quum
803 2645 833 2707 in
849 2645 1037 2726 Suppliu'hus
1052 2646 1150 2709 iovem
1169 2656 1203 2711 ut
1220 2651 1470 2728 perfectissimum

311 2752 492 2831 deorumque
511 2749 645 2812 omnium
660 2748 786 2811 maxime
803 2747 947 2822 divinum,
966 2748 1053 2810 simul
1072 2757 1169 2811 autem
1189 2750 1220 2813 in
1234 2752 1337 2813 eodem
1353 2754 1471 2816 cantico

310 2861 344 2916 ut
358 2854 406 2916 lus
422 2861 582 2917 amatorem
598 2850 736 2921 celebret,
752 2868 872 2912 neeesse
886 2860 932 2912 est
949 2850 1036 2913 etiam
1055 2870 1185 2915 amorem
1200 2852 1281 2916 iilum
1294 2873 1356 2917 non
1370 2855 1471 2918 libidi-

311 2975 434 3031 nosnm‚
454 2962 487 3017 ut
505 2954 635 3016 hominis
654 2952 874 3031 intemperantis
893 2960 923 3014 et
936 2970 1076 3033 nequam,
1095 2955 1147 3017 sed
1167 2954 1285 3036 dignum
1301 2957 1473 3038 eogitarerit

311 3058 388 3121 lovis
404 3057 449 3120 sui
465 3057 619 3119 divinitate.
650 3056 709 3117 lam
725 3073 793 3116 vero
810 3072 896 3134 quam
913 3054 951 3115 oh
966 3074 1084 3118 eausam
1098 3056 1227 3137 religiosi
1241 3059 1379 3122 homines
1395 3061 1472 3125 deos

311 3180 379 3224 urm
404 3159 574 3223 mulieribus
601 3157 796 3220 eoneuhuisse
826 3156 1013 3231 crediderint,
1044 3158 1163 3247 duobus
1188 3169 1267 3223 uerte
1291 3163 1473 3226 testimoniis

310 3263 428 3326 disertis
451 3280 469 3324 a
492 3280 541 3324 me
565 3261 800 3322 demonstratum
826 3267 879 3321 est
923 3260 996 3323 Nam
1023 3280 1088 3324 cum
1113 3262 1252 3325 Alcmena
1271 3264 1370 3326 iorem
1394 3284 1473 3328 oon-

310 3384 444 3446 gressum
464 3383 528 3427 esse
547 3381 609 3424 non
627 3361 756 3424 lihidinis
776 3361 934 3441 explendae
954 3381 1056 3438 musa,
1076 3365 1127 3427 sed
1147 3374 1180 3427 ut
1193 3365 1286 3429 lilium
1300 3377 1475 3447 procrearat

311 3467 484 3540 semideum,
500 3465 683 3529 etDiodorus
695 3471 818 3526 testatur
828 3463 874 3538 lv,
884 3463 914 3539 9,
925 3464 1102 3545 antiqrriores
1113 3476 1419 3550 αιιοιονοαοοοιιοῑοο1
1433 3474 1475 3548 ⁸),

311 3579 340 3632 at
354 3568 517 3631 Hesiodeus
532 3576 618 3648 poeta
632 3566 664 3631 in
679 3567 769 3631 Scuto
781 3567 864 3630 Here.
880 3586 906 3629 v.
923 3567 973 3642 29,

311 3725 425 3733 ...mu-..-
440 3725 609 3732 -o-——n--a

380 3806 420 3871 17)
437 3802 509 3857 Pind.
522 3806 562 3858 01.
575 3805 594 3871 l,
605 3805 647 3856 52.
666 3805 713 3870 lX,
724 3805 764 3856 38,
786 3802 839 3870 vn,
852 3803 894 3855 21.
918 3805 951 3856 el.
961 3805 1081 3875 Saebeeh,
1092 3807 1156 3859 iiber
1166 3809 1214 3860 deu
1225 3809 1361 3874 religionen
1374 3811 1474 3863 Steud-

308 3898 384 3957 punot
396 3890 509 3954 Pindaro,
521 3892 546 3941 in
559 3889 647 3942 hluseo
659 3888 738 3940 Rhea.
750 3903 809 3939 ann.
824 3888 896 3952 1844,
908 3905 933 3956 p.
945 3889 995 3940 aaa
1007 3907 1061 3958 sqq.
1077 3919 1112 3930 —
1126 3892 1165 3946 its
1176 3894 1319 3962 Aesebylns
1331 3896 1403 3948 Eun.
1417 3913 1443 3950 v.
1457 3900 1474 3948 b

242 4042 244 4047 ⁴
307 3983 394 4041 aperte
407 3976 551 4042 obloquitur
566 3975 664 4027 fabulae
682 3975 713 4025 de
726 3972 845 4039 Delphico
861 3975 964 4025 uranio
981 3990 1028 4043 par
1040 3977 1089 4028 ulna
1102 3975 1215 4030 The-tit
1227 3988 1328 4048 erepto,
1340 3982 1365 4032 in
1379 3982 1474 4047 hm.

308 4062 384 4112 taeite
400 4060 485 4113 relisit
499 4060 608 4113 iahnlam
625 4061 656 4112 de
672 4059 752 4110 Diana
767 4066 872 4124 propter
891 4074 991 4111 aarum
1009 4061 1182 4130 interemptam
1198 4065 1320 4117 inmolari
1335 4067 1476 4131 Amen-

308 4148 382 4198 noais
392 4146 469 4199 liliam
481 4147 590 4211 lahama
604 4147 628 4197 iu
639 4144 789 4197 Prometheo
800 4142 909 4194 rauuhn
917 4145 949 4196 de
961 4148 1085 4198 saeridaie
1094 4148 1248 4202 dissonaret.
1270 4150 1307 4203 Ct'.
1317 4152 1392 4204 etiarn
1405 4168 1476 4221 quae

306 4232 488 4299 Aristophanes
501 4231 563 4283 itan.
575 4247 601 4282 v.
616 4230 681 4280 1053
693 4245 747 4295 sqq.
759 4229 912 4296 Aeschylum
925 4230 1049 4283 dicentem
1060 4233 1129 4287 lauit

375 4318 416 4382 te)
436 4318 488 4369 iioa
500 4318 565 4368 enirn
576 4316 630 4382 ipse
640 4315 772 4379 agathem
796 4315 883 4366 Simile
893 4316 925 4367 de
936 4318 1063 4370 moribus
1074 4318 1141 4372 iovis
1151 4321 1264 4374 lndleinsn
1274 4339 1307 4375 ex
1315 4325 1476 4391 antiquiori-

307 4402 353 4454 hns
365 4404 430 4456 haud
447 4402 521 4454 dubie
538 4399 686 4452 anetarihas
702 4400 817 4453 ιοννινίι
832 4400 910 4453 sohel.
926 4401 1027 4455 Pindar.
1044 4403 1115 4457 Naar.
1128 4404 1192 4473 vm,
1210 4409 1239 4460 tia
1256 4403 1339 4478 opta
1350 4406 1427 4468 leda
1438 4408 1477 4464 od
