<?xml version="1.0" encoding="UTF-8"?>
<!DOCTYPE html PUBLIC "-//W3C//DTD XHTML 1.0 Transitional//EN"
    "http://www.w3.org/TR/xhtml1/DTD/xhtml1-transitional.dtd">
<html xmlns="http://www.w3.org/1999/xhtml" xml:lang="en" lang="en">
 <head>
  <title>
</title>
<meta http-equiv="Content-Type" content="text/html;charset=utf-8" />
  <meta name='ocr-system' content='tesseract 3.04.00' />
  <meta name='ocr-capabilities' content='ocr_page ocr_carea ocr_par ocr_line ocrx_word'/>
</head>
<body>
  <div class='ocr_page' id='page_1' title='image "./opusculaacademi00schogoog_0834.png"; bbox 0 0 3222 5148; ppageno 0'>
   <div class='ocr_carea' id='block_1_1' title="bbox 722 390 870 490">
    <p class='ocr_par' dir='ltr' id='par_1_1' title="bbox 722 390 870 490">
     <span class='ocr_line' id='line_1_1' title="bbox 722 390 870 490; baseline 0.007 -1"><span class='ocrx_word' id='word_1_1' title='bbox 722 390 870 490; x_wconf 55' lang='lat' dir='ltr'><strong>„aa</strong></span> 
     </span>
    </p>
   </div>
   <div class='ocr_carea' id='block_1_2' title="bbox 215 579 1384 4158">
    <p class='ocr_par' dir='ltr' id='par_1_2' title="bbox 215 579 1384 4158">
     <span class='ocr_line' id='line_1_2' title="bbox 216 579 1380 663; baseline 0 -19"><span class='ocrx_word' id='word_1_2' title='bbox 216 580 450 662; x_wconf 82' lang='lat' dir='ltr'><strong>tissimeloquux</strong></span> <span class='ocrx_word' id='word_1_3' title='bbox 471 588 533 655; x_wconf 87' lang='lat' dir='ltr'><strong>est,</strong></span> <span class='ocrx_word' id='word_1_4' title='bbox 554 580 593 644; x_wconf 90' lang='lat' dir='ltr'><strong>ita</strong></span> <span class='ocrx_word' id='word_1_5' title='bbox 615 580 776 663; x_wconf 84' lang='lat' dir='ltr'><strong>plurimum</strong></span> <span class='ocrx_word' id='word_1_6' title='bbox 798 580 980 645; x_wconf 77' lang='lat' dir='ltr'><strong>auctoritatis</strong></span> <span class='ocrx_word' id='word_1_7' title='bbox 999 579 1117 643; x_wconf 88' lang='lat' dir='ltr'><strong>habere.</strong></span> <span class='ocrx_word' id='word_1_8' title='bbox 1162 580 1380 663; x_wconf 73' lang='lat' dir='ltr'><strong>Quamquam</strong></span> 
     </span>
     <span class='ocr_line' id='line_1_3' title="bbox 216 682 1380 767; baseline 0 -20"><span class='ocrx_word' id='word_1_9' title='bbox 216 685 364 767; x_wconf 84' lang='lat' dir='ltr'><strong>plerisque</strong></span> <span class='ocrx_word' id='word_1_10' title='bbox 384 686 443 747; x_wconf 87' lang='lat' dir='ltr'><strong>iam</strong></span> <span class='ocrx_word' id='word_1_11' title='bbox 464 703 519 766; x_wconf 94' lang='lat' dir='ltr'><strong>pro</strong></span> <span class='ocrx_word' id='word_1_12' title='bbox 544 685 740 748; x_wconf 79' lang='lat' dir='ltr'><strong>democretius</strong></span> <span class='ocrx_word' id='word_1_13' title='bbox 759 686 880 747; x_wconf 92' lang='lat' dir='ltr'><strong>nomine</strong></span> <span class='ocrx_word' id='word_1_14' title='bbox 900 684 977 747; x_wconf 93' lang='lat' dir='ltr'><strong>aliud</strong></span> <span class='ocrx_word' id='word_1_15' title='bbox 994 682 1184 746; x_wconf 84' lang='lat' dir='ltr'><strong>remaculum</strong></span> <span class='ocrx_word' id='word_1_16' title='bbox 1205 684 1380 747; x_wconf 78' lang='lat' dir='ltr'><strong>vocabulum</strong></span> 
     </span>
     <span class='ocr_line' id='line_1_4' title="bbox 216 786 1379 868; baseline -0.001 -19"><span class='ocrx_word' id='word_1_17' title='bbox 216 787 334 868; x_wconf 89' lang='lat' dir='ltr'><strong>probari</strong></span> <span class='ocrx_word' id='word_1_18' title='bbox 358 788 508 860; x_wconf 84' lang='lat' dir='ltr'><strong>ridemus,</strong></span> <span class='ocrx_word' id='word_1_19' title='bbox 538 786 631 867; x_wconf 79' lang='lat' dir='ltr'><strong>magis</strong></span> <span class='ocrx_word' id='word_1_20' title='bbox 663 788 698 850; x_wconf 92' lang='lat' dir='ltr'><strong>ad</strong></span> <span class='ocrx_word' id='word_1_21' title='bbox 730 789 879 850; x_wconf 88' lang='lat' dir='ltr'><strong>lactandos</strong></span> <span class='ocrx_word' id='word_1_22' title='bbox 905 786 983 867; x_wconf 77' lang='lat' dir='ltr'><strong>vulgi</strong></span> <span class='ocrx_word' id='word_1_23' title='bbox 1008 786 1123 848; x_wconf 90' lang='lat' dir='ltr'><strong>animos</strong></span> <span class='ocrx_word' id='word_1_24' title='bbox 1146 787 1379 851; x_wconf 89' lang='lat' dir='ltr'><strong>accomodatum.</strong></span> 
     </span>
     <span class='ocr_line' id='line_1_5' title="bbox 215 889 1382 972; baseline 0 -22"><span class='ocrx_word' id='word_1_25' title='bbox 215 889 746 972; x_wconf 81' lang='lat' dir='ltr'><strong>Progressusenimsesecupidosesse</strong></span> <span class='ocrx_word' id='word_1_26' title='bbox 756 892 941 972; x_wconf 83' lang='lat' dir='ltr'><strong>profitentur,</strong></span> <span class='ocrx_word' id='word_1_27' title='bbox 950 908 1037 971; x_wconf 84' lang='lat' dir='ltr'><strong>quam</strong></span> <span class='ocrx_word' id='word_1_28' title='bbox 1046 890 1382 972; x_wconf 81' lang='lat' dir='ltr'><strong>professionemquisest</strong></span> 
     </span>
     <span class='ocr_line' id='line_1_6' title="bbox 216 992 1380 1073; baseline 0.001 -19"><span class='ocrx_word' id='word_1_29' title='bbox 216 994 267 1073; x_wconf 89' lang='lat' dir='ltr'><strong>qni</strong></span> <span class='ocrx_word' id='word_1_30' title='bbox 282 1010 343 1053; x_wconf 92' lang='lat' dir='ltr'><strong>non</strong></span> <span class='ocrx_word' id='word_1_31' title='bbox 354 993 524 1065; x_wconf 75' lang='lat' dir='ltr'><strong>honestam,</strong></span> <span class='ocrx_word' id='word_1_32' title='bbox 543 1010 603 1054; x_wconf 94' lang='lat' dir='ltr'><strong>non</strong></span> <span class='ocrx_word' id='word_1_33' title='bbox 617 995 740 1067; x_wconf 87' lang='lat' dir='ltr'><strong>iustam,</strong></span> <span class='ocrx_word' id='word_1_34' title='bbox 762 1011 823 1056; x_wconf 92' lang='lat' dir='ltr'><strong>non</strong></span> <span class='ocrx_word' id='word_1_35' title='bbox 843 995 928 1057; x_wconf 89' lang='lat' dir='ltr'><strong>unice</strong></span> <span class='ocrx_word' id='word_1_36' title='bbox 940 994 1057 1072; x_wconf 79' lang='lat' dir='ltr'><strong>dignam</strong></span> <span class='ocrx_word' id='word_1_37' title='bbox 1074 993 1185 1056; x_wconf 88' lang='lat' dir='ltr'><strong>liberali</strong></span> <span class='ocrx_word' id='word_1_38' title='bbox 1198 993 1317 1054; x_wconf 88' lang='lat' dir='ltr'><strong>homine</strong></span> <span class='ocrx_word' id='word_1_39' title='bbox 1333 992 1380 1055; x_wconf 93' lang='lat' dir='ltr'><strong>iu·</strong></span> 
     </span>
     <span class='ocr_line' id='line_1_7' title="bbox 217 1091 1379 1177; baseline 0 -21"><span class='ocrx_word' id='word_1_40' title='bbox 217 1091 317 1157; x_wconf 74' lang='lat' dir='ltr'><strong>dicet?</strong></span> <span class='ocrx_word' id='word_1_41' title='bbox 343 1095 404 1157; x_wconf 90' lang='lat' dir='ltr'><strong>Nisi</strong></span> <span class='ocrx_word' id='word_1_42' title='bbox 419 1104 519 1157; x_wconf 85' lang='lat' dir='ltr'><strong>tamen</strong></span> <span class='ocrx_word' id='word_1_43' title='bbox 536 1098 736 1176; x_wconf 89' lang='lat' dir='ltr'><strong>quaerendum</strong></span> <span class='ocrx_word' id='word_1_44' title='bbox 744 1105 812 1159; x_wconf 88' lang='lat' dir='ltr'><strong>ante</strong></span> <span class='ocrx_word' id='word_1_45' title='bbox 828 1096 926 1158; x_wconf 88' lang='lat' dir='ltr'><strong>omnia</strong></span> <span class='ocrx_word' id='word_1_46' title='bbox 941 1097 1089 1167; x_wconf 86' lang='lat' dir='ltr'><strong>dicemus,</strong></span> <span class='ocrx_word' id='word_1_47' title='bbox 1110 1113 1240 1177; x_wconf 91' lang='lat' dir='ltr'><strong>quonam</strong></span> <span class='ocrx_word' id='word_1_48' title='bbox 1259 1096 1379 1158; x_wconf 91' lang='lat' dir='ltr'><strong>tandem</strong></span> 
     </span>
     <span class='ocr_line' id='line_1_8' title="bbox 216 1198 1380 1280; baseline 0.002 -22"><span class='ocrx_word' id='word_1_49' title='bbox 216 1204 246 1258; x_wconf 90' lang='lat' dir='ltr'><strong>et</strong></span> <span class='ocrx_word' id='word_1_50' title='bbox 262 1215 348 1275; x_wconf 89' lang='lat' dir='ltr'><strong>quem</strong></span> <span class='ocrx_word' id='word_1_51' title='bbox 365 1198 400 1259; x_wconf 91' lang='lat' dir='ltr'><strong>ad</strong></span> <span class='ocrx_word' id='word_1_52' title='bbox 416 1198 506 1259; x_wconf 89' lang='lat' dir='ltr'><strong>linem</strong></span> <span class='ocrx_word' id='word_1_53' title='bbox 520 1200 656 1278; x_wconf 82' lang='lat' dir='ltr'>progredi</span> <span class='ocrx_word' id='word_1_54' title='bbox 672 1207 816 1280; x_wconf 80' lang='lat' dir='ltr'><strong>oporteat.</strong></span> <span class='ocrx_word' id='word_1_55' title='bbox 840 1199 985 1262; x_wconf 82' lang='lat' dir='ltr'><strong>Nimirum</strong></span> <span class='ocrx_word' id='word_1_56' title='bbox 1001 1200 1037 1261; x_wconf 90' lang='lat' dir='ltr'><strong>ad</strong></span> <span class='ocrx_word' id='word_1_57' title='bbox 1054 1199 1169 1260; x_wconf 89' lang='lat' dir='ltr'><strong>melius.</strong></span> <span class='ocrx_word' id='word_1_58' title='bbox 1193 1199 1270 1272; x_wconf 82' lang='lat' dir='ltr'><strong>Quid</strong></span> <span class='ocrx_word' id='word_1_59' title='bbox 1279 1208 1380 1260; x_wconf 85' lang='lat' dir='ltr'><strong>autem</strong></span> 
     </span>
     <span class='ocr_line' id='line_1_9' title="bbox 216 1300 1381 1384; baseline -0.001 -22"><span class='ocrx_word' id='word_1_60' title='bbox 216 1300 255 1362; x_wconf 90' lang='lat' dir='ltr'><strong>sit</strong></span> <span class='ocrx_word' id='word_1_61' title='bbox 270 1300 339 1362; x_wconf 90' lang='lat' dir='ltr'><strong>illud</strong></span> <span class='ocrx_word' id='word_1_62' title='bbox 356 1301 462 1363; x_wconf 89' lang='lat' dir='ltr'><strong>melius</strong></span> <span class='ocrx_word' id='word_1_63' title='bbox 477 1309 507 1362; x_wconf 89' lang='lat' dir='ltr'><strong>et</strong></span> <span class='ocrx_word' id='word_1_64' title='bbox 521 1320 579 1382; x_wconf 87' lang='lat' dir='ltr'><strong>qua</strong></span> <span class='ocrx_word' id='word_1_65' title='bbox 594 1303 638 1363; x_wconf 85' lang='lat' dir='ltr'><strong>ria</strong></span> <span class='ocrx_word' id='word_1_66' title='bbox 654 1321 688 1365; x_wconf 93' lang='lat' dir='ltr'><strong>ac</strong></span> <span class='ocrx_word' id='word_1_67' title='bbox 702 1303 816 1365; x_wconf 88' lang='lat' dir='ltr'><strong>ratione</strong></span> <span class='ocrx_word' id='word_1_68' title='bbox 832 1323 867 1364; x_wconf 92' lang='lat' dir='ltr'><strong>eo</strong></span> <span class='ocrx_word' id='word_1_69' title='bbox 883 1303 1028 1384; x_wconf 80' lang='lat' dir='ltr'><strong>perveniri</strong></span> <span class='ocrx_word' id='word_1_70' title='bbox 1049 1302 1156 1384; x_wconf 81' lang='lat' dir='ltr'><strong>possit,</strong></span> <span class='ocrx_word' id='word_1_71' title='bbox 1177 1317 1239 1362; x_wconf 91' lang='lat' dir='ltr'><strong>non</strong></span> <span class='ocrx_word' id='word_1_72' title='bbox 1258 1318 1330 1363; x_wconf 91' lang='lat' dir='ltr'><strong>sane</strong></span> <span class='ocrx_word' id='word_1_73' title='bbox 1350 1300 1381 1362; x_wconf 92' lang='lat' dir='ltr'><strong>in</strong></span> 
     </span>
     <span class='ocr_line' id='line_1_10' title="bbox 216 1403 1378 1487; baseline -0.002 -22"><span class='ocrx_word' id='word_1_74' title='bbox 216 1411 318 1485; x_wconf 91' lang='lat' dir='ltr'><strong>aperto</strong></span> <span class='ocrx_word' id='word_1_75' title='bbox 339 1412 395 1466; x_wconf 89' lang='lat' dir='ltr'><strong>est.</strong></span> <span class='ocrx_word' id='word_1_76' title='bbox 440 1403 491 1465; x_wconf 90' lang='lat' dir='ltr'><strong>Isti</strong></span> <span class='ocrx_word' id='word_1_77' title='bbox 515 1404 633 1484; x_wconf 88' lang='lat' dir='ltr'><strong>quidem</strong></span> <span class='ocrx_word' id='word_1_78' title='bbox 658 1405 710 1486; x_wconf 92' lang='lat' dir='ltr'><strong>qui</strong></span> <span class='ocrx_word' id='word_1_79' title='bbox 729 1407 816 1468; x_wconf 90' lang='lat' dir='ltr'><strong>bodie</strong></span> <span class='ocrx_word' id='word_1_80' title='bbox 836 1425 868 1468; x_wconf 90' lang='lat' dir='ltr'><strong>se</strong></span> <span class='ocrx_word' id='word_1_81' title='bbox 891 1424 1064 1487; x_wconf 76' lang='lat' dir='ltr'><strong>progressus</strong></span> <span class='ocrx_word' id='word_1_82' title='bbox 1083 1422 1242 1487; x_wconf 79' lang='lat' dir='ltr'><strong>praecones</strong></span> <span class='ocrx_word' id='word_1_83' title='bbox 1263 1409 1378 1485; x_wconf 80' lang='lat' dir='ltr'><strong>gerunt,</strong></span> 
     </span>
     <span class='ocr_line' id='line_1_11' title="bbox 215 1505 1380 1590; baseline 0.001 -23"><span class='ocrx_word' id='word_1_84' title='bbox 215 1505 360 1568; x_wconf 90' lang='lat' dir='ltr'><strong>maiorem</strong></span> <span class='ocrx_word' id='word_1_85' title='bbox 376 1507 476 1590; x_wconf 91' lang='lat' dir='ltr'><strong>populi</strong></span> <span class='ocrx_word' id='word_1_86' title='bbox 492 1507 654 1570; x_wconf 87' lang='lat' dir='ltr'><strong>libertatem</strong></span> <span class='ocrx_word' id='word_1_87' title='bbox 668 1528 684 1569; x_wconf 92' lang='lat' dir='ltr'><strong>a</strong></span> <span class='ocrx_word' id='word_1_88' title='bbox 699 1528 731 1570; x_wconf 89' lang='lat' dir='ltr'><strong>se</strong></span> <span class='ocrx_word' id='word_1_89' title='bbox 747 1510 844 1590; x_wconf 83' lang='lat' dir='ltr'><strong>expeti</strong></span> <span class='ocrx_word' id='word_1_90' title='bbox 866 1509 980 1572; x_wconf 88' lang='lat' dir='ltr'><strong>dicunt:</strong></span> <span class='ocrx_word' id='word_1_91' title='bbox 1001 1508 1054 1571; x_wconf 87' lang='lat' dir='ltr'><strong>sed</strong></span> <span class='ocrx_word' id='word_1_92' title='bbox 1074 1507 1110 1569; x_wconf 89' lang='lat' dir='ltr'><strong>de</strong></span> <span class='ocrx_word' id='word_1_93' title='bbox 1130 1506 1272 1569; x_wconf 77' lang='lat' dir='ltr'><strong>libertatis</strong></span> <span class='ocrx_word' id='word_1_94' title='bbox 1287 1506 1380 1588; x_wconf 91' lang='lat' dir='ltr'><strong>ipsius</strong></span> 
     </span>
     <span class='ocr_line' id='line_1_12' title="bbox 215 1607 1380 1694; baseline -0.001 -24"><span class='ocrx_word' id='word_1_95' title='bbox 215 1609 290 1673; x_wconf 83' lang='lat' dir='ltr'><strong>viac</strong></span> <span class='ocrx_word' id='word_1_96' title='bbox 310 1619 414 1671; x_wconf 91' lang='lat' dir='ltr'><strong>natura</strong></span> <span class='ocrx_word' id='word_1_97' title='bbox 434 1619 543 1690; x_wconf 87' lang='lat' dir='ltr'><strong>quotus</strong></span> <span class='ocrx_word' id='word_1_98' title='bbox 564 1612 688 1692; x_wconf 91' lang='lat' dir='ltr'><strong>quisque</strong></span> <span class='ocrx_word' id='word_1_99' title='bbox 708 1620 770 1686; x_wconf 90' lang='lat' dir='ltr'><strong>est,</strong></span> <span class='ocrx_word' id='word_1_100' title='bbox 792 1613 841 1694; x_wconf 90' lang='lat' dir='ltr'><strong>qui</strong></span> <span class='ocrx_word' id='word_1_101' title='bbox 862 1614 1022 1693; x_wconf 89' lang='lat' dir='ltr'><strong>prudenter</strong></span> <span class='ocrx_word' id='word_1_102' title='bbox 1041 1607 1170 1673; x_wconf 84' lang='lat' dir='ltr'><strong>iudicet?</strong></span> <span class='ocrx_word' id='word_1_103' title='bbox 1199 1610 1273 1671; x_wconf 89' lang='lat' dir='ltr'><strong>Nam</strong></span> <span class='ocrx_word' id='word_1_104' title='bbox 1294 1610 1380 1689; x_wconf 76' lang='lat' dir='ltr'><strong>vulgo</strong></span> 
     </span>
     <span class='ocr_line' id='line_1_13' title="bbox 215 1711 1380 1797; baseline -0.001 -24"><span class='ocrx_word' id='word_1_105' title='bbox 215 1712 301 1792; x_wconf 83' lang='lat' dir='ltr'><strong>longe</strong></span> <span class='ocrx_word' id='word_1_106' title='bbox 316 1712 459 1795; x_wconf 91' lang='lat' dir='ltr'><strong>plurimos</strong></span> <span class='ocrx_word' id='word_1_107' title='bbox 471 1714 546 1775; x_wconf 92' lang='lat' dir='ltr'><strong>banc</strong></span> <span class='ocrx_word' id='word_1_108' title='bbox 560 1713 613 1775; x_wconf 90' lang='lat' dir='ltr'><strong>sibi</strong></span> <span class='ocrx_word' id='word_1_109' title='bbox 629 1715 794 1777; x_wconf 89' lang='lat' dir='ltr'><strong>libertatem</strong></span> <span class='ocrx_word' id='word_1_110' title='bbox 810 1723 946 1797; x_wconf 83' lang='lat' dir='ltr'><strong>expetere</strong></span> <span class='ocrx_word' id='word_1_111' title='bbox 963 1714 1075 1788; x_wconf 88' lang='lat' dir='ltr'><strong>videas,</strong></span> <span class='ocrx_word' id='word_1_112' title='bbox 1096 1721 1131 1776; x_wconf 92' lang='lat' dir='ltr'><strong>ut</strong></span> <span class='ocrx_word' id='word_1_113' title='bbox 1153 1731 1241 1793; x_wconf 86' lang='lat' dir='ltr'><strong>quam</strong></span> <span class='ocrx_word' id='word_1_114' title='bbox 1258 1711 1380 1775; x_wconf 87' lang='lat' dir='ltr'><strong>minime</strong></span> 
     </span>
     <span class='ocr_line' id='line_1_14' title="bbox 216 1816 1380 1900; baseline 0 -24"><span class='ocrx_word' id='word_1_115' title='bbox 216 1816 328 1893; x_wconf 80' lang='lat' dir='ltr'><strong>legibus</strong></span> <span class='ocrx_word' id='word_1_116' title='bbox 343 1822 374 1877; x_wconf 90' lang='lat' dir='ltr'><strong>et</strong></span> <span class='ocrx_word' id='word_1_117' title='bbox 395 1816 614 1894; x_wconf 78' lang='lat' dir='ltr'><strong>magistratibus</strong></span> <span class='ocrx_word' id='word_1_118' title='bbox 635 1836 751 1900; x_wconf 89' lang='lat' dir='ltr'><strong>parere,</strong></span> <span class='ocrx_word' id='word_1_119' title='bbox 772 1837 896 1881; x_wconf 90' lang='lat' dir='ltr'><strong>munera</strong></span> <span class='ocrx_word' id='word_1_120' title='bbox 916 1827 1015 1881; x_wconf 89' lang='lat' dir='ltr'><strong>autem</strong></span> <span class='ocrx_word' id='word_1_121' title='bbox 1031 1837 1118 1898; x_wconf 90' lang='lat' dir='ltr'><strong>quam</strong></span> <span class='ocrx_word' id='word_1_122' title='bbox 1137 1816 1312 1898; x_wconf 88' lang='lat' dir='ltr'><strong>paucissima</strong></span> <span class='ocrx_word' id='word_1_123' title='bbox 1327 1818 1380 1878; x_wconf 84' lang='lat' dir='ltr'><strong>aut</strong></span> 
     </span>
     <span class='ocr_line' id='line_1_15' title="bbox 216 1918 1381 2004; baseline -0.001 -23"><span class='ocrx_word' id='word_1_124' title='bbox 216 1918 334 1981; x_wconf 88' lang='lat' dir='ltr'><strong>tributis</strong></span> <span class='ocrx_word' id='word_1_125' title='bbox 348 1919 510 1999; x_wconf 81' lang='lat' dir='ltr'><strong>pandendis</strong></span> <span class='ocrx_word' id='word_1_126' title='bbox 525 1925 576 1981; x_wconf 91' lang='lat' dir='ltr'><strong>ant</strong></span> <span class='ocrx_word' id='word_1_127' title='bbox 590 1920 692 1983; x_wconf 90' lang='lat' dir='ltr'><strong>militia</strong></span> <span class='ocrx_word' id='word_1_128' title='bbox 708 1921 841 1983; x_wconf 91' lang='lat' dir='ltr'><strong>obeunda</strong></span> <span class='ocrx_word' id='word_1_129' title='bbox 857 1932 1004 2004; x_wconf 91' lang='lat' dir='ltr'><strong>praestare</strong></span> <span class='ocrx_word' id='word_1_130' title='bbox 1019 1920 1208 2004; x_wconf 88' lang='lat' dir='ltr'><strong>reipublicae</strong></span> <span class='ocrx_word' id='word_1_131' title='bbox 1223 1927 1381 1998; x_wconf 67' lang='lat' dir='ltr'><strong>cogantur,</strong></span> 
     </span>
     <span class='ocr_line' id='line_1_16' title="bbox 218 2021 1382 2104; baseline -0.001 -21"><span class='ocrx_word' id='word_1_132' title='bbox 218 2021 265 2084; x_wconf 90' lang='lat' dir='ltr'><strong>alii</strong></span> <span class='ocrx_word' id='word_1_133' title='bbox 280 2021 323 2083; x_wconf 92' lang='lat' dir='ltr'><strong>sic</strong></span> <span class='ocrx_word' id='word_1_134' title='bbox 339 2021 459 2083; x_wconf 91' lang='lat' dir='ltr'><strong>demum</strong></span> <span class='ocrx_word' id='word_1_135' title='bbox 475 2021 583 2084; x_wconf 88' lang='lat' dir='ltr'><strong>liberos</strong></span> <span class='ocrx_word' id='word_1_136' title='bbox 598 2042 630 2083; x_wconf 91' lang='lat' dir='ltr'><strong>se</strong></span> <span class='ocrx_word' id='word_1_137' title='bbox 645 2022 708 2085; x_wconf 88' lang='lat' dir='ltr'><strong>lore</strong></span> <span class='ocrx_word' id='word_1_138' title='bbox 724 2031 842 2104; x_wconf 89' lang='lat' dir='ltr'><strong>putant,</strong></span> <span class='ocrx_word' id='word_1_139' title='bbox 864 2024 889 2085; x_wconf 92' lang='lat' dir='ltr'><strong>si</strong></span> <span class='ocrx_word' id='word_1_140' title='bbox 910 2042 1058 2086; x_wconf 88' lang='lat' dir='ltr'><strong>summam</strong></span> <span class='ocrx_word' id='word_1_141' title='bbox 1075 2042 1140 2085; x_wconf 88' lang='lat' dir='ltr'><strong>rem</strong></span> <span class='ocrx_word' id='word_1_142' title='bbox 1161 2021 1307 2104; x_wconf 82' lang='lat' dir='ltr'><strong>publicam</strong></span> <span class='ocrx_word' id='word_1_143' title='bbox 1330 2027 1382 2082; x_wconf 89' lang='lat' dir='ltr'><strong>aut</strong></span> 
     </span>
     <span class='ocr_line' id='line_1_17' title="bbox 217 2123 1379 2206; baseline 0 -21"><span class='ocrx_word' id='word_1_144' title='bbox 217 2124 274 2205; x_wconf 92' lang='lat' dir='ltr'><strong>ipsi</strong></span> <span class='ocrx_word' id='word_1_145' title='bbox 288 2132 426 2205; x_wconf 86' lang='lat' dir='ltr'><strong>autqucs</strong></span> <span class='ocrx_word' id='word_1_146' title='bbox 447 2123 503 2205; x_wconf 91' lang='lat' dir='ltr'><strong>ipsi</strong></span> <span class='ocrx_word' id='word_1_147' title='bbox 523 2124 662 2205; x_wconf 77' lang='lat' dir='ltr'><strong>elegerint</strong></span> <span class='ocrx_word' id='word_1_148' title='bbox 683 2125 713 2186; x_wconf 89' lang='lat' dir='ltr'><strong>iu</strong></span> <span class='ocrx_word' id='word_1_149' title='bbox 732 2133 878 2205; x_wconf 88' lang='lat' dir='ltr'><strong>potestate</strong></span> <span class='ocrx_word' id='word_1_150' title='bbox 901 2126 1042 2200; x_wconf 87' lang='lat' dir='ltr'><strong>babeant,</strong></span> <span class='ocrx_word' id='word_1_151' title='bbox 1064 2126 1176 2206; x_wconf 77' lang='lat' dir='ltr'><strong>legum,</strong></span> <span class='ocrx_word' id='word_1_152' title='bbox 1193 2124 1379 2197; x_wconf 90' lang='lat' dir='ltr'><strong>iudiciorum,</strong></span> 
     </span>
     <span class='ocr_line' id='line_1_18' title="bbox 216 2226 1382 2309; baseline 0 -21"><span class='ocrx_word' id='word_1_153' title='bbox 216 2226 294 2296; x_wconf 90' lang='lat' dir='ltr'><strong>belli,</strong></span> <span class='ocrx_word' id='word_1_154' title='bbox 309 2226 398 2307; x_wconf 84' lang='lat' dir='ltr'><strong>pacis,</strong></span> <span class='ocrx_word' id='word_1_155' title='bbox 414 2226 582 2301; x_wconf 75' lang='lat' dir='ltr'><strong>foederum,</strong></span> <span class='ocrx_word' id='word_1_156' title='bbox 606 2228 746 2308; x_wconf 89' lang='lat' dir='ltr'><strong>pecuniae</strong></span> <span class='ocrx_word' id='word_1_157' title='bbox 762 2229 894 2309; x_wconf 87' lang='lat' dir='ltr'><strong>publicae</strong></span> <span class='ocrx_word' id='word_1_158' title='bbox 910 2229 1021 2291; x_wconf 90' lang='lat' dir='ltr'><strong>domini</strong></span> <span class='ocrx_word' id='word_1_159' title='bbox 1037 2230 1121 2303; x_wconf 81' lang='grc'><strong>11111,</strong></span> <span class='ocrx_word' id='word_1_160' title='bbox 1137 2228 1205 2308; x_wconf 93' lang='lat' dir='ltr'><strong>quid</strong></span> <span class='ocrx_word' id='word_1_161' title='bbox 1221 2227 1302 2308; x_wconf 89' lang='lat' dir='ltr'><strong>quod</strong></span> <span class='ocrx_word' id='word_1_162' title='bbox 1311 2233 1382 2289; x_wconf 89' lang='lat' dir='ltr'><strong>sunt</strong></span> 
     </span>
     <span class='ocr_line' id='line_1_19' title="bbox 218 2329 1381 2412; baseline -0.002 -19"><span class='ocrx_word' id='word_1_163' title='bbox 218 2332 321 2403; x_wconf 90' lang='lat' dir='ltr'><strong>etiam,</strong></span> <span class='ocrx_word' id='word_1_164' title='bbox 343 2329 393 2412; x_wconf 83' lang='lat' dir='ltr'><strong>qui</strong></span> <span class='ocrx_word' id='word_1_165' title='bbox 415 2338 550 2392; x_wconf 87' lang='lat' dir='ltr'><strong>constare</strong></span> <span class='ocrx_word' id='word_1_166' title='bbox 569 2329 733 2393; x_wconf 88' lang='lat' dir='ltr'><strong>libertatem</strong></span> <span class='ocrx_word' id='word_1_167' title='bbox 754 2350 843 2411; x_wconf 89' lang='lat' dir='ltr'><strong>posse</strong></span> <span class='ocrx_word' id='word_1_168' title='bbox 863 2339 986 2412; x_wconf 74' lang='lat' dir='ltr'><strong>negant,</strong></span> <span class='ocrx_word' id='word_1_169' title='bbox 1008 2333 1065 2394; x_wconf 90' lang='lat' dir='ltr'><strong>nisi</strong></span> <span class='ocrx_word' id='word_1_170' title='bbox 1085 2331 1333 2402; x_wconf 87' lang='lat' dir='ltr'><strong>inconventibus,</strong></span> <span class='ocrx_word' id='word_1_171' title='bbox 1350 2329 1381 2392; x_wconf 91' lang='lat' dir='ltr'><strong>in</strong></span> 
     </span>
     <span class='ocr_line' id='line_1_20' title="bbox 218 2432 1380 2518; baseline -0.003 -21"><span class='ocrx_word' id='word_1_172' title='bbox 218 2435 325 2518; x_wconf 84' lang='lat' dir='ltr'><strong>quibus</strong></span> <span class='ocrx_word' id='word_1_173' title='bbox 342 2435 378 2497; x_wconf 89' lang='lat' dir='ltr'><strong>de</strong></span> <span class='ocrx_word' id='word_1_174' title='bbox 392 2452 425 2495; x_wconf 92' lang='lat' dir='ltr'><strong>re</strong></span> <span class='ocrx_word' id='word_1_175' title='bbox 439 2433 555 2516; x_wconf 89' lang='lat' dir='ltr'><strong>publica</strong></span> <span class='ocrx_word' id='word_1_176' title='bbox 570 2434 749 2507; x_wconf 86' lang='lat' dir='ltr'><strong>consulitur,</strong></span> <span class='ocrx_word' id='word_1_177' title='bbox 770 2434 951 2498; x_wconf 82' lang='lat' dir='ltr'><strong>adversarios</strong></span> <span class='ocrx_word' id='word_1_178' title='bbox 971 2455 1042 2498; x_wconf 90' lang='lat' dir='ltr'><strong>suos</strong></span> <span class='ocrx_word' id='word_1_179' title='bbox 1063 2453 1124 2497; x_wconf 91' lang='lat' dir='ltr'><strong>nou</strong></span> <span class='ocrx_word' id='word_1_180' title='bbox 1136 2433 1317 2515; x_wconf 77' lang='lat' dir='ltr'><strong>argumentis</strong></span> <span class='ocrx_word' id='word_1_181' title='bbox 1328 2432 1380 2493; x_wconf 89' lang='lat' dir='ltr'><strong>sed</strong></span> 
     </span>
     <span class='ocr_line' id='line_1_21' title="bbox 217 2537 1381 2620; baseline -0.004 -18"><span class='ocrx_word' id='word_1_182' title='bbox 217 2538 354 2602; x_wconf 78' lang='lat' dir='ltr'><strong>conviciis</strong></span> <span class='ocrx_word' id='word_1_183' title='bbox 375 2538 548 2618; x_wconf 76' lang='lat' dir='ltr'><strong>impugnare</strong></span> <span class='ocrx_word' id='word_1_184' title='bbox 569 2537 710 2618; x_wconf 85' lang='lat' dir='ltr'><strong>omnique</strong></span> <span class='ocrx_word' id='word_1_185' title='bbox 729 2554 836 2618; x_wconf 81' lang='lat' dir='ltr'><strong>genere</strong></span> <span class='ocrx_word' id='word_1_186' title='bbox 855 2537 1100 2601; x_wconf 89' lang='lat' dir='ltr'><strong>contumeliarum</strong></span> <span class='ocrx_word' id='word_1_187' title='bbox 1122 2538 1243 2620; x_wconf 90' lang='lat' dir='ltr'><strong>impune</strong></span> <span class='ocrx_word' id='word_1_188' title='bbox 1258 2553 1381 2598; x_wconf 87' lang='lat' dir='ltr'><strong>onerare</strong></span> 
     </span>
     <span class='ocr_line' id='line_1_22' title="bbox 219 2638 1381 2722; baseline -0.004 -17"><span class='ocrx_word' id='word_1_189' title='bbox 219 2641 314 2705; x_wconf 89' lang='lat' dir='ltr'><strong>liceat.</strong></span> <span class='ocrx_word' id='word_1_190' title='bbox 357 2638 436 2701; x_wconf 78' lang='lat' dir='ltr'><strong>&#39;l&#39;alis</strong></span> <span class='ocrx_word' id='word_1_191' title='bbox 456 2646 501 2701; x_wconf 87' lang='grc'><strong>111</strong></span> <span class='ocrx_word' id='word_1_192' title='bbox 521 2639 645 2720; x_wconf 82' lang='lat' dir='ltr'><strong>vulgaris</strong></span> <span class='ocrx_word' id='word_1_193' title='bbox 661 2640 709 2700; x_wconf 92' lang='lat' dir='ltr'><strong>ille</strong></span> <span class='ocrx_word' id='word_1_194' title='bbox 735 2638 1005 2715; x_wconf 88' lang='lat' dir='ltr'><strong>liberalismus,</strong></span> <span class='ocrx_word' id='word_1_195' title='bbox 1036 2641 1087 2722; x_wconf 90' lang='lat' dir='ltr'><strong>qui</strong></span> <span class='ocrx_word' id='word_1_196' title='bbox 1114 2641 1270 2722; x_wconf 89' lang='lat' dir='ltr'><strong>plerosque</strong></span> <span class='ocrx_word' id='word_1_197' title='bbox 1292 2639 1381 2701; x_wconf 89' lang='lat' dir='ltr'><strong>bodie</strong></span> 
     </span>
     <span class='ocr_line' id='line_1_23' title="bbox 219 2741 1382 2825; baseline -0.003 -20"><span class='ocrx_word' id='word_1_198' title='bbox 219 2742 303 2823; x_wconf 88' lang='lat' dir='ltr'><strong>quasi</strong></span> <span class='ocrx_word' id='word_1_199' title='bbox 316 2741 440 2804; x_wconf 88' lang='lat' dir='ltr'><strong>morbus</strong></span> <span class='ocrx_word' id='word_1_200' title='bbox 461 2742 581 2824; x_wconf 87' lang='lat' dir='ltr'><strong>quidam</strong></span> <span class='ocrx_word' id='word_1_201' title='bbox 602 2741 782 2823; x_wconf 89' lang='lat' dir='ltr'><strong>epidemicus</strong></span> <span class='ocrx_word' id='word_1_202' title='bbox 802 2741 922 2818; x_wconf 84' lang='lat' dir='ltr'><strong>invasit,</strong></span> <span class='ocrx_word' id='word_1_203' title='bbox 948 2762 1068 2825; x_wconf 89' lang='lat' dir='ltr'><strong>quoque</strong></span> <span class='ocrx_word' id='word_1_204' title='bbox 1087 2742 1190 2805; x_wconf 88' lang='lat' dir='ltr'><strong>alendo</strong></span> <span class='ocrx_word' id='word_1_205' title='bbox 1211 2750 1241 2804; x_wconf 89' lang='lat' dir='ltr'><strong>et</strong></span> <span class='ocrx_word' id='word_1_206' title='bbox 1262 2758 1382 2804; x_wconf 86' lang='lat' dir='ltr'><strong>exacer-</strong></span> 
     </span>
     <span class='ocr_line' id='line_1_24' title="bbox 217 2843 1382 2927; baseline -0.001 -21"><span class='ocrx_word' id='word_1_207' title='bbox 217 2845 315 2907; x_wconf 88' lang='lat' dir='ltr'><strong>bando</strong></span> <span class='ocrx_word' id='word_1_208' title='bbox 336 2844 472 2906; x_wconf 89' lang='lat' dir='ltr'><strong>bomines</strong></span> <span class='ocrx_word' id='word_1_209' title='bbox 492 2843 607 2906; x_wconf 75' lang='lat' dir='ltr'><strong>factiosi</strong></span> <span class='ocrx_word' id='word_1_210' title='bbox 629 2844 751 2924; x_wconf 60' lang='lat' dir='ltr'><strong>patiam</strong></span> <span class='ocrx_word' id='word_1_211' title='bbox 773 2843 829 2906; x_wconf 90' lang='lat' dir='ltr'><strong>sibi</strong></span> <span class='ocrx_word' id='word_1_212' title='bbox 844 2846 920 2927; x_wconf 92' lang='lat' dir='ltr'><strong>apud</strong></span> <span class='ocrx_word' id='word_1_213' title='bbox 941 2846 1162 2909; x_wconf 87' lang='lat' dir='ltr'><strong>multitudinem</strong></span> <span class='ocrx_word' id='word_1_214' title='bbox 1178 2854 1208 2909; x_wconf 96' lang='grc'><strong>11</strong></span> <span class='ocrx_word' id='word_1_215' title='bbox 1222 2844 1382 2907; x_wconf 87' lang='lat' dir='ltr'><strong>auotorita-</strong></span> 
     </span>
     <span class='ocr_line' id='line_1_25' title="bbox 218 2946 1380 3029; baseline -0.002 -20"><span class='ocrx_word' id='word_1_216' title='bbox 218 2955 279 3010; x_wconf 89' lang='lat' dir='ltr'><strong>tem</strong></span> <span class='ocrx_word' id='word_1_217' title='bbox 306 2953 488 3026; x_wconf 89' lang='lat' dir='ltr'><strong>comparant.</strong></span> <span class='ocrx_word' id='word_1_218' title='bbox 532 2946 670 3008; x_wconf 82' lang='lat' dir='ltr'><strong>Ceterum</strong></span> <span class='ocrx_word' id='word_1_219' title='bbox 693 2965 729 3008; x_wconf 88' lang='grc'><strong>111</strong></span> <span class='ocrx_word' id='word_1_220' title='bbox 754 2946 801 3008; x_wconf 89' lang='grc'><strong>1111</strong></span> <span class='ocrx_word' id='word_1_221' title='bbox 825 2947 911 3027; x_wconf 90' lang='lat' dir='ltr'><strong>ipsis,</strong></span> <span class='ocrx_word' id='word_1_222' title='bbox 938 2947 990 3028; x_wconf 87' lang='lat' dir='ltr'><strong>qui</strong></span> <span class='ocrx_word' id='word_1_223' title='bbox 1014 2948 1057 3011; x_wconf 92' lang='lat' dir='ltr'><strong>sic</strong></span> <span class='ocrx_word' id='word_1_224' title='bbox 1082 2948 1199 3029; x_wconf 88' lang='lat' dir='ltr'><strong>plebem</strong></span> <span class='ocrx_word' id='word_1_225' title='bbox 1225 2947 1380 3027; x_wconf 73' lang='lat' dir='ltr'><strong>exagitant,</strong></span> 
     </span>
     <span class='ocr_line' id='line_1_26' title="bbox 219 3048 1382 3132; baseline 0 -22"><span class='ocrx_word' id='word_1_226' title='bbox 219 3049 353 3131; x_wconf 88' lang='lat' dir='ltr'><strong>quamvis</strong></span> <span class='ocrx_word' id='word_1_227' title='bbox 363 3049 447 3112; x_wconf 88' lang='lat' dir='ltr'><strong>multi</strong></span> <span class='ocrx_word' id='word_1_228' title='bbox 455 3048 532 3111; x_wconf 91' lang='lat' dir='ltr'><strong>haud</strong></span> <span class='ocrx_word' id='word_1_229' title='bbox 542 3048 629 3111; x_wconf 92' lang='lat' dir='ltr'><strong>dubie</strong></span> <span class='ocrx_word' id='word_1_230' title='bbox 642 3049 719 3129; x_wconf 91' lang='lat' dir='ltr'><strong>quod</strong></span> <span class='ocrx_word' id='word_1_231' title='bbox 731 3049 827 3111; x_wconf 84' lang='lat' dir='ltr'><strong>verbis</strong></span> <span class='ocrx_word' id='word_1_232' title='bbox 841 3068 911 3132; x_wconf 88' lang='lat' dir='ltr'><strong>prae</strong></span> <span class='ocrx_word' id='word_1_233' title='bbox 922 3068 954 3111; x_wconf 91' lang='lat' dir='ltr'><strong>se</strong></span> <span class='ocrx_word' id='word_1_234' title='bbox 966 3051 1064 3113; x_wconf 88' lang='grc'><strong>111111</strong></span> <span class='ocrx_word' id='word_1_235' title='bbox 1075 3051 1164 3113; x_wconf 89' lang='lat' dir='ltr'><strong>etiam</strong></span> <span class='ocrx_word' id='word_1_236' title='bbox 1176 3050 1232 3132; x_wconf 87' lang='lat' dir='ltr'><strong>ipsi</strong></span> <span class='ocrx_word' id='word_1_237' title='bbox 1243 3049 1382 3126; x_wconf 87' lang='lat' dir='ltr'><strong>sentiant,</strong></span> 
     </span>
     <span class='ocr_line' id='line_1_27' title="bbox 221 3151 1380 3216; baseline -0.001 -2"><span class='ocrx_word' id='word_1_238' title='bbox 221 3171 326 3215; x_wconf 89' lang='lat' dir='ltr'><strong>omnes</strong></span> <span class='ocrx_word' id='word_1_239' title='bbox 354 3160 455 3214; x_wconf 86' lang='lat' dir='ltr'><strong>tamen</strong></span> <span class='ocrx_word' id='word_1_240' title='bbox 477 3160 512 3214; x_wconf 93' lang='lat' dir='ltr'><strong>ut</strong></span> <span class='ocrx_word' id='word_1_241' title='bbox 534 3170 567 3213; x_wconf 93' lang='grc'><strong>11</strong></span> <span class='ocrx_word' id='word_1_242' title='bbox 592 3170 659 3214; x_wconf 84' lang='lat' dir='ltr'><strong>vera</strong></span> <span class='ocrx_word' id='word_1_243' title='bbox 690 3151 885 3215; x_wconf 88' lang='lat' dir='ltr'><strong>democratiae</strong></span> <span class='ocrx_word' id='word_1_244' title='bbox 911 3153 1008 3216; x_wconf 84' lang='lat' dir='ltr'><strong>farere</strong></span> <span class='ocrx_word' id='word_1_245' title='bbox 1031 3155 1147 3216; x_wconf 90' lang='lat' dir='ltr'><strong>credam</strong></span> <span class='ocrx_word' id='word_1_246' title='bbox 1170 3154 1217 3214; x_wconf 82' lang='lat' dir='ltr'><strong>vir</strong></span> <span class='ocrx_word' id='word_1_247' title='bbox 1240 3151 1380 3214; x_wconf 89' lang='lat' dir='ltr'><strong>adducor.</strong></span> 
     </span>
     <span class='ocr_line' id='line_1_28' title="bbox 220 3254 1384 3337; baseline -0.003 -19"><span class='ocrx_word' id='word_1_248' title='bbox 220 3256 315 3318; x_wconf 90' lang='lat' dir='ltr'><strong>lmmo</strong></span> <span class='ocrx_word' id='word_1_249' title='bbox 331 3256 362 3317; x_wconf 89' lang='lat' dir='ltr'><strong>in</strong></span> <span class='ocrx_word' id='word_1_250' title='bbox 377 3255 557 3337; x_wconf 88' lang='lat' dir='ltr'><strong>principibus</strong></span> <span class='ocrx_word' id='word_1_251' title='bbox 572 3254 734 3317; x_wconf 83' lang='lat' dir='ltr'><strong>factionum</strong></span> <span class='ocrx_word' id='word_1_252' title='bbox 750 3262 838 3335; x_wconf 90' lang='lat' dir='ltr'><strong>atque</strong></span> <span class='ocrx_word' id='word_1_253' title='bbox 853 3256 1039 3330; x_wconf 90' lang='lat' dir='ltr'><strong>ductoribus,</strong></span> <span class='ocrx_word' id='word_1_254' title='bbox 1054 3274 1181 3337; x_wconf 89' lang='lat' dir='ltr'><strong>quorum</strong></span> <span class='ocrx_word' id='word_1_255' title='bbox 1197 3255 1287 3319; x_wconf 90' lang='lat' dir='ltr'><strong>ceteri</strong></span> <span class='ocrx_word' id='word_1_256' title='bbox 1300 3256 1384 3335; x_wconf 78' lang='lat' dir='ltr'><strong>signa</strong></span> 
     </span>
     <span class='ocr_line' id='line_1_29' title="bbox 219 3356 1382 3442; baseline -0.003 -21"><span class='ocrx_word' id='word_1_257' title='bbox 219 3366 378 3440; x_wconf 88' lang='lat' dir='ltr'><strong>sequntur,</strong></span> <span class='ocrx_word' id='word_1_258' title='bbox 403 3377 464 3422; x_wconf 93' lang='lat' dir='ltr'><strong>non</strong></span> <span class='ocrx_word' id='word_1_259' title='bbox 490 3377 599 3442; x_wconf 91' lang='lat' dir='ltr'><strong>paucos</strong></span> <span class='ocrx_word' id='word_1_260' title='bbox 627 3377 692 3421; x_wconf 86' lang='lat' dir='ltr'><strong>esse</strong></span> <span class='ocrx_word' id='word_1_261' title='bbox 716 3359 800 3421; x_wconf 86' lang='lat' dir='ltr'><strong>rideo</strong></span> <span class='ocrx_word' id='word_1_262' title='bbox 820 3357 877 3420; x_wconf 90' lang='lat' dir='ltr'><strong>hac</strong></span> <span class='ocrx_word' id='word_1_263' title='bbox 896 3358 999 3421; x_wconf 90' lang='lat' dir='ltr'><strong>saltem</strong></span> <span class='ocrx_word' id='word_1_264' title='bbox 1015 3358 1156 3422; x_wconf 91' lang='lat' dir='ltr'><strong>mediocri</strong></span> <span class='ocrx_word' id='word_1_265' title='bbox 1167 3357 1319 3441; x_wconf 87' lang='lat' dir='ltr'><strong>prudentia</strong></span> <span class='ocrx_word' id='word_1_266' title='bbox 1334 3356 1382 3418; x_wconf 87' lang='lat' dir='ltr'><strong>in-</strong></span> 
     </span>
     <span class='ocr_line' id='line_1_30' title="bbox 221 3459 1382 3542; baseline -0.001 -21"><span class='ocrx_word' id='word_1_267' title='bbox 221 3467 357 3535; x_wconf 87' lang='lat' dir='ltr'><strong>structos,</strong></span> <span class='ocrx_word' id='word_1_268' title='bbox 375 3469 408 3523; x_wconf 90' lang='lat' dir='ltr'><strong>ut</strong></span> <span class='ocrx_word' id='word_1_269' title='bbox 422 3469 500 3523; x_wconf 89' lang='lat' dir='ltr'><strong>stare</strong></span> <span class='ocrx_word' id='word_1_270' title='bbox 514 3479 576 3523; x_wconf 91' lang='lat' dir='ltr'><strong>non</strong></span> <span class='ocrx_word' id='word_1_271' title='bbox 591 3480 679 3542; x_wconf 89' lang='lat' dir='ltr'><strong>posse</strong></span> <span class='ocrx_word' id='word_1_272' title='bbox 694 3460 854 3541; x_wconf 82' lang='lat' dir='ltr'><strong>intelligant</strong></span> <span class='ocrx_word' id='word_1_273' title='bbox 868 3462 1150 3542; x_wconf 85' lang='lat' dir='ltr'><strong>salvamqueservari</strong></span> <span class='ocrx_word' id='word_1_274' title='bbox 1160 3479 1224 3522; x_wconf 90' lang='lat' dir='ltr'><strong>rem</strong></span> <span class='ocrx_word' id='word_1_275' title='bbox 1236 3459 1382 3541; x_wconf 85' lang='lat' dir='ltr'><strong>publicam</strong></span> 
     </span>
     <span class='ocr_line' id='line_1_31' title="bbox 222 3563 1383 3643; baseline 0 -19"><span class='ocrx_word' id='word_1_276' title='bbox 222 3581 296 3643; x_wconf 91' lang='lat' dir='ltr'><strong>quae</strong></span> <span class='ocrx_word' id='word_1_277' title='bbox 311 3563 507 3625; x_wconf 87' lang='lat' dir='ltr'><strong>multitudinis</strong></span> <span class='ocrx_word' id='word_1_278' title='bbox 522 3563 643 3626; x_wconf 88' lang='lat' dir='ltr'><strong>arbitrio</strong></span> <span class='ocrx_word' id='word_1_279' title='bbox 658 3564 894 3638; x_wconf 86' lang='lat' dir='ltr'><strong>administretur,</strong></span> <span class='ocrx_word' id='word_1_280' title='bbox 910 3573 940 3626; x_wconf 90' lang='lat' dir='ltr'><strong>et</strong></span> <span class='ocrx_word' id='word_1_281' title='bbox 955 3563 1033 3643; x_wconf 90' lang='lat' dir='ltr'><strong>quod</strong></span> <span class='ocrx_word' id='word_1_282' title='bbox 1047 3563 1210 3626; x_wconf 79' lang='lat' dir='ltr'><strong>Alcibiades</strong></span> <span class='ocrx_word' id='word_1_283' title='bbox 1225 3563 1294 3625; x_wconf 91' lang='lat' dir='ltr'><strong>olim</strong></span> <span class='ocrx_word' id='word_1_284' title='bbox 1311 3581 1383 3643; x_wconf 92' lang='lat' dir='ltr'><strong>prc-</strong></span> 
     </span>
     <span class='ocr_line' id='line_1_32' title="bbox 219 3655 1381 3750; baseline -0.001 -24"><span class='ocrx_word' id='word_1_285' title='bbox 219 3664 317 3726; x_wconf 84' lang='lat' dir='ltr'><strong>lessus</strong></span> <span class='ocrx_word' id='word_1_286' title='bbox 337 3674 382 3726; x_wconf 88' lang='lat' dir='ltr'><strong>est</strong></span> <span class='ocrx_word' id='word_1_287' title='bbox 403 3665 614 3729; x_wconf 83' lang='lat' dir='ltr'><strong>democratiam</strong></span> <span class='ocrx_word' id='word_1_288' title='bbox 634 3686 697 3729; x_wconf 86' lang='lat' dir='ltr'><strong>esse</strong></span> <span class='ocrx_word' id='word_1_289' title='bbox 720 3656 983 3750; x_wconf 74' lang='lat' dir='ltr'><strong>dpodoyoopa‘rpc</strong></span> <span class='ocrx_word' id='word_1_290' title='bbox 1006 3655 1171 3741; x_wconf 63' lang='lat' dir='ltr'><strong>livorem),</strong></span> <span class='ocrx_word' id='word_1_291' title='bbox 1195 3666 1221 3727; x_wconf 94' lang='lat' dir='ltr'><strong>id</strong></span> <span class='ocrx_word' id='word_1_292' title='bbox 1243 3663 1381 3726; x_wconf 86' lang='grc'><strong>11111111</strong></span> 
     </span>
     <span class='ocr_line' id='line_1_33' title="bbox 222 3766 1382 3850; baseline -0.002 -21"><span class='ocrx_word' id='word_1_293' title='bbox 222 3766 340 3847; x_wconf 86' lang='lat' dir='ltr'><strong>quidem</strong></span> <span class='ocrx_word' id='word_1_294' title='bbox 363 3767 513 3829; x_wconf 89' lang='lat' dir='ltr'><strong>bominem</strong></span> <span class='ocrx_word' id='word_1_295' title='bbox 537 3769 681 3833; x_wconf 80' lang='lat' dir='ltr'><strong>furiosum</strong></span> <span class='ocrx_word' id='word_1_296' title='bbox 701 3770 803 3850; x_wconf 82' lang='lat' dir='ltr'><strong>lugere</strong></span> <span class='ocrx_word' id='word_1_297' title='bbox 823 3770 964 3844; x_wconf 90' lang='lat' dir='ltr'><strong>arbitror,</strong></span> <span class='ocrx_word' id='word_1_298' title='bbox 990 3768 1055 3850; x_wconf 88' lang='lat' dir='ltr'><strong>qui,</strong></span> <span class='ocrx_word' id='word_1_299' title='bbox 1083 3789 1141 3848; x_wconf 90' lang='lat' dir='ltr'><strong>quo</strong></span> <span class='ocrx_word' id='word_1_300' title='bbox 1164 3769 1306 3830; x_wconf 90' lang='lat' dir='ltr'><strong>maiorem</strong></span> <span class='ocrx_word' id='word_1_301' title='bbox 1327 3766 1382 3828; x_wconf 93' lang='lat' dir='ltr'><strong>sibi</strong></span> 
     </span>
     <span class='ocr_line' id='line_1_34' title="bbox 219 3870 1382 3953; baseline -0.002 -22"><span class='ocrx_word' id='word_1_302' title='bbox 219 3871 312 3953; x_wconf 89' lang='lat' dir='ltr'><strong>plebis</strong></span> <span class='ocrx_word' id='word_1_303' title='bbox 327 3870 456 3931; x_wconf 80' lang='lat' dir='ltr'><strong>favorem</strong></span> <span class='ocrx_word' id='word_1_304' title='bbox 473 3872 655 3946; x_wconf 83' lang='lat' dir='ltr'><strong>conciliaret,</strong></span> <span class='ocrx_word' id='word_1_305' title='bbox 676 3883 891 3937; x_wconf 86' lang='lat' dir='ltr'><strong>sacrosanctam</strong></span> <span class='ocrx_word' id='word_1_306' title='bbox 908 3872 1117 3936; x_wconf 88' lang='lat' dir='ltr'><strong>democratiam</strong></span> <span class='ocrx_word' id='word_1_307' title='bbox 1139 3872 1305 3952; x_wconf 89' lang='lat' dir='ltr'><strong>praedicare</strong></span> <span class='ocrx_word' id='word_1_308' title='bbox 1321 3886 1382 3931; x_wconf 92' lang='lat' dir='ltr'><strong>non</strong></span> 
     </span>
     <span class='ocr_line' id='line_1_35' title="bbox 218 3970 1382 4057; baseline -0.004 -19"><span class='ocrx_word' id='word_1_309' title='bbox 218 3973 347 4038; x_wconf 89' lang='lat' dir='ltr'><strong>erubuit.</strong></span> <span class='ocrx_word' id='word_1_310' title='bbox 392 3970 488 4033; x_wconf 87' lang='lat' dir='ltr'><strong>Unam</strong></span> <span class='ocrx_word' id='word_1_311' title='bbox 503 3974 650 4035; x_wconf 89' lang='lat' dir='ltr'><strong>salubrem</strong></span> <span class='ocrx_word' id='word_1_312' title='bbox 665 3975 707 4037; x_wconf 89' lang='lat' dir='ltr'><strong>rei</strong></span> <span class='ocrx_word' id='word_1_313' title='bbox 722 3976 854 4057; x_wconf 88' lang='lat' dir='ltr'><strong>publicae</strong></span> <span class='ocrx_word' id='word_1_314' title='bbox 877 3977 1003 4038; x_wconf 82' lang='lat' dir='ltr'><strong>formam</strong></span> <span class='ocrx_word' id='word_1_315' title='bbox 1020 3994 1085 4037; x_wconf 89' lang='lat' dir='ltr'><strong>eam</strong></span> <span class='ocrx_word' id='word_1_316' title='bbox 1105 3993 1186 4047; x_wconf 88' lang='lat' dir='ltr'><strong>esse,</strong></span> <span class='ocrx_word' id='word_1_317' title='bbox 1208 3992 1282 4054; x_wconf 84' lang='lat' dir='ltr'><strong>quae</strong></span> <span class='ocrx_word' id='word_1_318' title='bbox 1303 3971 1382 4055; x_wconf 92' lang='lat' dir='ltr'><strong>opti·</strong></span> 
     </span>
     <span class='ocr_line' id='line_1_36' title="bbox 222 4075 1382 4158; baseline -0.003 -18"><span class='ocrx_word' id='word_1_319' title='bbox 222 4094 342 4140; x_wconf 89' lang='lat' dir='ltr'><strong>morum</strong></span> <span class='ocrx_word' id='word_1_320' title='bbox 359 4095 393 4138; x_wconf 87' lang='lat' dir='ltr'><strong>ac</strong></span> <span class='ocrx_word' id='word_1_321' title='bbox 414 4076 703 4157; x_wconf 88' lang='lat' dir='ltr'><strong>sapientissimorum</strong></span> <span class='ocrx_word' id='word_1_322' title='bbox 724 4079 845 4141; x_wconf 89' lang='lat' dir='ltr'><strong>consilio</strong></span> <span class='ocrx_word' id='word_1_323' title='bbox 867 4086 898 4142; x_wconf 89' lang='lat' dir='ltr'><strong>et</strong></span> <span class='ocrx_word' id='word_1_324' title='bbox 919 4078 1093 4141; x_wconf 88' lang='lat' dir='ltr'><strong>auctoritate</strong></span> <span class='ocrx_word' id='word_1_325' title='bbox 1108 4084 1242 4158; x_wconf 81' lang='lat' dir='ltr'><strong>regatur,</strong></span> <span class='ocrx_word' id='word_1_326' title='bbox 1263 4075 1321 4138; x_wconf 92' lang='lat' dir='ltr'><strong>hoc</strong></span> <span class='ocrx_word' id='word_1_327' title='bbox 1335 4082 1382 4138; x_wconf 88' lang='lat' dir='ltr'><strong>est</strong></span> 
     </span>
    </p>
   </div>
   <div class='ocr_carea' id='block_1_3' title="bbox 223 4293 1382 4456">
    <p class='ocr_par' dir='ltr' id='par_1_3' title="bbox 223 4293 1382 4456">
     <span class='ocr_line' id='line_1_37' title="bbox 290 4293 1382 4371; baseline -0.004 -20"><span class='ocrx_word' id='word_1_328' title='bbox 290 4298 316 4364; x_wconf 76' lang='grc'><strong>4)</strong></span> <span class='ocrx_word' id='word_1_329' title='bbox 335 4299 405 4366; x_wconf 79' lang='lat' dir='ltr'><strong>Apud</strong></span> <span class='ocrx_word' id='word_1_330' title='bbox 418 4298 532 4369; x_wconf 82' lang='lat' dir='ltr'><strong>Thucyd.</strong></span> <span class='ocrx_word' id='word_1_331' title='bbox 544 4297 588 4365; x_wconf 86' lang='lat' dir='ltr'><strong>Vl,</strong></span> <span class='ocrx_word' id='word_1_332' title='bbox 600 4299 642 4351; x_wconf 79' lang='lat'><strong>89.</strong></span> <span class='ocrx_word' id='word_1_333' title='bbox 672 4297 709 4351; x_wconf 87' lang='lat' dir='ltr'><strong>cl.</strong></span> <span class='ocrx_word' id='word_1_334' title='bbox 721 4298 825 4371; x_wconf 75' lang='lat' dir='ltr'><strong>Dionys.</strong></span> <span class='ocrx_word' id='word_1_335' title='bbox 838 4300 893 4355; x_wconf 74' lang='lat' dir='ltr'><strong>aar.</strong></span> <span class='ocrx_word' id='word_1_336' title='bbox 907 4300 1017 4367; x_wconf 67' lang='grc'><strong>11111.</strong></span> <span class='ocrx_word' id='word_1_337' title='bbox 1032 4301 1109 4353; x_wconf 77' lang='lat'>1179:</span> <span class='ocrx_word' id='word_1_338' title='bbox 1123 4296 1298 4370; x_wconf 77' lang='grc' dir='ltr'><strong><em>δημοκρατία</em></strong></span> <span class='ocrx_word' id='word_1_339' title='bbox 1310 4293 1382 4366; x_wconf 75' lang='grc' dir='ltr'><strong><em>ἅμα·</em></strong></span> 
     </span>
     <span class='ocr_line' id='line_1_38' title="bbox 223 4378 807 4456; baseline 0.007 -21"><span class='ocrx_word' id='word_1_340' title='bbox 223 4378 347 4448; x_wconf 65' lang='lat' dir='ltr'><strong>osorem</strong></span> <span class='ocrx_word' id='word_1_341' title='bbox 359 4385 417 4437; x_wconf 75' lang='grc' dir='ltr'><strong>τῶν</strong></span> <span class='ocrx_word' id='word_1_342' title='bbox 429 4383 459 4437; x_wconf 71' lang='grc' dir='ltr'><strong>ἒν</strong></span> <span class='ocrx_word' id='word_1_343' title='bbox 470 4381 637 4456; x_wconf 74' lang='grc' dir='ltr'><strong><em>ἀνθρώποις</em></strong></span> <span class='ocrx_word' id='word_1_344' title='bbox 649 4386 807 4444; x_wconf 74' lang='grc' dir='ltr'><strong><em>πολιτειῶν.</em></strong></span> 
     </span>
    </p>
   </div>
   <div class='ocr_carea' id='block_1_4' title="bbox 0 0 1620 5148">
    <p class='ocr_par' dir='ltr' id='par_1_4' title="bbox 0 0 1620 5148">
     <span class='ocr_line' id='line_1_39' title="bbox 0 0 1620 5148; baseline 0 0"><span class='ocrx_word' id='word_1_345' title='bbox 0 0 1620 5148; x_wconf 95' lang='lat' dir='ltr'><strong> </strong></span> 
     </span>
    </p>
   </div>
  </div>
 </body>
</html>
