3190 5136
123 617 283 700 σύνδικον,
310 632 426 703 practer
444 624 579 703 vulgares
597 622 838 703 significationes,
863 621 994 684 etiamid
1014 638 1079 682 esse
1093 628 1180 701 puto,
1206 621 1285 702 quod

123 728 200 789 aliem
214 737 296 789 recte
310 734 339 788 et
353 727 549 789 condecenter
564 726 730 789 conveniat:
749 744 844 804 neque
863 724 942 787 enim
957 723 1086 785 diversae
1101 724 1201 803 stirpis
1217 732 1287 785 sunt

124 824 194 914 διἰιη
215 838 247 892 et
273 830 384 891 decet.
430 828 482 890 Sic
501 829 660 903 Pindarus,
681 847 772 908 quum
791 827 997 908 phormingem
1017 826 1088 887 dicit
1101 826 1244 907 Apollinis
1259 834 1288 887 et

125 934 274 995 Musamm
294 927 449 995 σύνδικον
467 925 614 1005 κτέανον,
640 949 703 992 non
727 948 916 993 communem
941 929 988 989 his
1010 930 1061 988 sed
1081 938 1179 1010 aptam
1201 936 1287 1008 atquc

125 1036 278 1097 decentem
296 1034 377 1107 dicit,
402 1043 490 1114 atque
511 1035 555 1096 sio
568 1033 741 1113 Aeschylus,
766 1052 858 1113 quum
881 1031 1029 1111 Thyesten
1048 1049 1103 1110 pro
1123 1038 1287 1093 acroamate

126 1137 245 1199 eonririi
256 1138 336 1199 dues
347 1137 519 1199 devotiones
531 1129 689 1210 συνδλκως
703 1135 877 1196 inclamasse
892 1133 970 1206 dicit,
982 1132 1011 1194 id
1023 1152 1090 1195 eum
1102 1134 1178 1196 iuste
1189 1133 1288 1213 reique

125 1240 214 1303 atroci
228 1238 426 1301 condecenter
441 1239 548 1301 lesisse
562 1239 643 1313 dicit,
658 1237 811 1318 potuitque
825 1235 930 1297 codem
945 1253 1035 1298 sensu
1050 1235 1137 1299 etiam
1152 1227 1289 1310 ἐνδίκως

126 1342 226 1405 dicere.

205 1495 380 1574 Perpetrato
395 1496 522 1557 facinore
537 1496 572 1559 ab
584 1496 670 1557 Atreo
686 1514 751 1556 sese
763 1494 858 1555 adbuc
872 1494 1024 1574 praeculum
1038 1511 1103 1554 cum
1116 1500 1197 1572 patre
1211 1501 1287 1555 terra
1310 1498 1340 1547 10

126 1597 277 1678 expulsum
294 1617 360 1658 esse
373 1598 530 1677 Aegisthus
545 1607 689 1660 memorat
704 1617 730 1657 v.
749 1596 843 1658 1573:

323 1725 436 1815 τρίτον
458 1729 519 1818 γὰρ
541 1723 620 1797 ’ὄντα
640 1724 674 1813 μ’
694 1726 766 1795 ἐπὶ
789 1722 868 1794 δέκ’
891 1721 1003 1816 ἀθλίῳ
1018 1727 1122 1815 πατρὶ

326 1830 546 1913 συνεξελαύνει
566 1831 690 1898 vovebo
713 1823 776 1896 ὄντ’
798 1827 833 1896 ἐν
855 1828 1066 1915 σπαργάνοις.

126 1973 281 2035 Trodeeim
292 1973 436 2055 'l'byestae
451 1974 526 2036 lilios
538 1974 629 2035 luisse
644 1990 731 2033 nemo
744 1980 901 2032 memorat:
917 1978 976 2031 tres
991 1978 1104 2031 tantum
1116 1978 1194 2032 auta
1211 1989 1287 2033 non-

17 2074 18 2129 i
125 2074 209 2137 nullis
237 2083 379 2155 qnattmr
399 2074 491 2137 luisse
514 2075 658 2136 dicuntur.
710 2072 812 2151 Neque
833 2073 931 2152 ipsum
956 2091 1008 2152 per
1030 2093 1062 2135 se
1082 2075 1217 2136 credibile
1236 2086 1289 2150 est,

124 2178 280 2239 duodecim
303 2176 340 2239 ab
365 2177 452 2239 Atreo
476 2176 595 2237 mactari
619 2174 761 2255 potuisse.
805 2174 893 2236 Recte
912 2176 998 2253 igitur
1017 2175 1173 2255 Emperius
1192 2179 1288 2239 locum

124 2289 298 2360 corruptum
315 2298 381 2341 esse
396 2279 543 2350 iudicavit;
558 2279 610 2339 sed
626 2295 699 2358 quae
713 2276 749 2337 eb
764 2295 799 2337 eo
815 2277 1011 2338 correctiones
1026 2288 1245 2358 proponuntnrg
1261 2280 1289 2341 in

124 2382 225 2444 Dium.
242 2380 386 2460 antiquar.
401 2400 469 2442 ann.
488 2380 586 2454 1835,
604 2399 663 2442 una
683 2398 711 2460 p.
729 2378 805 2452 635,
824 2372 935 2460 τρίτον
959 2374 1020 2462 γὰρ
1042 2368 1120 2442 bna
1140 2374 1174 2462 μ’
1186 2373 1291 2465 ιἔλιπε

122 2476 261 2568 κᾶθλύῳ
277 2477 381 2565 πατρὶ
396 2476 627 2559 συνεξελαύνει,
644 2482 731 2544 altem
747 2500 775 2560 p.
795 2482 886 2556 1000,
897 2471 929 2560 μ)
946 2475 1005 2543 ἐπὶ
1022 2473 1095 2544 ούσ’
1109 2485 1153 2545 vel
1168 2478 1227 2546 ἐπὶ
1244 2470 1291 2547 δύ’

123 2577 201 2648 dd).
219 2576 336 2666 πατρί,
352 2586 455 2646 harum
467 2593 602 2646 neutram
616 2583 796 2664 probabilem
813 2602 878 2643 esse
893 2583 1012 2662 quilibet
1026 2585 1103 2646 haud
1116 2586 1203 2647 dubie
1216 2589 1290 2649 ller-

123 2705 236 2749 manno
263 2685 449 2747 assentietur.
492 2686 558 2765 lpse
577 2686 764 2747 Hermannus
784 2685 914 2765 scripsit:
945 2677 1057 2768 τρίτον
1082 2683 1142 2771 γὰρ
1162 2678 1240 2750 ὄντα
1258 2682 1291 2769 μ’

121 2780 256 2867 ἕπύύεχ’
282 2780 395 2872 ἀθλίῳ
415 2782 527 2870 πατρί,
550 2808 660 2851 norum
680 2797 708 2849 et
727 2788 890 2849 inauditum
913 2789 1085 2850 vocabulum
1107 2800 1290 2852 commentus

120 2884 260 2967 ἕπύόεξ,
275 2891 364 2970 idque
379 2891 493 2970 passive
508 2891 618 2953 dictum
635 2890 802 2969 suspicatus
819 2891 942 2963 ,,ι1εεο,
962 2891 1012 2969 qui
1027 2899 1097 2971 post
1118 2892 1190 2953 alios
1209 2913 1290 2955 aecc-

120 3003 191 3074 ptus
206 2993 259 3065 sit,
282 3002 314 3055 ut
328 2991 377 3053 hic
391 2993 426 3054 de
439 2994 578 3073 Aegistho
594 3001 664 3074 post
678 3000 819 3054 mactatos
834 2994 936 3053 iratres
952 2994 1026 3073 patri
1046 3002 1147 3056 nalo.“
1176 2996 1219 3057 Ad
1235 2998 1292 3057 boc

120 3113 216 3175 genus
233 3095 420 3157 coniecturae
434 3113 496 3158 non
511 3096 591 3157 focile
606 3095 832 3174 confugiendum
848 3104 906 3171 est,
927 3097 983 3157 nisi
999 3117 1090 3177 quum
1106 3106 1216 3159 ceterae
1230 3098 1291 3159 viae

119 3208 170 3260 ant
184 3196 363 3259 emendandi
378 3206 428 3259 eut
440 3198 649 3279 interpretandi
665 3199 770 3259 frustm
785 3205 910 3259 tentatae
925 3206 1003 3258 sunt.
1036 3200 1100 3260 Hoc
1113 3209 1210 3263 autem
1225 3200 1290 3262 loco

119 3300 288 3380 permirum
301 3307 346 3359 est
357 3300 466 3361 nemini
477 3301 508 3362 in
520 3308 649 3361 mentem
661 3299 776 3360 venisse
787 3293 899 3382 τρίτον
910 3297 970 3381 ydp
987 3291 1066 3361 drea
1079 3293 1112 3381 μ’
1127 3294 1187 3379 dcc,
1202 3322 1290 3383 prae-

118 3414 260 3485 terquam
275 3402 327 3463 uni
342 3401 376 3461 G.
392 3401 422 3463 C.
439 3402 483 3463 W.
499 3401 688 3474 Schneidero,
702 3400 752 3481 qui
768 3419 845 3463 anrso
865 3402 945 3463 1830
960 3403 1207 3481 bgarnemnonem
1224 3425 1289 3467 cnm

122 3503 343 3568 commentario
355 3504 446 3565 edidit
456 3522 526 3566 sane
538 3502 706 3565 lutibssimo
719 3514 747 3564 et
758 3504 978 3566 absurdissimis
990 3505 1075 3586 nugis
1087 3508 1203 3582 referto,
1218 3528 1291 3589 quae

121 3627 213 3671 eausa
227 3606 322 3669 inisse
336 3604 463 3679 videtur,
482 3613 515 3668 ut
534 3624 622 3667 nemo
643 3623 710 3668 eum
726 3605 871 3688 inspicere
891 3613 942 3668 ant
957 3625 1031 3686 quae
1046 3609 1082 3669 ab
1096 3610 1217 3673 homine
1231 3620 1289 3673 mm

119 3708 261 3789 imperito
278 3716 307 3768 et
322 3706 434 3769 insulso
446 3707 559 3787 prolata
574 3715 675 3769 essent
689 3716 820 3787 repetere
837 3708 966 3771 volucrit.
989 3710 1065 3771 llaec
1080 3721 1175 3774 umen
1192 3714 1290 3776 conie-

120 3818 205 3872 ctura
219 3828 408 3889 nequaquam
425 3809 590 3890 spernenda
605 3818 675 3871 erat.
712 3810 833 3872 Duobus
848 3812 948 3891 pueris
963 3814 1104 3889 mactatis,
1119 3816 1222 3877 tertius
1238 3818 1289 3878 ad-

118 3911 178 3974 buc
194 3919 352 3992 superstes
367 3919 442 3973 erat:
469 3913 497 3973 id
512 3922 542 3973 et
556 3910 746 3974 conveniebat
761 3912 816 3974 dici
831 3922 860 3975 et
874 3914 979 3976 dicitur
993 3917 1156 3996 aptissime:
1181 3912 1292 4001 τρίτον

119 4010 183 4097 γὰρ
198 4004 284 4076 ὄντα
303 4007 338 4093 μ’
356 4004 418 4075 ἔτι.
463 4008 655 4089 Andelos
669 4022 766 4076 autem
781 4032 842 4075 non
858 4024 903 4077 est
917 4019 1074 4080 verendum
1089 4038 1126 4081 ne
1140 4022 1207 4100 quis
1224 4042 1291 4085 oum

120 4116 228 4177 eodem
242 4115 423 4177 Schneidcro
436 4115 535 4177 itidem
550 4124 583 4177 ut
595 4111 794 4197 τρισάθλιος
808 4118 918 4178 dictum
933 4138 998 4181 esse
1013 4122 1118 4184 credat.
1152 4124 1291 4186 Scriben-

119 4217 194 4279 dum
204 4220 261 4281 crit
270 4211 454 4303 δυσαθλίῳ.
482 4218 544 4281 Nisi
560 4218 624 4300 quis
639 4220 715 4280 forte
729 4219 787 4281 hoc
801 4229 955 4299 propterea
967 4232 1094 4304 spernat
1109 4226 1189 4306 quod
1204 4225 1291 4305 nimis

121 4321 206 4383 rame
220 4322 342 4384 mrentu
356 4329 411 4383 est.
444 4320 516 4383 Nem
533 4328 604 4382 sunt
618 4339 688 4383 sane
703 4320 836 4383 nonnulli
851 4330 911 4383 tam
927 4323 1023 4405 inepte
1037 4327 1194 4399 fastidiosi,
1210 4334 1238 4386 et
1256 4325 1291 4386 il-

125 4421 197 4497 lius,
212 4424 295 4487 usius
310 4442 403 4506 supra
417 4422 597 4485 mentionem
611 4422 681 4495 leci,
706 4408 850 4485 venatorio
869 4424 992 4499 similes,
1013 4435 1046 4489 ut
1060 4447 1133 4506 quoe
1147 4429 1177 4488 in
1192 4426 1292 4487 medio
