3290 5142
863 469 905 534 38

302 666 352 725 tor
369 666 433 738 est,
450 666 485 722 ut
505 658 617 723 odiam
636 658 695 723 nisi
714 658 745 721 in
764 659 910 723 nobilibus
923 658 1064 722 mtutem
1078 674 1147 722 osse
1164 664 1298 733 oenum,
1320 658 1464 741 ignobiles

303 769 404 827 autem
419 778 522 825 omnes
536 769 661 843 propter
672 763 731 824 boo
743 761 844 842 ipsum
857 763 948 826 etiem
962 761 1151 835 inhonestos,
1176 761 1284 835 melos,
1305 761 1387 824 nullo
1406 763 1465 847 loo·

303 882 377 930 nore
401 865 506 946 dignos
530 870 631 945 putet,
657 862 721 926 illos
736 863 815 928 solos
838 855 1006 945 ἀγαθούς,
1028 857 1185 939 ἐσθλούς,
1207 864 1315 927 alteros
1336 857 1464 939 κακούς,

304 961 435 1043 dealoo‘g
447 967 534 1042 dieat,
548 967 654 1047 bisque
668 966 806 1048 epithetis
819 982 881 1030 non
894 974 957 1029 tam
971 984 1090 1029 morum
1113 985 1203 1047 qoam
1217 966 1332 1048 pareds
1342 966 1466 1030 diremi-

302 1077 397 1134 tatem
411 1070 553 1151 designet,
568 1086 659 1151 quum
673 1070 897 1149 perversitatem
912 1070 963 1151 qui
977 1069 1140 1150 'lbeognidi
1151 1069 1377 1149 adscripserunt,
1393 1070 1465 1133 oali·

303 1176 370 1238 dius
390 1173 479 1235 nobis
493 1190 582 1253 pom
597 1172 712 1236 mutius
726 1173 819 1253 egisse
834 1178 865 1236 et
877 1188 996 1254 gravem
1009 1172 1148 1235 iniuriam
1157 1171 1221 1234 viro
1235 1188 1297 1233 non
1318 1179 1398 1234 certe
1418 1172 1467 1235 in·

305 1270 426 1357 sipienti
446 1274 552 1337 leoisse
571 1274 719 1337 ridentur.
762 1275 837 1337 Nam
857 1292 919 1337 non
940 1275 1085 1339 divusam
1109 1275 1141 1337 in
1160 1275 1287 1337 istorum
1307 1273 1465 1338 vocabulo·

302 1396 371 1442 rum
385 1395 443 1441 usu
456 1377 603 1440 rationem
617 1375 765 1458 Theognis
781 1376 928 1452 observat,
943 1396 1033 1458 quam
1047 1395 1123 1460 quoe
1138 1376 1176 1440 ab
1191 1376 1329 1439 omnibus
1343 1376 1412 1439 inde
1429 1376 1466 1439 ab

303 1481 434 1544 Homero
449 1479 642 1560 scriptoribus
656 1479 766 1560 graecis
781 1479 929 1542 observari
939 1480 1024 1542 solita
1035 1486 1089 1554 est,
1105 1486 1140 1542 ut
1149 1469 1313 1560 ἀγαθούς,
1324 1472 1467 1555 ludher

304 1602 357 1645 eos
377 1581 485 1656 dicant,
500 1599 576 1661 quos
590 1582 699 1644 virtute
714 1581 841 1664 quodam
855 1600 946 1663 supra
958 1582 1061 1663 vulpe
1074 1582 1214 1664 iguem
1227 1581 1387 1645 mabuetos
1400 1601 1467 1645 esse

304 1684 430 1745 videant.
476 1683 561 1758 Quod
582 1702 674 1765 qum
699 1687 860 1768 andpdtus
883 1686 956 1749 haee
974 1684 1069 1747 virtus
1088 1683 1263 1747 militaribus
1278 1684 1467 1764 mutianum

304 1786 417 1851 artibus
438 1802 652 1869 armorumque
670 1790 890 1852 tractandorum
915 1787 1067 1860 lumitate,
1091 1785 1197 1848 deinde
1217 1785 1345 1848 civilium
1365 1804 1467 1850 rerum

304 1888 461 1972 prudentia
480 1894 511 1950 et
524 1888 636 1951 sollerti
649 1890 904 1955 administratione
923 1894 1108 1964 aeneorum,
1130 1888 1219 1969 idque
1240 1905 1334 1969 genus
1351 1888 1469 1953 virtutis

305 1998 385 2055 eerto
404 1991 499 2054 multo
520 1991 613 2072 magis
627 1992 781 2073 multoque
795 1992 979 2074 bequendos
993 1991 1072 2072 apud
1084 1990 1200 2053 nobiles
1213 1996 1293 2052 esset
1304 1990 1469 2055 liberaliore

306 2093 435 2178 quaduu
448 2092 600 2174 obeiplim
612 2094 766 2157 institutos
780 2112 877 2177 neque
890 2095 985 2158 vietus
999 2092 1159 2175 quaerendi
1176 2093 1351 2155 neoessitate
1366 2095 1468 2157 bomi-

305 2200 379 2262 liora
394 2203 425 2258 st
436 2195 552 2258 servilia
573 2197 690 2277 negotia
703 2202 831 2260 aarum
846 2205 973 2273 boeotos,
989 2214 1073 2277 qnae,
1089 2195 1269 2257 Graecorum
1285 2195 1405 2275 quidem
1419 2197 1467 2260 iu·

306 2301 397 2373 dicio,
421 2299 538 2365 animos
558 2299 730 2374 bominum,
752 2306 831 2362 totos
850 2300 883 2362 in
896 2299 943 2362 sui
958 2304 1097 2380 quaestus
1111 2314 1181 2360 eura
1196 2304 1370 2381 occupatos,
1384 2298 1469 2362 lacile

305 2403 394 2467 otiam
413 2401 568 2464 illiberales
589 2407 618 2463 et
637 2401 673 2464 ad
688 2401 848 2464 curandam
862 2419 926 2463 rem
940 2400 1088 2483 publicam
1102 2417 1209 2481 parum
1224 2400 1346 2463 idoneos
1361 2401 1467 2465 redde·

305 2512 381 2579 rent,
398 2504 467 2586 quid
481 2503 603 2578 miratu,
618 2504 698 2585 quod
711 2504 849 2567 universo
862 2506 1015 2586 loquentes
1029 2503 1136 2568 iisdem
1150 2502 1207 2566 illis
1217 2503 1376 2578 vocabulis,
1392 2522 1468 2585 quae

304 2607 425 2690 proprie
439 2607 559 2689 quidem
573 2607 688 2670 virtutis
701 2608 913 2689 praestantiam
924 2615 976 2671 aut
990 2607 1140 2671 defectum
1154 2604 1331 2679 indicarent,
1353 2604 1468 2685 aliquo·

305 2712 362 2775 ties
382 2709 526 2774 etiamad
546 2709 684 2772 ordinum
704 2709 864 2773 deerimen
890 2710 1104 2790 designandum
1128 2708 1177 2771 usi
1202 2703 1294 2770 sunt?
1319 2724 1382 2769 non
1407 2727 1468 2789 quo

305 2812 403 2877 nullos
423 2812 501 2875 viros
521 2811 616 2875 bonos
636 2811 806 2893 probosque
824 2817 941 2894 praeter
955 2812 1082 2886 nobiles,
1102 2810 1233 2892 plebeios
1248 2817 1347 2873 autem
1363 2828 1468 2875 omnes

305 2915 395 2980 etiam
409 2915 561 2996 improbos
575 2914 729 2995 molosque
743 2915 884 2989 dicerent,
899 2915 952 2977 sod
967 2915 1047 2995 quod
1061 2913 1093 2977 in
1101 2914 1272 2977 universum
1284 2914 1468 2978 aestimanti-

229 3031 232 3035 ’
305 3019 362 3080 bns
376 3019 462 3099 longe
475 3017 542 3099 plus
557 3017 620 3080 eius
635 3017 762 3091 mutia,
778 3035 837 3099 qua
851 3017 905 3080 viri
919 3016 991 3079 boni
1005 3023 1035 3079 et
1050 3016 1298 3080 administrandae
1311 3017 1355 3079 rei
1367 3017 1467 3099 publi-

306 3138 356 3184 eae
370 3119 468 3183 idonei
482 3124 687 3195 censerentur,
708 3118 786 3201 apud
806 3119 919 3182 nobiles
940 3136 1029 3200 quom
1050 3118 1127 3200 apud
1142 3118 1286 3200 plebeiam
1300 3118 1467 3182 multitudi-

305 3241 375 3287 nem
389 3241 455 3285 esse
469 3221 631 3284 videbator.
675 3221 751 3285 Nom
771 3242 789 3284 a
809 3221 933 3305 potiori,
955 3228 989 3285 ut
1007 3222 1103 3297 aiunt,
1124 3222 1157 3285 flt
1172 3219 1337 3304 appellatio.
1381 3218 1467 3302 Apud

303 3324 505 3405 Theognidem
530 3330 631 3387 autem
657 3342 761 3389 eorum
782 3326 928 3399 looorum,
953 3325 1005 3389 ubi
1023 3324 1163 3389 vocabula
1187 3324 1244 3387 ista
1265 3322 1342 3386 cirili
1366 3324 1467 3404 potius

304 3444 395 3509 pam
409 3426 513 3489 morali
527 3426 691 3507 significatu
704 3428 873 3510 recipienda
886 3448 952 3493 esse
967 3433 1083 3491 eertum
1096 3428 1145 3502 sit,
1159 3443 1222 3489 uon
1231 3425 1270 3489 ita
1281 3442 1407 3506 magnus
1420 3431 1468 3489 est

303 3544 462 3606 nemerim
483 3530 582 3611 plures
597 3532 676 3603 sont,
700 3530 736 3591 de
752 3530 858 3610 qubus
873 3530 980 3612 ambigi
993 3531 1100 3612 possit3
1115 3546 1177 3593 non
1190 3528 1277 3611 pouol
1290 3534 1400 3603 ouum,
1415 3529 1468 3609 qui

304 3650 410 3696 sanum
425 3637 530 3714 poetae
545 3630 685 3695 iudicium
700 3632 836 3715 prodant,
851 3649 914 3694 non
928 3631 1134 3695 confundentis
1149 3648 1269 3694 morum
1288 3629 1466 3712 probitatem

304 3755 374 3800 oum
387 3735 502 3819 generis
516 3734 682 3811 nobilitate,
701 3753 757 3797 neo
776 3735 928 3799 diffitentis
949 3752 1036 3819 posse
1055 3735 1147 3799 etiam
1167 3732 1281 3796 nobiles
1303 3732 1465 3815 improbos,

303 3839 446 3921 ignobiles
468 3845 569 3901 auum
588 3840 699 3922 probos
718 3839 881 3903 ethonore
904 3838 1008 3920 dignos
1028 3857 1107 3913 esso,
1130 3836 1294 3918 pessimum
1307 3846 1409 3903 mtem
1422 3837 1467 3900 rei

303 3941 437 4025 publioae
457 3946 567 4003 mum
587 3960 658 4006 eum
680 3960 754 4016 mse,
769 3941 801 4004 in
816 3960 875 4024 quo
890 3941 1057 4023 pwuniosis
1072 3939 1257 4014 hominibus,
1282 3939 1466 4021 (argentariis

303 4051 389 4127 puto,
410 4042 640 4125 negotiatoribus
665 4043 787 4124 adaque
805 4042 833 4105 id
856 4044 977 4125 genos),
997 4043 1064 4125 plus
1079 4056 1170 4125 qoam
1184 4040 1285 4104 virtuti
1297 4041 1421 4106 lionoris
1435 4049 1467 4105 et

304 4145 485 4209 auctoritatis
498 4144 654 4210 tribuatur.
697 4142 760 4207 llao
773 4150 873 4211 mente
887 4144 1018 4221 Plutum,
1034 4144 1200 4209 diutinum
1215 4142 1314 4218 deuna
1340 4144 1466 4228 alloqui·

304 4255 355 4312 tur
368 4267 438 4314 oum
451 4246 778 4331 amrbaindignatione‚
793 4267 820 4310 r.
840 4244 931 4310 1117.
950 4246 1004 4310 18:

404 4346 545 4428 moero,
566 4349 656 4413 θεῶν
676 4340 833 4415 κάλλιστε
853 4346 910 4416 καὶ
930 4341 1141 4434 ἱμεροέστατε
1161 4344 1306 4426 πάντων,

491 4467 550 4515 ova
574 4447 629 4517 σοὶ
649 4448 828 4530 καὶκακὸς
848 4443 895 4518 ὢν
915 4447 1062 4537 γίγνεται
1081 4445 1207 4530 metes
1227 4445 1319 4541 ἀνήρ.
