3266 5140
393 1492 460 1583 ol}
483 1487 673 1585 leoffius
705 1492 884 1583 lllbml
916 1488 1108 1583 multus,

264 1768 444 1847 Perlustrare
461 1802 555 1865 nuper
574 1786 726 1865 coepimus
745 1787 839 1848 Oscae
857 1786 972 1866 linguae
990 1792 1182 1847 monumenta
1200 1804 1217 1845 a
1236 1786 1269 1845 G.
1290 1785 1322 1846 F.
1347 1803 1362 1851 3

167 1887 357 1948 Grotelendio
378 1887 408 1947 V.
428 1887 458 1948 C.
485 1887 598 1950 duabus
618 1887 722 1950 tabulis
748 1889 894 1969 descripta
918 1887 1082 1967 additisque
1106 1887 1325 1949 commentariis

167 1989 274 2069 partim
288 1988 443 2063 illustrata,
458 1989 578 2069 partim,
593 1997 626 2050 ut
644 1990 730 2050 uobis
745 1990 863 2070 quidem
878 1990 1001 2063 videtur,
1016 1990 1102 2051 diam
1117 1988 1288 2051 obseurata¹
1297 1992 1323 2065 );

166 2110 294 2172 quorum
311 2092 518 2171 contemplatio
535 2110 624 2171 quum
640 2092 733 2170 magis
753 2111 841 2172 quam
860 2095 923 2154 lore
942 2101 1147 2171 putaveramus
1167 2109 1202 2152 ac
1215 2091 1324 2152 diutius

165 2213 223 2257 uos
238 2196 372 2267 tenuerit,
388 2193 539 2273 simusque
553 2211 632 2255 none
646 2212 737 2273 quum
753 2197 877 2256 mamme
891 2195 922 2255 in
936 2194 971 2255 iis
984 2194 1078 2267 delixi,
1094 2192 1222 2255 indidem
1236 2191 1324 2255 etiam
1374 2190 1383 2205 '

165 2298 254 2359 buius
269 2296 440 2377 scriptionis
460 2304 664 2374 argumentum
684 2314 800 2358 sumere
819 2298 926 2376 placet,
946 2314 1007 2359 uon
1026 2314 1086 2376 quo
1106 2296 1164 2357 iam
1179 2312 1259 2357 nunc
1271 2295 1323 2357 als

166 2399 249 2479 quid,
269 2398 347 2478 quod
368 2398 620 2479 operaepretium
641 2399 692 2471 sit,
713 2400 808 2462 afferri
828 2420 844 2462 a
863 2399 950 2461 nobis
969 2417 1060 2480 posse
1080 2399 1246 2471 credamus,
1271 2398 1323 2479 sed

165 2503 233 2582 quia
248 2500 326 2582 piget
340 2500 399 2561 beo
412 2509 554 2579 ternpore,
570 2501 711 2580 depositis
719 2520 792 2581 quae
808 2503 1070 2575 inmanibussuut‚
1085 2501 1168 2563 aliam
1178 2499 1323 2562 scribendi

166 2602 318 2665 materiam
335 2602 571 2682 circumspicere.
602 2603 715 2676 Quodsi
731 2606 778 2666 oui
793 2606 866 2666 baec
879 2605 986 2667 leviora
1001 2604 1184 2677 ridebuntur,
1200 2621 1261 2664 uon
1276 2604 1320 2664 in-

166 2705 353 2767 tercedemus
368 2707 516 2785 prolect03
536 2706 588 2766 sed
608 2707 720 2769 lacilem
741 2717 838 2769 tamen
858 2718 887 2767 et
905 2714 1036 2787 paratam
1054 2706 1143 2768 nobis
1157 2705 1323 2767 excusatio-

163 2829 234 2872 nem
255 2812 319 2871 lore
338 2828 492 2889 speramus
512 2810 547 2873 ab
567 2810 632 2888 ipso
652 2812 760 2872 berum
775 2810 939 2872 libellorum
960 2809 1193 2871 academicorum
1208 2825 1321 2887 genere.

164 2913 271 2993 quibus
292 2922 361 2992 post
379 2914 539 2975 exantlatos
559 2921 716 2974 semestres
736 2912 850 2974 labores
870 2912 1016 2974 relaxandi
1031 2920 1060 2972 et
1073 2911 1219 2974 reficiendi
1234 2911 1323 2972 animi

165 3033 254 3077 causa
269 3034 346 3077 novo
367 3015 500 3077 laborum
521 3014 664 3077 cmricolo
684 3014 858 3094 proluditur.
889 3016 931 3075 Ac
951 3032 987 3074 ue
1001 3031 1126 3093 prorsus
1142 3021 1238 3077 tamen
1252 3015 1324 3077 baec

162 3125 267 3180 nostra
286 3118 417 3198 prolusio
438 3119 475 3180 ab
497 3137 600 3180 eorum
621 3135 749 3197 quorum
769 3118 889 3179 nomine
914 3115 1008 3179 editur
1031 3118 1167 3196 personis
1193 3117 1321 3180 abludat:

162 3221 240 3281 sicut
254 3238 405 3282 summum
420 3219 615 3282 universitatis
631 3230 750 3282 nestrae
765 3220 966 3300 magistratum
981 3220 1035 3282 bae
1045 3221 1167 3301 paginae
1177 3221 1323 3301 praeseri·

163 3330 248 3401 ptum
268 3320 390 3393 habent,
411 3322 448 3382 ita
468 3339 525 3382 nos
544 3339 624 3384 nunc
643 3323 679 3383 de
698 3341 816 3384 summo
832 3323 974 3385 Oscorum
991 3323 1212 3385 universitatum
1228 3323 1322 3403 magi-

163 3432 260 3484 stratu
270 3422 356 3485 rerba
368 3424 468 3486 lactmi
479 3442 590 3487 sumus.
602 3460 638 3471 —
654 3425 723 3487 Erat
737 3426 763 3486 is
776 3425 896 3487 Meddiar
911 3430 1022 3499 murus,
1038 3427 1116 3506 quod
1132 3445 1251 3501 nomeu,
1265 3428 1321 3489 du-

162 3525 233 3586 dum
249 3525 320 3586 Livii
341 3534 369 3587 et
383 3527 462 3589 Festi
477 3528 652 3590 testimoniis
667 3536 786 3599 notum,
807 3527 959 3607 aliquoties
975 3529 1005 3588 in
1020 3528 1106 3590 Oscis
1120 3528 1321 3609 inscriptioni-

162 3627 219 3688 bus
238 3626 377 3706 legimus,
397 3646 573 3708 quamquam
594 3648 655 3692 non
671 3632 776 3692 eodem
791 3629 898 3709 ubique
912 3629 1002 3690 modo
1019 3630 1170 3709 seriptum.
1201 3630 1275 3692 llam
1290 3633 1321 3692 in

162 3729 306 3792 Veliterno
321 3730 445 3809 quadam
461 3729 691 3814 inscriptionem
710 3732 812 3795 Medio
827 3740 886 3805 est,
902 3733 988 3812 plane
1002 3739 1034 3794 ut
1049 3733 1126 3813 apud
1141 3731 1253 3793 Liuium
1269 3752 1320 3795 co·

163 3831 241 3892 diues
261 3830 397 3893 meliores
417 3832 578 3912 habento:
601 3835 630 3896 in
650 3834 747 3897 tabula
763 3833 885 3897 llaulr'na
900 3853 1018 3914 semper
1034 3832 1145 3895 lleddt‘s
1164 3834 1280 3914 legitur,
1306 3855 1321 3896 a

233 4090 256 4153 l)
275 4090 423 4142 lludimenta
435 4090 535 4155 liuguae
548 4090 629 4143 Oscae
642 4106 675 4141 ex
686 4089 891 4159 inscriptionibus
902 4088 1011 4155 antiquis
1024 4089 1138 4141 enodata.
1164 4089 1219 4143 Scr.
1231 4088 1275 4143 Dr.
1290 4090 1320 4143 G.

162 4175 192 4227 F.
204 4174 353 4229 denteleni.
377 4175 490 4229 Hanuor.
501 4173 736 4231 mdcccxxxtx.
749 4175 773 4227 4.

230 4260 256 4325 2)
276 4260 345 4312 Hanc
362 4276 376 4311 c
394 4259 482 4313 blusso
500 4261 623 4327 borgiano
640 4260 748 4313 Lanziua
767 4261 791 4313 in
807 4258 907 4329 Smin
924 4260 953 4315 de·
962 4261 1053 4328 &new
1062 4260 1176 4315 Etrusca
1187 4260 1217 4327 ll,
1231 4278 1255 4330 p.
1269 4263 1320 4314 oto

161 4345 307 4412 publicavit,
320 4344 465 4400 Groteleud
478 4346 581 4415 repetiit
592 4346 617 4397 in
629 4344 727 4397 Redin.
739 4345 816 4409 liugn
830 4345 961 4398 Umbriese
972 4354 1037 4414 pert
1049 4345 1061 4399 1
1072 4362 1097 4414 p.
1109 4346 1152 4399 22.

231 4429 256 4493 3)
275 4428 330 4481 Lib.
344 4428 438 4495 XXlll,
452 4430 492 4496 35,
507 4429 546 4482 ta.
572 4428 667 4492 xxiv,
682 4429 722 4494 to,
734 4429 759 4481 2.
784 4428 879 4495 xxvi,
892 4429 917 4496 d,
931 4429 971 4480 13.
995 4431 1144 4485 Deteriorcs
1156 4432 1212 4485 libri
1224 4432 1320 4486 Medie-
