3190 5136
677 432 736 493 145

112 617 389 696 ingeniosissimum
405 617 545 699 midam,
561 619 613 681 sed
624 620 812 683 audaciorem
827 629 927 683 tamen
942 640 1029 701 quam
1046 641 1122 705 opus
1137 631 1198 686 erat
1213 640 1286 687 con-

116 719 260 780 iecturam
277 719 450 800 proposuit
494 720 568 783 Nam
583 722 812 801 Agamemnonis
827 742 945 805 quoque
959 726 1140 789 mentionem
1155 727 1218 789 fieri
1233 727 1286 789 de·

11 884 13 895 ,
113 823 219 884 bmsse
234 823 360 898 sensuit,
375 842 414 886 ne
429 823 594 887 Cassandra
609 843 692 886 susm
708 845 725 888 a
739 827 816 907 regis
835 844 925 888 causa
939 826 1106 908 seiungeret
1120 846 1155 890 ac
1169 829 1285 891 futuros

113 926 185 988 iilos
204 926 322 988 ultores
341 945 405 988 non
419 926 648 1006 Agamemnonis
667 927 718 988 sed
741 927 834 1009 ipsius
855 947 967 1009 poenas
990 930 1027 992 ab
1046 930 1285 993 intertectoribus

113 1029 300 1109 repetituros
314 1047 381 1091 esse
395 1028 512 1090 diceret.
542 1029 633 1108 igitm
647 1048 762 1092 versum
782 1029 908 1111 aliquem
923 1031 959 1093 de
973 1032 1192 1111 Agamemnone
1206 1033 1284 1095 exci-

111 1132 197 1193 disse
218 1132 337 1205 statuit,
359 1149 510 1211 quumque
531 1133 608 1210 apud
628 1132 804 1212 Hesycbium
824 1124 980 1209 ύσκεύοις
999 1154 1035 1195 ex
1053 1135 1185 1215 Aeschyli
1206 1137 1284 1216 Aga-

112 1250 279 1295 memnone
301 1232 418 1308 citetm,
441 1233 520 1313 qnod
538 1232 714 1296 vocabulum
733 1235 764 1296 in
781 1235 991 1315 superstitibus
1015 1236 1128 1299 fabulae
1151 1237 1283 1317 partibus

111 1353 267 1416 nmquam
289 1334 410 1414 iegitur,
433 1334 463 1396 id
482 1334 514 1397 in
532 1335 587 1397 hac
606 1334 670 1415 ipsa
689 1334 869 1401 Cassandrae
891 1338 1023 1401 oratione
1042 1338 1283 1401 commodissime

110 1439 256 1519 usurpari
278 1438 412 1519 potuisse
431 1447 528 1510 ratus,
549 1438 644 1501 verbis
664 1438 775 1519 aliquot
792 1440 981 1521 transpositis
1005 1440 1179 1521 integroque
1197 1459 1283 1502 versu

111 1542 217 1603 addite
233 1540 281 1603 sic
294 1540 393 1603 ionum
408 1541 537 1603 refinxit:

625 1656 712 1748 ἡλίῳ
728 1659 761 1728 d'
775 1659 958 1747 ἐπεύχομαι

332 1761 417 1849 πρὸς
431 1758 570 1830 ύστατον
583 1763 655 1853 φοῦς
668 1763 867 1847 βασιλέως
881 1762 1062 1854 τιμαόρους

330 1860 422 1944 ἴσας
446 1861 562 1944 δίκας
581 1863 771 1954 φανέντας
788 1861 972 1947 ἄσκεύοις
987 1864 1069 1952 ἐμοῦ

332 1965 468 2055 ἐχθροῖς
482 1969 620 2059 φονεῦσι
633 1972 703 2048 τοῖς
717 1966 811 2052 ἐμοῖς
824 1964 926 2035 τίνειν
940 1968 1023 2053 ἐμοῦ

333 2065 452 2158 δούλης
465 2068 633 2159 θανούσης
647 2066 807 2160 εὐμαροῦς
819 2068 1035 2157 χειρώματος.

108 2199 181 2262 nihi
196 2206 300 2260 auoem
315 2196 362 2258 vix
376 2197 490 2260 videtur
504 2200 662 2282 Aeschylus
678 2206 748 2280 post
762 2198 964 2279 possessivum
979 2191 1074 2277 ἐμοῖς
1089 2198 1187 2259 statim
1203 2198 1280 2259 otio-

109 2320 178 2362 sum
194 2300 279 2362 iilum
296 2307 327 2361 et
342 2317 587 2379 supervacaneum
604 2302 762 2381 genitivum
778 2294 859 2381 ἐμοῦ
879 2299 1030 2362 additurus
1046 2299 1151 2361 fuisse:
1167 2300 1282 2373 deinde,

109 2422 203 2484 quum
219 2402 293 2463 aliae
307 2400 414 2464 multae
428 2420 607 2484 magnaeque
623 2404 682 2466 sint
696 2404 784 2467 hrdus
796 2403 908 2467 tabulae
922 2402 1051 2477 lacunae,
1064 2402 1281 2484 Hesychianum

109 2506 179 2569 iliud
195 2495 358 2579 ἇσκεύοις
377 2504 457 2566 facile
477 2507 573 2585 potuit
590 2506 622 2568 in
642 2508 696 2569 aiia
716 2506 853 2588 quapiam
873 2515 956 2587 parte
973 2506 1045 2586 legi:
1062 2505 1188 2587 denique
1203 2508 1280 2585 Aga·

110 2606 287 2677 memnonis
298 2605 358 2667 hoc
370 2605 436 2668 ioco
451 2607 631 2669 mentionem
643 2610 838 2672 necessariam
851 2609 941 2671 inisse
955 2626 1016 2669 non
1029 2608 1174 2672 existimo.
1204 2607 1280 2670 Nam

110 2714 145 2774 de
159 2713 225 2775 hoc
239 2708 360 2790 quidem
376 2709 498 2788 eiusque
513 2708 623 2772 uitione
639 2712 802 2774 Cassandra
821 2711 879 2773 iam
895 2720 962 2774 ante
977 2718 1120 2792 quantum
1135 2710 1208 2772 satis
1225 2711 1279 2772 init

110 2816 241 2889 dixerat;
261 2828 344 2874 nunc
362 2811 399 2873 de
418 2813 593 2894 semetipsa
613 2813 737 2894 loquens
758 2831 818 2875 non
837 2813 1025 2894 vituperanda
1045 2821 1103 2887 est,
1123 2812 1149 2873 si
1168 2812 1278 2874 ultores

111 2919 192 2991 iilos,
212 2917 283 2979 noea
302 2915 385 2996 ipsos
406 2914 523 2995 quidem
542 2916 632 2978 unius
651 2917 729 2997 regis
748 2935 831 2978 mors
852 2918 888 2979 ad
903 2917 1058 2979 vindictam
1079 2922 1216 2977 vocatura
1231 2915 1278 2985 sit,

112 3030 213 3083 umen
233 3020 333 3082 solum
352 3026 493 3098 tanquam
515 3036 583 3080 suae
603 3019 699 3082 caedis
720 3018 849 3080 vindices
870 3027 1022 3083 memorat.
1052 3019 1147 3081 Immo
1167 3017 1281 3080 videtur

113 3125 184 3186 andri
207 3124 270 3184 hoc
291 3121 464 3202 Aeschyleae
486 3119 539 3182 arti
566 3121 658 3202 magis
693 3130 937 3197 consentaneum,
965 3122 1074 3203 quippe
1096 3139 1184 3201 quem
1208 3121 1278 3182 alias

113 3244 234 3307 quoque
248 3243 369 3305 semper
387 3224 423 3286 de
437 3240 496 3285 una
515 3241 628 3305 quaque
641 3244 674 3287 re
688 3224 848 3305 separatim
865 3224 962 3286 dicere
974 3224 1104 3295 videam,
1124 3241 1220 3303 neque
1236 3224 1278 3283 ia-

114 3330 164 3390 ciie
179 3329 322 3399 miscere,
342 3345 415 3406 qnae
436 3316 570 3407 mamus
591 3345 694 3407 reapse
710 3327 880 3402 coniuncta,
901 3326 1046 3388 efficacius
1061 3333 1160 3387 tamor
1175 3324 1278 3404 singu-

113 3432 192 3494 iatim
213 3429 344 3512 proponi
364 3428 512 3509 intelligat
555 3428 654 3510 ltaque
677 3431 758 3492 omni
774 3430 971 3492 additamento
991 3428 1196 3491 abstinendum
1213 3445 1279 3488 esse

115 3543 201 3614 puto,
219 3533 392 3613 iocumque,
412 3531 513 3612 paucis
528 3531 625 3594 verbis
639 3532 741 3595 leniter
759 3532 878 3595 mutatis
901 3549 1018 3612 unoquo
1034 3548 1119 3592 rersu
1138 3539 1278 3610 transpo-

117 3636 181 3709 sito,
196 3636 242 3697 sic
257 3633 457 3697 scrssnendnm:

611 3751 705 3847 ἡλίου
721 3752 752 3824 δ’
768 3753 952 3840 ἐπεύχομαι

321 3857 406 3946 πρὸς
418 3853 559 3926 ῦστατον
573 3859 654 3948 φιῦς,
669 3859 746 3940 τούς
760 3857 859 3945 ἐμούς
872 3853 1066 3943 τιμαόρους,

321 3959 438 4050 δούλης
451 3958 629 4053 θανούσης,
646 3957 806 4049 εύμαροῦς
819 3958 1024 4051 χειρώματος

319 4060 463 4151 ἐχθροῖς,
479 4063 617 4152 φονεῦσι
630 4068 701 4144 τοῖς
715 4061 808 4147 ἐμοῖς
821 4059 923 4129 τίνειν
937 4057 1024 4145 ὁμύ.

119 4197 154 4258 Et
175 4186 243 4275 ὁμᾶ
262 4211 319 4274 pro
345 4183 430 4273 ὁμοῦ
448 4193 636 4256 scribendum
656 4213 722 4256 esse
740 4195 798 4256 iam
819 4191 964 4255 Stanleius
983 4192 1066 4267 vidit,
1092 4190 1170 4271 quod
1191 4208 1278 4250 soca-

121 4297 228 4371 buinm,
249 4296 318 4358 lieet
335 4295 406 4358 alias
426 4295 504 4376 apud
524 4296 625 4376 epicos
645 4305 759 4359 tantum
778 4296 900 4368 lectum,
921 4294 1049 4358 alienum
1068 4300 1165 4354 nmen
1181 4308 1198 4351 a
1217 4298 1278 4350 tra-

123 4398 246 4476 gicorum
261 4414 402 4461 sermone
413 4415 502 4460 nemo
518 4398 604 4473 dicct,
618 4397 789 4479 praesertim
805 4397 948 4478 Aeschyli,
963 4396 1013 4478 qui
1025 4397 1111 4459 etiam
1123 4391 1278 4467 aliaqttso·

160 4500 206 4563 tlt
1039 4498 1077 4557 10
