3290 5142
784 483 934 581 „ao—

281 691 361 750 esse,
387 688 425 734 ne
451 672 494 734 sio
511 672 616 736 turbae
638 672 855 754 seditionesque
874 678 904 736 et
923 672 1084 737 conamina
1103 671 1241 735 intestina
1260 671 1439 747 exorientm,

279 775 310 837 in
338 776 444 857 quibus
467 775 552 838 facile
579 775 642 838 fieri
660 776 769 858 possit,
795 785 830 838 ut
851 777 895 839 vir
912 777 1053 840 factiosus
1072 783 1104 838 et
1122 774 1267 857 gratiosus
1286 774 1439 856 imperitae

280 878 475 942 multitudinis
489 878 588 941 lavore
602 879 639 942 ad
653 879 812 961 imperium
827 878 976 941 evehatur.

365 982 458 1044 Porro
484 980 532 1043 alii
557 988 628 1044 sunt
652 981 723 1057 looi,
750 982 801 1064 qui
821 982 968 1045 urinum
987 998 1050 1044 non
1069 979 1195 1061 amplius
1215 977 1360 1059 quietem,
1386 975 1439 1038 sed

277 1083 454 1147 sandonibus
467 1084 528 1147 iarn
543 1084 754 1165 discordiisque
767 1084 915 1147 intestinis
929 1083 1129 1165 perturbatam
1144 1081 1314 1145 ostendunt.
1339 1078 1441 1141 llonet

279 1187 360 1249 enim
374 1187 521 1267 Theognis
541 1186 683 1261 amicum,
705 1193 739 1250 ut
757 1187 789 1250 in
808 1187 854 1249 his
875 1187 1030 1251 discordiis
1042 1185 1141 1250 neutri
1155 1184 1231 1267 parti
1244 1202 1278 1246 se
1291 1181 1438 1264 adiunget,

279 1289 331 1352 sed
346 1288 475 1351 medam
489 1289 566 1352 dam
580 1295 688 1363 tenen,
702 1309 729 1351 v.
745 1288 818 1351 331.
832 1289 879 1352 λε

379 1381 511 1474 ἥσυχος,
533 1382 649 1475 ὥσπερ
670 1385 745 1473 ἐμοί,
767 1384 890 1475 μέσσην
912 1382 993 1453 ὅσον
1013 1383 1106 1472 ἔρχεο
1128 1389 1257 1466 ποσσίν,

463 1484 544 1576 μηδ’
566 1484 710 1574 ἑτέροισι
732 1486 855 1568 διδούς,
879 1484 996 1575 Κύρνε,
1019 1487 1062 1556 τύ
1082 1490 1146 1556 τῶν
1168 1484 1295 1576 ἑτέρων.

281 1593 311 1656 h.
333 1612 359 1657 e.
381 1594 443 1657 noli
462 1613 519 1658 neo
536 1595 629 1676 plebis
651 1596 698 1658 ius
719 1614 752 1658 ac
770 1594 936 1657 libertatem
955 1594 992 1657 ab
1012 1595 1205 1677 optimatibus
1219 1592 1362 1675 opprimi,
1383 1609 1439 1656 nec

279 1695 407 1760 debitam
423 1696 615 1778 optimatibus
630 1698 835 1760 auctoritatem
849 1717 866 1760 a
880 1697 1072 1781 popularibus
1081 1698 1165 1779 eripi.
1191 1697 1266 1760 ltem
1277 1714 1304 1758 r.
1317 1695 1389 1759 220.
1405 1697 1438 1757 1:

377 1794 479 1884 μηδὲν
499 1790 584 1881 ύμαν
606 1790 748 1878 ύσχαλλε
768 1793 1021 1883 ταρασσομένων
1041 1792 1241 1884 πολιητέων,

464 1896 580 1984 Κύρνε,
601 1897 705 1987 μέσην
726 1892 761 1964 δ’
783 1893 878 1985 ἔρχου
900 1894 991 1986 τήνδ’
1016 1894 1097 1965 ὁδόν
1118 1894 1232 1983 ὥσπερ
1253 1891 1326 1984 lyd.

278 2003 323 2066 td
344 2003 422 2066 idem
442 2010 561 2087 tempus
581 2006 730 2087 pertinere
750 2012 822 2086 puto
843 2006 932 2067 etiam
946 2006 1003 2068 hos
1016 2023 1133 2081 versus,
1156 2004 1207 2086 qui
1222 2004 1253 2066 in
1267 2001 1439 2066 hrriusrnodi

278 2106 431 2171 discordiis
445 2108 518 2170 nihil
532 2107 688 2190 optabilius
704 2127 770 2170 esse
784 2109 875 2183 aiunt,
892 2126 980 2188 qnam
994 2115 1029 2171 ut
1042 2126 1120 2171 unus
1135 2107 1301 2171 mrenhttu
1314 2106 1358 2169 vir
1368 2124 1439 2190 pro-

278 2209 344 2285 bus,
361 2209 408 2272 cui
421 2210 494 2272 fides
509 2210 545 2273 ab
561 2211 700 2273 omnibus
713 2209 864 2288 habeatur,
881 2211 931 2271 tt.
946 2209 1002 2273 78:

378 2308 510 2387 Πιστὸς
531 2303 611 2399 α’νηρ
632 2313 753 2395 χρυσοῦ
773 2333 810 2375 τε
831 2308 888 2375 καὶ
909 2303 1049 2394 ύργύροιι
1070 2302 1317 2394 ύντερύσασθαι

465 2405 560 2492 ύξιος
580 2408 615 2478 ἐν
635 2412 776 2500 χαλεπῇ,
798 2408 912 2497 Κύρνε,
936 2409 1140 2499 διχοστασίῃ.

279 2514 354 2578 Nam
374 2515 447 2578 nihil
464 2517 644 2598 probabilius
661 2524 722 2589 est,
742 2536 830 2598 quam
845 2517 934 2580 talem
950 2516 1095 2598 designari
1110 2511 1231 2579 πιστὸν
1253 2505 1370 2598 dodon,
1392 2514 1439 2577 cui

278 2620 500 2701 componendae
525 2620 687 2683 discordiae
707 2620 965 2701 restituendaeqns
984 2619 1065 2701 pacis
1084 2619 1235 2700 negotium
1255 2618 1292 2681 ab
1312 2625 1437 2699 utraque

278 2728 362 2802 parte
381 2729 503 2804 propter
516 2740 617 2804 parem
633 2722 710 2803 apud
725 2739 831 2785 omnes
845 2722 934 2785 fidem
948 2730 1028 2785 recte
1043 2722 1189 2784 committi
1202 2720 1313 2802 possit,
1332 2738 1439 2801 quem-

279 2823 440 2887 admodum
454 2840 515 2886 non
530 2825 580 2887 diu
594 2831 662 2887 ante
674 2824 853 2905 Theognidis
864 2831 990 2887 acutam
1001 2825 1123 2887 Athenis
1134 2825 1245 2887 iactum
1257 2829 1330 2897 erat,
1345 2840 1438 2903 quum

278 2925 416 2990 distracta
441 2926 588 2989 diuturnis
607 2928 817 2991 certaminibus
836 2928 951 2991 civitate
972 2927 1106 2992 omnium
1126 2945 1273 2991 consensu
1292 2925 1438 3008 optimum

276 3029 374 3092 risum
396 3037 442 3092 est
463 3019 520 3091 ἕνα
539 3024 729 3115 προστάτην
748 3020 854 3116 ἄνδρα
875 3027 1038 3106 πιστόν,
1059 3038 1094 3094 ut
1108 3029 1283 3094 Plutarchus
1302 3028 1355 3102 ait,
1377 3025 1438 3089 Sol.

277 3149 304 3193 c.
322 3131 377 3207 13,
397 3133 441 3196 rei
454 3132 588 3215 publicae
601 3150 799 3215 praeponere,
821 3133 872 3215 qui
886 3134 1041 3197 turbarum
1057 3152 1158 3196 causes
1172 3132 1299 3196 tolleret.
1329 3128 1440 3192 Simili·

278 3250 336 3315 que
351 3234 473 3296 consiho
488 3235 578 3298 etiam
592 3234 623 3297 in
637 3235 701 3297 aliis
716 3235 881 3298 civitatibus
892 3235 1092 3318 compluribus
1103 3251 1317 3315 nonnunquam
1329 3232 1440 3294 iactum

278 3353 344 3398 esse
358 3342 490 3409 constat,
512 3342 547 3398 ut
559 3336 689 3418 partium
704 3354 852 3400 consenso
867 3338 918 3401 uni
933 3339 1010 3413 viro,
1026 3338 1111 3401 cuius
1124 3336 1264 3419 probitati
1277 3342 1308 3397 et
1321 3335 1438 3417 sapien·

277 3437 335 3500 tiae
351 3456 455 3501 omnes
469 3437 659 3512 confiderent,
675 3440 906 3503 extraordinaria
920 3441 1064 3521 quaedam
1078 3447 1208 3521 potestas
1222 3439 1267 3501 rel
1278 3438 1309 3499 in
1319 3445 1438 3519 tempus

278 3539 432 3603 delinitum
446 3542 491 3603 vel
505 3541 602 3623 quoad
617 3542 727 3605 viveret
739 3542 906 3605 traderetur
919 3542 956 3604 ad
968 3542 1162 3606 ordinandum
1175 3542 1440 3622 corrigendumque

277 3643 320 3705 rei
345 3643 478 3727 publicae
502 3648 623 3706 statum.
658 3644 697 3705 Et
714 3641 839 3724 Megaris
859 3642 979 3725 puidam
999 3644 1055 3725 ipsi
1073 3652 1177 3706 nostro
1199 3643 1362 3725 Theognidi
1381 3644 1440 3707 hoc

278 3746 499 3828 componendae
518 3747 598 3828 pacis
619 3746 772 3827 negotium
792 3746 949 3829 aliquando
970 3746 1164 3811 commissum
1177 3746 1268 3810 tunso
1282 3746 1439 3829 suspiceris

281 3856 403 3932 propter
417 3866 444 3911 ν.
460 3850 533 3911 947.
550 3848 586 3912 8:

378 3948 527 4036 πατρίδα
548 3942 715 4035 κοσμήσω,
739 3947 886 4038 λιπαρὴν
905 3949 1017 4030 πόλιν,
1041 3943 1113 4015 olic’
1136 3947 1196 4015 ἐπὶ
1218 3944 1313 4038 δήμῳ

462 4046 600 4139 τρίψας,
623 4043 696 4115 οἷι’τ’
720 4043 850 4130 detecte
871 4046 1011 4138 α’νύρύσι
1033 4047 1245 4134 πειθόμενος.

277 4155 352 4218 Nem
367 4155 489 4219 verbum
504 4154 639 4235 κοσμεῖν
652 4155 682 4216 h.
698 4155 717 4217 l.
733 4174 795 4218 non
809 4157 845 4220 de
860 4159 1032 4221 celebranda
1046 4165 1076 4220 et
1089 4157 1233 4222 laudanda
1244 4155 1296 4220 sed
1309 4154 1346 4219 de
1358 4155 1439 4219 ordi·

277 4258 374 4321 nanda
388 4258 504 4325 civitate
518 4257 576 4321 dici
591 4257 778 4322 manifestum
795 4267 849 4335 est,
865 4280 925 4344 quo
936 4280 1026 4326 sensu
1036 4262 1127 4325 etiam
1138 4278 1273 4324 summos
1283 4259 1438 4342 magistra·

277 4369 326 4423 tus
340 4360 372 4423 in
390 4360 540 4422 nonnullis
558 4360 721 4424 civitatibus
740 4355 885 4442 κόσμους
906 4383 931 4426 s.
949 4356 1107 4443 κοσμίως
1121 4370 1172 4426 aut
1184 4356 1440 4444 κοσμοπόλιύας

278 4461 372 4526 ‹h'ctos
391 4479 457 4526 esse
478 4479 568 4527 uerno
587 4463 690 4529 nescit
718 4464 844 4548 dgnorit
856 4466 934 4530 hane
946 4465 1028 4530 verbi
1039 4465 1285 4548 εἰςοίλοτιὶοιιιια
1298 4464 1438 4530 hocloco
