<?xml version="1.0" encoding="UTF-8"?>
<!DOCTYPE html PUBLIC "-//W3C//DTD XHTML 1.0 Transitional//EN"
    "http://www.w3.org/TR/xhtml1/DTD/xhtml1-transitional.dtd">
<html xmlns="http://www.w3.org/1999/xhtml" xml:lang="en" lang="en">
 <head>
  <title>
</title>
<meta http-equiv="Content-Type" content="text/html;charset=utf-8" />
  <meta name='ocr-system' content='tesseract 3.04.00' />
  <meta name='ocr-capabilities' content='ocr_page ocr_carea ocr_par ocr_line ocrx_word'/>
</head>
<body>
  <div class='ocr_page' id='page_1' title='image "./opusculaacademi00schogoog_0284.png"; bbox 0 0 3178 5136; ppageno 0'>
   <div class='ocr_carea' id='block_1_1' title="bbox 460 1463 965 1578">
    <p class='ocr_par' dir='ltr' id='par_1_1' title="bbox 460 1463 965 1578">
     <span class='ocr_line' id='line_1_1' title="bbox 460 1463 965 1578; baseline 0.006 -23"><span class='ocrx_word' id='word_1_1' title='bbox 460 1463 522 1555; x_wconf 78' lang='lat' dir='ltr'>in</span> <span class='ocrx_word' id='word_1_2' title='bbox 546 1465 753 1557; x_wconf 77' lang='lat' dir='ltr'>romnis.</span> <span class='ocrx_word' id='word_1_3' title='bbox 775 1465 840 1578; x_wconf 86' lang='lat'>111,</span> <span class='ocrx_word' id='word_1_4' title='bbox 869 1478 965 1558; x_wconf 73' lang='lat' dir='ltr'>ue.</span> 
     </span>
    </p>
   </div>
   <div class='ocr_carea' id='block_1_2' title="bbox 209 1752 1321 1857">
    <p class='ocr_par' dir='ltr' id='par_1_2' title="bbox 209 1752 1321 1857">
     <span class='ocr_line' id='line_1_2' title="bbox 209 1752 1321 1857; baseline 0.008 -24"><span class='ocrx_word' id='word_1_5' title='bbox 209 1752 315 1834; x_wconf 68' lang='lat' dir='ltr'>imum</span> <span class='ocrx_word' id='word_1_6' title='bbox 336 1779 396 1846; x_wconf 90' lang='lat' dir='ltr'>est,</span> <span class='ocrx_word' id='word_1_7' title='bbox 417 1774 653 1850; x_wconf 87' lang='lat' dir='ltr'>Commilitones,</span> <span class='ocrx_word' id='word_1_8' title='bbox 671 1774 726 1839; x_wconf 82' lang='lat' dir='ltr'>lrse</span> <span class='ocrx_word' id='word_1_9' title='bbox 745 1773 888 1855; x_wconf 80' lang='lat' dir='ltr'>prooemii</span> <span class='ocrx_word' id='word_1_10' title='bbox 908 1773 1052 1837; x_wconf 79' lang='lat' dir='ltr'>scribendi</span> <span class='ocrx_word' id='word_1_11' title='bbox 1068 1777 1321 1857; x_wconf 78' lang='lat' dir='ltr'>opportunitates</span> 
     </span>
    </p>
   </div>
   <div class='ocr_carea' id='block_1_3' title="bbox 14 1872 1289 1956">
    <p class='ocr_par' dir='ltr' id='par_1_3' title="bbox 14 1872 1289 1956">
     <span class='ocr_line' id='line_1_3' title="bbox 14 1872 1289 1956; baseline 0.008 -24"><span class='ocrx_word' id='word_1_12' title='bbox 14 1920 16 1949; x_wconf 73' lang='lat'>,</span> <span class='ocrx_word' id='word_1_13' title='bbox 133 1872 174 1933; x_wconf 89' lang='lat' dir='ltr'>uti</span> <span class='ocrx_word' id='word_1_14' title='bbox 187 1873 224 1935; x_wconf 88' lang='lat' dir='ltr'>ad</span> <span class='ocrx_word' id='word_1_15' title='bbox 238 1874 444 1941; x_wconf 83' lang='lat' dir='ltr'>illustrandum</span> <span class='ocrx_word' id='word_1_16' title='bbox 459 1876 556 1939; x_wconf 87' lang='lat' dir='ltr'>locum</span> <span class='ocrx_word' id='word_1_17' title='bbox 566 1877 719 1952; x_wconf 79' lang='lat' dir='ltr'>luvenalis,</span> <span class='ocrx_word' id='word_1_18' title='bbox 735 1893 796 1940; x_wconf 89' lang='lat' dir='ltr'>non</span> <span class='ocrx_word' id='word_1_19' title='bbox 807 1875 888 1941; x_wconf 85' lang='lat' dir='ltr'>illum</span> <span class='ocrx_word' id='word_1_20' title='bbox 899 1876 1016 1956; x_wconf 85' lang='lat' dir='ltr'>quidem</span> <span class='ocrx_word' id='word_1_21' title='bbox 1027 1897 1043 1939; x_wconf 92' lang='lat' dir='ltr'>e</span> <span class='ocrx_word' id='word_1_22' title='bbox 1054 1878 1289 1941; x_wconf 86' lang='lat' dir='ltr'>difficillimorum</span> 
     </span>
    </p>
   </div>
   <div class='ocr_carea' id='block_1_4' title="bbox 14 1975 1327 3796">
    <p class='ocr_par' dir='ltr' id='par_1_4' title="bbox 131 1975 1291 2667">
     <span class='ocr_line' id='line_1_4' title="bbox 132 1975 1290 2059; baseline 0.009 -26"><span class='ocrx_word' id='word_1_23' title='bbox 132 1982 217 2055; x_wconf 78' lang='lat' dir='ltr'>atque</span> <span class='ocrx_word' id='word_1_24' title='bbox 237 1975 525 2041; x_wconf 86' lang='lat' dir='ltr'>intricatissimorum</span> <span class='ocrx_word' id='word_1_25' title='bbox 545 1996 686 2052; x_wconf 88' lang='lat' dir='ltr'>numero,</span> <span class='ocrx_word' id='word_1_26' title='bbox 711 1978 811 2058; x_wconf 79' lang='lat' dir='ltr'>quales</span> <span class='ocrx_word' id='word_1_27' title='bbox 830 1996 890 2040; x_wconf 92' lang='lat' dir='ltr'>non</span> <span class='ocrx_word' id='word_1_28' title='bbox 911 1979 995 2059; x_wconf 84' lang='lat' dir='ltr'>pauci</span> <span class='ocrx_word' id='word_1_29' title='bbox 1016 1988 1085 2041; x_wconf 90' lang='lat' dir='ltr'>sunt</span> <span class='ocrx_word' id='word_1_30' title='bbox 1108 1981 1186 2059; x_wconf 84' lang='lat' dir='ltr'>apud</span> <span class='ocrx_word' id='word_1_31' title='bbox 1211 1981 1290 2043; x_wconf 90' lang='lat' dir='ltr'>bunc</span> 
     </span>
     <span class='ocr_line' id='line_1_5' title="bbox 131 2077 1290 2163; baseline 0.007 -26"><span class='ocrx_word' id='word_1_32' title='bbox 131 2086 265 2155; x_wconf 80' lang='lat' dir='ltr'>poetam,</span> <span class='ocrx_word' id='word_1_33' title='bbox 291 2077 343 2139; x_wconf 88' lang='lat' dir='ltr'>sed</span> <span class='ocrx_word' id='word_1_34' title='bbox 364 2078 394 2140; x_wconf 92' lang='lat' dir='ltr'>in</span> <span class='ocrx_word' id='word_1_35' title='bbox 414 2099 472 2160; x_wconf 87' lang='lat' dir='ltr'>quc</span> <span class='ocrx_word' id='word_1_36' title='bbox 492 2080 662 2162; x_wconf 79' lang='lat' dir='ltr'>explicando</span> <span class='ocrx_word' id='word_1_37' title='bbox 685 2088 783 2143; x_wconf 86' lang='lat' dir='ltr'>tamen</span> <span class='ocrx_word' id='word_1_38' title='bbox 807 2080 945 2143; x_wconf 89' lang='lat' dir='ltr'>omnibus</span> <span class='ocrx_word' id='word_1_39' title='bbox 969 2081 1066 2143; x_wconf 86' lang='lat' dir='ltr'>adhuc</span> <span class='ocrx_word' id='word_1_40' title='bbox 1085 2082 1290 2163; x_wconf 64' lang='lat' dir='ltr'>interpretibus</span> 
     </span>
     <span class='ocr_line' id='line_1_6' title="bbox 131 2177 1291 2265; baseline 0.008 -27"><span class='ocrx_word' id='word_1_41' title='bbox 131 2177 199 2239; x_wconf 91' lang='lat' dir='ltr'>illud</span> <span class='ocrx_word' id='word_1_42' title='bbox 219 2180 361 2242; x_wconf 83' lang='lat' dir='ltr'>accidisse</span> <span class='ocrx_word' id='word_1_43' title='bbox 379 2181 526 2258; x_wconf 76' lang='lat' dir='ltr'>ridemus,</span> <span class='ocrx_word' id='word_1_44' title='bbox 551 2183 632 2265; x_wconf 85' lang='lat' dir='ltr'>quod</span> <span class='ocrx_word' id='word_1_45' title='bbox 651 2198 863 2264; x_wconf 70' lang='lat' dir='ltr'>saepenumero</span> <span class='ocrx_word' id='word_1_46' title='bbox 889 2183 976 2245; x_wconf 88' lang='lat' dir='ltr'>etism</span> <span class='ocrx_word' id='word_1_47' title='bbox 1002 2182 1181 2245; x_wconf 75' lang='lat' dir='ltr'>doctissimis</span> <span class='ocrx_word' id='word_1_48' title='bbox 1205 2192 1291 2263; x_wconf 86' lang='lat' dir='ltr'>atque</span> 
     </span>
     <span class='ocr_line' id='line_1_7' title="bbox 132 2281 1290 2364; baseline 0.007 -23"><span class='ocrx_word' id='word_1_49' title='bbox 132 2281 313 2343; x_wconf 85' lang='lat' dir='ltr'>acutissimis</span> <span class='ocrx_word' id='word_1_50' title='bbox 327 2283 439 2357; x_wconf 86' lang='lat' dir='ltr'>accidit,</span> <span class='ocrx_word' id='word_1_51' title='bbox 460 2293 493 2348; x_wconf 93' lang='lat' dir='ltr'>ut</span> <span class='ocrx_word' id='word_1_52' title='bbox 506 2286 727 2351; x_wconf 84' lang='lat' dir='ltr'>notissimarum</span> <span class='ocrx_word' id='word_1_53' title='bbox 742 2302 852 2358; x_wconf 84' lang='lat' dir='ltr'>rerum,</span> <span class='ocrx_word' id='word_1_54' title='bbox 872 2302 947 2364; x_wconf 84' lang='lat' dir='ltr'>quae</span> <span class='ocrx_word' id='word_1_55' title='bbox 965 2285 1055 2347; x_wconf 86' lang='lat' dir='ltr'>semel</span> <span class='ocrx_word' id='word_1_56' title='bbox 1073 2286 1290 2351; x_wconf 80' lang='lat' dir='ltr'>animadversus</span> 
     </span>
     <span class='ocr_line' id='line_1_8' title="bbox 133 2387 1289 2468; baseline 0.006 -26"><span class='ocrx_word' id='word_1_57' title='bbox 133 2400 252 2445; x_wconf 88' lang='lat' dir='ltr'>omnem</span> <span class='ocrx_word' id='word_1_58' title='bbox 268 2402 400 2447; x_wconf 87' lang='lat' dir='ltr'>errorem</span> <span class='ocrx_word' id='word_1_59' title='bbox 415 2387 564 2462; x_wconf 87' lang='lat' dir='ltr'>tollerent,</span> <span class='ocrx_word' id='word_1_60' title='bbox 585 2388 671 2468; x_wconf 86' lang='lat' dir='ltr'>plane</span> <span class='ocrx_word' id='word_1_61' title='bbox 692 2388 898 2461; x_wconf 87' lang='lat' dir='ltr'>immemores,</span> <span class='ocrx_word' id='word_1_62' title='bbox 917 2397 967 2450; x_wconf 84' lang='lat' dir='ltr'>eut</span> <span class='ocrx_word' id='word_1_63' title='bbox 986 2387 1163 2453; x_wconf 86' lang='lat' dir='ltr'>alienissima</span> <span class='ocrx_word' id='word_1_64' title='bbox 1177 2388 1289 2468; x_wconf 84' lang='lat' dir='ltr'>ample·</span> 
     </span>
     <span class='ocr_line' id='line_1_9' title="bbox 134 2488 1289 2571; baseline 0.004 -25"><span class='ocrx_word' id='word_1_65' title='bbox 134 2493 295 2562; x_wconf 82' lang='lat' dir='ltr'>cterentur,</span> <span class='ocrx_word' id='word_1_66' title='bbox 315 2497 365 2550; x_wconf 87' lang='lat' dir='ltr'>aut</span> <span class='ocrx_word' id='word_1_67' title='bbox 379 2488 416 2549; x_wconf 94' lang='lat' dir='ltr'>de</span> <span class='ocrx_word' id='word_1_68' title='bbox 431 2498 508 2553; x_wconf 91' lang='lat' dir='ltr'>certa</span> <span class='ocrx_word' id='word_1_69' title='bbox 522 2490 713 2571; x_wconf 69' lang='lat' dir='ltr'>explicatione</span> <span class='ocrx_word' id='word_1_70' title='bbox 726 2489 925 2571; x_wconf 80' lang='lat' dir='ltr'>desperarent.</span> <span class='ocrx_word' id='word_1_71' title='bbox 956 2490 1011 2553; x_wconf 88' lang='lat' dir='ltr'>Est</span> <span class='ocrx_word' id='word_1_72' title='bbox 1027 2498 1123 2557; x_wconf 84' lang='lat' dir='ltr'>sutem</span> <span class='ocrx_word' id='word_1_73' title='bbox 1143 2490 1189 2555; x_wconf 90' lang='lat' dir='ltr'>ille</span> <span class='ocrx_word' id='word_1_74' title='bbox 1206 2490 1289 2553; x_wconf 89' lang='lat' dir='ltr'>locus</span> 
     </span>
     <span class='ocr_line' id='line_1_10' title="bbox 135 2588 762 2667; baseline 0.01 -20"><span class='ocrx_word' id='word_1_75' title='bbox 135 2588 209 2667; x_wconf 89' lang='lat' dir='ltr'>apud</span> <span class='ocrx_word' id='word_1_76' title='bbox 223 2588 388 2652; x_wconf 80' lang='lat' dir='ltr'>Iuvenalem</span> <span class='ocrx_word' id='word_1_77' title='bbox 404 2591 463 2653; x_wconf 74' lang='lat' dir='ltr'>Sat</span> <span class='ocrx_word' id='word_1_78' title='bbox 478 2591 525 2655; x_wconf 84' lang='lat' dir='ltr'>lll</span> <span class='ocrx_word' id='word_1_79' title='bbox 543 2612 568 2654; x_wconf 87' lang='lat' dir='ltr'>r.</span> <span class='ocrx_word' id='word_1_80' title='bbox 587 2591 762 2655; x_wconf 80' lang='lat'>116-118.</span> 
     </span>
    </p>

    <p class='ocr_par' dir='ltr' id='par_1_5' title="bbox 335 2693 990 2771">
     <span class='ocr_line' id='line_1_11' title="bbox 335 2693 990 2771; baseline 0.006 -17"><span class='ocrx_word' id='word_1_81' title='bbox 335 2693 453 2756; x_wconf 88' lang='lat' dir='ltr'>Stoicus</span> <span class='ocrx_word' id='word_1_82' title='bbox 468 2694 574 2757; x_wconf 83' lang='lat' dir='ltr'>omidit</span> <span class='ocrx_word' id='word_1_83' title='bbox 587 2694 720 2771; x_wconf 70' lang='lat' dir='ltr'>Brreem,</span> <span class='ocrx_word' id='word_1_84' title='bbox 739 2695 849 2761; x_wconf 87' lang='lat' dir='ltr'>delator</span> <span class='ocrx_word' id='word_1_85' title='bbox 863 2695 990 2761; x_wconf 79' lang='lat' dir='ltr'>amicum</span> 
     </span>
    </p>

    <p class='ocr_par' dir='ltr' id='par_1_6' title="bbox 333 2795 1013 2878">
     <span class='ocr_line' id='line_1_12' title="bbox 333 2795 1013 2878; baseline 0.004 -21"><span class='ocrx_word' id='word_1_86' title='bbox 333 2795 573 2877; x_wconf 84' lang='lat' dir='ltr'>Discipulurnque</span> <span class='ocrx_word' id='word_1_87' title='bbox 588 2814 686 2871; x_wconf 80' lang='lat' dir='ltr'>senex,</span> <span class='ocrx_word' id='word_1_88' title='bbox 701 2796 765 2878; x_wconf 88' lang='lat' dir='ltr'>ripa</span> <span class='ocrx_word' id='word_1_89' title='bbox 778 2797 908 2860; x_wconf 87' lang='lat' dir='ltr'>nutritus</span> <span class='ocrx_word' id='word_1_90' title='bbox 922 2797 952 2860; x_wconf 90' lang='lat' dir='ltr'>in</span> <span class='ocrx_word' id='word_1_91' title='bbox 967 2796 1013 2861; x_wconf 87' lang='lat' dir='ltr'>ills</span> 
     </span>
    </p>

    <p class='ocr_par' dir='ltr' id='par_1_7' title="bbox 333 2895 1066 2981">
     <span class='ocr_line' id='line_1_13' title="bbox 333 2895 1066 2981; baseline 0.001 -23"><span class='ocrx_word' id='word_1_92' title='bbox 333 2897 377 2958; x_wconf 79' lang='lat' dir='ltr'>ed</span> <span class='ocrx_word' id='word_1_93' title='bbox 392 2915 480 2977; x_wconf 90' lang='lat' dir='ltr'>quam</span> <span class='ocrx_word' id='word_1_94' title='bbox 497 2895 645 2978; x_wconf 87' lang='lat' dir='ltr'>Gorgonei</span> <span class='ocrx_word' id='word_1_95' title='bbox 660 2898 777 2980; x_wconf 82' lang='lat' dir='ltr'>delapsa</span> <span class='ocrx_word' id='word_1_96' title='bbox 793 2909 838 2963; x_wconf 90' lang='lat' dir='ltr'>est</span> <span class='ocrx_word' id='word_1_97' title='bbox 852 2900 941 2981; x_wconf 90' lang='lat' dir='ltr'>pinna</span> <span class='ocrx_word' id='word_1_98' title='bbox 956 2897 1066 2963; x_wconf 80' lang='lat' dir='ltr'>caballi.</span> 
     </span>
    </p>

    <p class='ocr_par' dir='ltr' id='par_1_8' title="bbox 14 2995 1327 3796">
     <span class='ocr_line' id='line_1_14' title="bbox 215 2995 1291 3081; baseline 0.001 -22"><span class='ocrx_word' id='word_1_99' title='bbox 215 2995 351 3060; x_wconf 89' lang='lat' dir='ltr'>Stoicum</span> <span class='ocrx_word' id='word_1_100' title='bbox 365 2998 445 3061; x_wconf 87' lang='lat' dir='ltr'>illurn</span> <span class='ocrx_word' id='word_1_101' title='bbox 461 2999 493 3061; x_wconf 87' lang='lat' dir='ltr'>P.</span> <span class='ocrx_word' id='word_1_102' title='bbox 509 3000 664 3081; x_wconf 75' lang='lat' dir='ltr'>Egnatium</span> <span class='ocrx_word' id='word_1_103' title='bbox 678 3001 806 3065; x_wconf 84' lang='lat' dir='ltr'>Celerem</span> <span class='ocrx_word' id='word_1_104' title='bbox 821 3020 898 3075; x_wconf 86' lang='lat' dir='ltr'>esse,</span> <span class='ocrx_word' id='word_1_105' title='bbox 912 3000 1011 3065; x_wconf 85' lang='lat' dir='ltr'>lCtum</span> <span class='ocrx_word' id='word_1_106' title='bbox 1025 3018 1096 3063; x_wconf 82' lang='lat' dir='ltr'>suae</span> <span class='ocrx_word' id='word_1_107' title='bbox 1110 2997 1211 3063; x_wconf 69' lang='lat' dir='ltr'>adius</span> <span class='ocrx_word' id='word_1_108' title='bbox 1229 3014 1291 3060; x_wconf 89' lang='lat' dir='ltr'>non</span> 
     </span>
     <span class='ocr_line' id='line_1_15' title="bbox 138 3097 1289 3184; baseline 0.003 -25"><span class='ocrx_word' id='word_1_109' title='bbox 138 3097 298 3176; x_wconf 78' lang='lat' dir='ltr'>ignobilem,</span> <span class='ocrx_word' id='word_1_110' title='bbox 310 3099 420 3163; x_wconf 75' lang='lat' dir='ltr'>Bareas</span> <span class='ocrx_word' id='word_1_111' title='bbox 434 3101 540 3165; x_wconf 89' lang='lat' dir='ltr'>Sorani</span> <span class='ocrx_word' id='word_1_112' title='bbox 554 3103 682 3165; x_wconf 88' lang='lat' dir='ltr'>amicum</span> <span class='ocrx_word' id='word_1_113' title='bbox 696 3112 784 3184; x_wconf 86' lang='lat' dir='ltr'>atque</span> <span class='ocrx_word' id='word_1_114' title='bbox 797 3104 941 3177; x_wconf 87' lang='lat' dir='ltr'>clientem,</span> <span class='ocrx_word' id='word_1_115' title='bbox 960 3120 1040 3166; x_wconf 92' lang='lat' dir='ltr'>nunc</span> <span class='ocrx_word' id='word_1_116' title='bbox 1054 3101 1169 3184; x_wconf 86' lang='lat' dir='ltr'>quidem</span> <span class='ocrx_word' id='word_1_117' title='bbox 1186 3117 1289 3163; x_wconf 87' lang='lat' dir='ltr'>omues</span> 
     </span>
     <span class='ocr_line' id='line_1_16' title="bbox 138 3203 1327 3287; baseline 0.002 -24"><span class='ocrx_word' id='word_1_118' title='bbox 138 3203 334 3277; x_wconf 80' lang='lat' dir='ltr'>consentiunt3</span> <span class='ocrx_word' id='word_1_119' title='bbox 348 3220 444 3287; x_wconf 88' lang='lat' dir='ltr'>neque</span> <span class='ocrx_word' id='word_1_120' title='bbox 457 3212 555 3285; x_wconf 87' lang='lat' dir='ltr'>potest</span> <span class='ocrx_word' id='word_1_121' title='bbox 569 3205 624 3269; x_wconf 86' lang='lat' dir='ltr'>hec</span> <span class='ocrx_word' id='word_1_122' title='bbox 636 3206 673 3267; x_wconf 87' lang='lat' dir='ltr'>de</span> <span class='ocrx_word' id='word_1_123' title='bbox 687 3225 719 3269; x_wconf 92' lang='lat' dir='ltr'>re</span> <span class='ocrx_word' id='word_1_124' title='bbox 733 3206 788 3269; x_wconf 86' lang='lat' dir='ltr'>ulls</span> <span class='ocrx_word' id='word_1_125' title='bbox 804 3226 870 3269; x_wconf 88' lang='lat' dir='ltr'>esse</span> <span class='ocrx_word' id='word_1_126' title='bbox 884 3206 1035 3282; x_wconf 87' lang='lat' dir='ltr'>dubitatio,</span> <span class='ocrx_word' id='word_1_127' title='bbox 1050 3223 1141 3286; x_wconf 85' lang='lat' dir='ltr'>quum</span> <span class='ocrx_word' id='word_1_128' title='bbox 1156 3225 1172 3267; x_wconf 95' lang='lat' dir='ltr'>e</span> <span class='ocrx_word' id='word_1_129' title='bbox 1187 3204 1287 3266; x_wconf 75' lang='lat' dir='ltr'>lecito</span> <span class='ocrx_word' id='word_1_130' title='bbox 1310 3216 1327 3265; x_wconf 77' lang='grc'><strong>4</strong></span> 
     </span>
     <span class='ocr_line' id='line_1_17' title="bbox 136 3304 1289 3383; baseline 0.003 -17"><span class='ocrx_word' id='word_1_131' title='bbox 136 3304 232 3367; x_wconf 77' lang='lat' dir='ltr'>tund.</span> <span class='ocrx_word' id='word_1_132' title='bbox 243 3304 317 3379; x_wconf 80' lang='lat' dir='ltr'>llll,</span> <span class='ocrx_word' id='word_1_133' title='bbox 330 3304 370 3368; x_wconf 81' lang='lat'>32</span> <span class='ocrx_word' id='word_1_134' title='bbox 382 3305 520 3371; x_wconf 82' lang='lat' dir='ltr'>etCassio</span> <span class='ocrx_word' id='word_1_135' title='bbox 528 3307 620 3369; x_wconf 85' lang='lat' dir='ltr'>Dione</span> <span class='ocrx_word' id='word_1_136' title='bbox 630 3308 716 3383; x_wconf 80' lang='lat' dir='ltr'>lllll,</span> <span class='ocrx_word' id='word_1_137' title='bbox 729 3308 770 3370; x_wconf 79' lang='lat'>26</span> <span class='ocrx_word' id='word_1_138' title='bbox 778 3308 924 3373; x_wconf 88' lang='lat' dir='ltr'>Soranum</span> <span class='ocrx_word' id='word_1_139' title='bbox 937 3308 992 3373; x_wconf 88' lang='lat' dir='ltr'>sub</span> <span class='ocrx_word' id='word_1_140' title='bbox 1004 3308 1118 3373; x_wconf 86' lang='lat' dir='ltr'>Nerone</span> <span class='ocrx_word' id='word_1_141' title='bbox 1129 3305 1289 3369; x_wconf 85' lang='lat' dir='ltr'>maiestatis</span> 
     </span>
     <span class='ocr_line' id='line_1_18' title="bbox 136 3407 1289 3492; baseline 0.003 -24"><span class='ocrx_word' id='word_1_142' title='bbox 136 3422 214 3469; x_wconf 82' lang='lat' dir='ltr'>reum</span> <span class='ocrx_word' id='word_1_143' title='bbox 233 3407 321 3469; x_wconf 89' lang='lat' dir='ltr'>buius</span> <span class='ocrx_word' id='word_1_144' title='bbox 340 3408 454 3491; x_wconf 83' lang='lat' dir='ltr'>Egnatii</span> <span class='ocrx_word' id='word_1_145' title='bbox 477 3409 647 3473; x_wconf 81' lang='lat' dir='ltr'>testimonio</span> <span class='ocrx_word' id='word_1_146' title='bbox 672 3429 849 3492; x_wconf 85' lang='lat' dir='ltr'>oppressum</span> <span class='ocrx_word' id='word_1_147' title='bbox 872 3430 939 3473; x_wconf 87' lang='lat' dir='ltr'>esse</span> <span class='ocrx_word' id='word_1_148' title='bbox 961 3411 1098 3475; x_wconf 84' lang='lat' dir='ltr'>sciamus.</span> <span class='ocrx_word' id='word_1_149' title='bbox 1134 3409 1196 3471; x_wconf 80' lang='lat' dir='ltr'>lans</span> <span class='ocrx_word' id='word_1_150' title='bbox 1221 3427 1289 3471; x_wconf 85' lang='lat' dir='ltr'>vero</span> 
     </span>
     <span class='ocr_line' id='line_1_19' title="bbox 137 3510 1291 3593; baseline -0.003 -20"><span class='ocrx_word' id='word_1_151' title='bbox 137 3510 211 3589; x_wconf 77' lang='lat' dir='ltr'>qued</span> <span class='ocrx_word' id='word_1_152' title='bbox 225 3510 305 3574; x_wconf 88' lang='lat' dir='ltr'>hica</span> <span class='ocrx_word' id='word_1_153' title='bbox 319 3518 407 3592; x_wconf 76' lang='lat' dir='ltr'>poeta</span> <span class='ocrx_word' id='word_1_154' title='bbox 421 3517 549 3577; x_wconf 75' lang='lat' dir='ltr'>sumtus</span> <span class='ocrx_word' id='word_1_155' title='bbox 567 3512 673 3577; x_wconf 88' lang='lat' dir='ltr'>dicitur</span> <span class='ocrx_word' id='word_1_156' title='bbox 690 3516 723 3575; x_wconf 82' lang='lat' dir='ltr'>io</span> <span class='ocrx_word' id='word_1_157' title='bbox 736 3511 792 3577; x_wconf 86' lang='lat' dir='ltr'>illo</span> <span class='ocrx_word' id='word_1_158' title='bbox 810 3515 892 3593; x_wconf 72' lang='lat' dir='ltr'>rapo,</span> <span class='ocrx_word' id='word_1_159' title='bbox 912 3513 951 3575; x_wconf 90' lang='lat' dir='ltr'>od</span> <span class='ocrx_word' id='word_1_160' title='bbox 969 3530 1058 3593; x_wconf 77' lang='lat' dir='ltr'>pocot</span> <span class='ocrx_word' id='word_1_161' title='bbox 1077 3510 1222 3592; x_wconf 70' lang='lat' dir='ltr'>Gorgonei</span> <span class='ocrx_word' id='word_1_162' title='bbox 1239 3528 1291 3571; x_wconf 86' lang='lat' dir='ltr'>oo-</span> 
     </span>
     <span class='ocr_line' id='line_1_20' title="bbox 14 3608 1289 3697; baseline 0.004 -28"><span class='ocrx_word' id='word_1_163' title='bbox 14 3682 16 3697; x_wconf 67' lang='lat'>.</span> <span class='ocrx_word' id='word_1_164' title='bbox 136 3608 204 3673; x_wconf 74' lang='lat' dir='ltr'>bolla·</span> <span class='ocrx_word' id='word_1_165' title='bbox 213 3617 310 3695; x_wconf 78' lang='lat' dir='ltr'>peirac</span> <span class='ocrx_word' id='word_1_166' title='bbox 330 3614 449 3697; x_wconf 75' lang='lat' dir='ltr'>dolopes</span> <span class='ocrx_word' id='word_1_167' title='bbox 466 3618 518 3686; x_wconf 87' lang='lat' dir='ltr'>sit,</span> <span class='ocrx_word' id='word_1_168' title='bbox 538 3615 725 3678; x_wconf 87' lang='lat' dir='ltr'>nesciverunt</span> <span class='ocrx_word' id='word_1_169' title='bbox 743 3615 916 3695; x_wconf 90' lang='lat' dir='ltr'>interpretes</span> <span class='ocrx_word' id='word_1_170' title='bbox 936 3613 1087 3695; x_wconf 87' lang='lat' dir='ltr'>quomodo</span> <span class='ocrx_word' id='word_1_171' title='bbox 1107 3613 1289 3694; x_wconf 83' lang='lat' dir='ltr'>explicarent.</span> 
     </span>
     <span class='ocr_line' id='line_1_21' title="bbox 14 3713 1291 3796; baseline 0.005 -24"><span class='ocrx_word' id='word_1_172' title='bbox 14 3750 16 3757; x_wconf 63' lang='lat'>›</span> <span class='ocrx_word' id='word_1_173' title='bbox 134 3713 219 3777; x_wconf 79' lang='lat' dir='ltr'>Vetus</span> <span class='ocrx_word' id='word_1_174' title='bbox 234 3716 355 3796; x_wconf 87' lang='lat' dir='ltr'>quidem</span> <span class='ocrx_word' id='word_1_175' title='bbox 370 3717 540 3781; x_wconf 80' lang='lat' dir='ltr'>scholiastes</span> <span class='ocrx_word' id='word_1_176' title='bbox 556 3719 682 3781; x_wconf 82' lang='lat' dir='ltr'>Tarsum</span> <span class='ocrx_word' id='word_1_177' title='bbox 697 3716 810 3779; x_wconf 79' lang='lat' dir='ltr'>Ciliciae</span> <span class='ocrx_word' id='word_1_178' title='bbox 829 3715 933 3781; x_wconf 88' lang='lat' dir='ltr'>urbem</span> <span class='ocrx_word' id='word_1_179' title='bbox 953 3716 1001 3781; x_wconf 89' lang='lat' dir='ltr'>bis</span> <span class='ocrx_word' id='word_1_180' title='bbox 1020 3715 1115 3783; x_wconf 85' lang='lat' dir='ltr'>verbis</span> <span class='ocrx_word' id='word_1_181' title='bbox 1134 3715 1291 3795; x_wconf 83' lang='lat' dir='ltr'>significari</span> 
     </span>
    </p>
   </div>
   <div class='ocr_carea' id='block_1_5' title="bbox 14 3794 1291 4106">
    <p class='ocr_par' dir='ltr' id='par_1_9' title="bbox 14 3794 1291 4106">
     <span class='ocr_line' id='line_1_22' title="bbox 14 3794 1291 3903; baseline 0.005 -26"><span class='ocrx_word' id='word_1_182' title='bbox 14 3794 16 3827; x_wconf 62' lang='lat'><em>&#39;</em></span> <span class='ocrx_word' id='word_1_183' title='bbox 133 3819 283 3898; x_wconf 86' lang='lat' dir='ltr'>opinatur:</span> <span class='ocrx_word' id='word_1_184' title='bbox 302 3819 343 3882; x_wconf 88' lang='lat' dir='ltr'>ait</span> <span class='ocrx_word' id='word_1_185' title='bbox 357 3820 449 3883; x_wconf 89' lang='lat' dir='ltr'>enim:</span> <span class='ocrx_word' id='word_1_186' title='bbox 470 3821 555 3903; x_wconf 65' lang='grc' dir='ltr'>ΑΜ</span> <span class='ocrx_word' id='word_1_187' title='bbox 572 3820 692 3895; x_wconf 80' lang='lat' dir='ltr'>Tarson,</span> <span class='ocrx_word' id='word_1_188' title='bbox 708 3821 851 3885; x_wconf 79' lang='lat' dir='ltr'>civitatem</span> <span class='ocrx_word' id='word_1_189' title='bbox 865 3817 990 3892; x_wconf 77' lang='lat' dir='ltr'>Cilicius,</span> <span class='ocrx_word' id='word_1_190' title='bbox 1006 3837 1094 3900; x_wconf 73' lang='lat' dir='ltr'>prom</span> <span class='ocrx_word' id='word_1_191' title='bbox 1104 3819 1291 3899; x_wconf 74' lang='lat' dir='ltr'>praeterfluit</span> 
     </span>
     <span class='ocr_line' id='line_1_23' title="bbox 14 3919 1290 4002; baseline 0.002 -22"><span class='ocrx_word' id='word_1_192' title='bbox 14 3938 15 3967; x_wconf 71' lang='lat'>2</span> <span class='ocrx_word' id='word_1_193' title='bbox 131 3920 266 4001; x_wconf 71' lang='lat' dir='ltr'>(perfurit</span> <span class='ocrx_word' id='word_1_194' title='bbox 279 3921 467 3985; x_wconf 88' lang='lat' dir='ltr'>scribendum</span> <span class='ocrx_word' id='word_1_195' title='bbox 483 3942 550 3985; x_wconf 84' lang='lat' dir='ltr'>esee</span> <span class='ocrx_word' id='word_1_196' title='bbox 564 3940 625 3985; x_wconf 87' lang='lat' dir='ltr'>ncn</span> <span class='ocrx_word' id='word_1_197' title='bbox 637 3932 747 3989; x_wconf 85' lang='lat' dir='ltr'>temere</span> <span class='ocrx_word' id='word_1_198' title='bbox 757 3921 912 3985; x_wconf 80' lang='lat' dir='ltr'>Cramems</span> <span class='ocrx_word' id='word_1_199' title='bbox 923 3919 1035 4001; x_wconf 86' lang='lat' dir='ltr'>censet)</span> <span class='ocrx_word' id='word_1_200' title='bbox 1052 3925 1147 3987; x_wconf 68' lang='lat' dir='ltr'>cosma</span> <span class='ocrx_word' id='word_1_201' title='bbox 1159 3920 1290 4002; x_wconf 80' lang='lat' dir='ltr'>demu:</span> 
     </span>
     <span class='ocr_line' id='line_1_24' title="bbox 14 4023 1288 4106; baseline 0 -20"><span class='ocrx_word' id='word_1_202' title='bbox 14 4040 15 4045; x_wconf 51' lang='lat'>¹</span> <span class='ocrx_word' id='word_1_203' title='bbox 130 4027 214 4087; x_wconf 61' lang='lat' dir='ltr'>eurus</span> <span class='ocrx_word' id='word_1_204' title='bbox 225 4023 312 4086; x_wconf 84' lang='lat' dir='ltr'>urbis</span> <span class='ocrx_word' id='word_1_205' title='bbox 327 4025 460 4087; x_wconf 81' lang='lat' dir='ltr'>moditor</span> <span class='ocrx_word' id='word_1_206' title='bbox 472 4024 605 4097; x_wconf 80' lang='lat' dir='ltr'>Perseus,</span> <span class='ocrx_word' id='word_1_207' title='bbox 625 4029 674 4088; x_wconf 81' lang='lat' dir='ltr'>ersi</span> <span class='ocrx_word' id='word_1_208' title='bbox 687 4024 717 4104; x_wconf 76' lang='lat' dir='ltr'>tl</span> <span class='ocrx_word' id='word_1_209' title='bbox 733 4026 795 4106; x_wconf 65' lang='lat' dir='ltr'>goel</span> <span class='ocrx_word' id='word_1_210' title='bbox 810 4042 916 4087; x_wconf 75' lang='lat' dir='ltr'>nomeu</span> <span class='ocrx_word' id='word_1_211' title='bbox 931 4027 1041 4087; x_wconf 87' lang='lat' dir='ltr'>civitoti</span> <span class='ocrx_word' id='word_1_212' title='bbox 1053 4042 1091 4086; x_wconf 84' lang='lat' dir='ltr'>ecc</span> <span class='ocrx_word' id='word_1_213' title='bbox 1104 4026 1182 4105; x_wconf 79' lang='lat' dir='ltr'>foeta</span> <span class='ocrx_word' id='word_1_214' title='bbox 1204 4024 1288 4094; x_wconf 84' lang='lat' dir='ltr'>dedit,</span> 
     </span>
    </p>
   </div>
   <div class='ocr_carea' id='block_1_6' title="bbox 127 4125 1289 4311">
    <p class='ocr_par' dir='ltr' id='par_1_10' title="bbox 127 4125 1289 4311">
     <span class='ocr_line' id='line_1_25' title="bbox 127 4125 1289 4209; baseline -0.002 -22"><span class='ocrx_word' id='word_1_215' title='bbox 127 4130 197 4207; x_wconf 79' lang='lat' dir='ltr'>puio</span> <span class='ocrx_word' id='word_1_216' title='bbox 212 4125 257 4187; x_wconf 86' lang='lat' dir='ltr'>idi</span> <span class='ocrx_word' id='word_1_217' title='bbox 268 4146 332 4188; x_wconf 79' lang='lat' dir='ltr'>uno</span> <span class='ocrx_word' id='word_1_218' title='bbox 346 4146 385 4189; x_wconf 82' lang='lat' dir='ltr'>ecc</span> <span class='ocrx_word' id='word_1_219' title='bbox 398 4126 543 4193; x_wconf 82' lang='lat' dir='ltr'>toloridus</span> <span class='ocrx_word' id='word_1_220' title='bbox 553 4131 655 4209; x_wconf 76' lang='lat' dir='ltr'>porrois</span> <span class='ocrx_word' id='word_1_221' title='bbox 669 4131 697 4190; x_wconf 86' lang='lat' dir='ltr'>ei</span> <span class='ocrx_word' id='word_1_222' title='bbox 710 4128 820 4191; x_wconf 82' lang='lat' dir='ltr'>decidit.</span> <span class='ocrx_word' id='word_1_223' title='bbox 855 4130 948 4208; x_wconf 80' lang='lat' dir='ltr'>Atque</span> <span class='ocrx_word' id='word_1_224' title='bbox 968 4127 1044 4189; x_wconf 87' lang='lat' dir='ltr'>hanc</span> <span class='ocrx_word' id='word_1_225' title='bbox 1057 4126 1139 4187; x_wconf 82' lang='lat' dir='ltr'>Tarsi</span> <span class='ocrx_word' id='word_1_226' title='bbox 1159 4125 1289 4187; x_wconf 86' lang='lat' dir='ltr'>nominis</span> 
     </span>
     <span class='ocr_line' id='line_1_26' title="bbox 127 4219 1288 4311; baseline -0.002 -23"><span class='ocrx_word' id='word_1_227' title='bbox 127 4228 273 4309; x_wconf 79' lang='lat' dir='ltr'>originem</span> <span class='ocrx_word' id='word_1_228' title='bbox 290 4219 362 4291; x_wconf 75' lang='grc' dir='ltr'>ἀπὸ</span> <span class='ocrx_word' id='word_1_229' title='bbox 375 4225 436 4291; x_wconf 78' lang='grc' dir='ltr'>τοῦ</span> <span class='ocrx_word' id='word_1_230' title='bbox 445 4226 569 4311; x_wconf 71' lang='lat' dir='ltr'>cepeoii</span> <span class='ocrx_word' id='word_1_231' title='bbox 582 4229 670 4293; x_wconf 85' lang='lat' dir='ltr'>etiam</span> <span class='ocrx_word' id='word_1_232' title='bbox 681 4229 728 4297; x_wconf 82' lang='lat' dir='ltr'>atii</span> <span class='ocrx_word' id='word_1_233' title='bbox 739 4229 905 4309; x_wconf 87' lang='lat' dir='ltr'>complures</span> <span class='ocrx_word' id='word_1_234' title='bbox 917 4229 1097 4292; x_wconf 86' lang='lat' dir='ltr'>tradiderunt</span> <span class='ocrx_word' id='word_1_235' title='bbox 1116 4228 1183 4305; x_wconf 83' lang='lat' dir='ltr'>(vid.</span> <span class='ocrx_word' id='word_1_236' title='bbox 1196 4226 1288 4288; x_wconf 85' lang='lat' dir='ltr'>Vales.</span> 
     </span>
    </p>
   </div>
   <div class='ocr_carea' id='block_1_7' title="bbox 14 4326 1291 4410">
    <p class='ocr_par' dir='ltr' id='par_1_11' title="bbox 14 4326 1291 4410">
     <span class='ocr_line' id='line_1_27' title="bbox 14 4326 1291 4410; baseline -0.005 -16"><span class='ocrx_word' id='word_1_237' title='bbox 14 4376 15 4379; x_wconf 63' lang='lat'>,</span> <span class='ocrx_word' id='word_1_238' title='bbox 124 4331 162 4393; x_wconf 91' lang='lat' dir='ltr'>ad</span> <span class='ocrx_word' id='word_1_239' title='bbox 178 4331 326 4393; x_wconf 64' lang='lat' dir='ltr'>Ammiani.</span> <span class='ocrx_word' id='word_1_240' title='bbox 342 4330 466 4395; x_wconf 80' lang='lat' dir='ltr'>Marcell.</span> <span class='ocrx_word' id='word_1_241' title='bbox 483 4330 554 4405; x_wconf 81' lang='lat' dir='ltr'>xlv,</span> <span class='ocrx_word' id='word_1_242' title='bbox 572 4330 603 4405; x_wconf 85' lang='lat'>8,</span> <span class='ocrx_word' id='word_1_243' title='bbox 621 4331 742 4397; x_wconf 64' lang='lat' dir='ltr'>&amp;emer</span> <span class='ocrx_word' id='word_1_244' title='bbox 757 4333 792 4394; x_wconf 87' lang='lat' dir='ltr'>sd</span> <span class='ocrx_word' id='word_1_245' title='bbox 809 4332 838 4396; x_wconf 88' lang='lat' dir='ltr'>h.</span> <span class='ocrx_word' id='word_1_246' title='bbox 853 4331 872 4395; x_wconf 89' lang='lat' dir='ltr'>l.</span> <span class='ocrx_word' id='word_1_247' title='bbox 888 4339 917 4393; x_wconf 87' lang='lat' dir='ltr'>et</span> <span class='ocrx_word' id='word_1_248' title='bbox 930 4330 1055 4395; x_wconf 86' lang='lat' dir='ltr'>Creuzer</span> <span class='ocrx_word' id='word_1_249' title='bbox 1069 4327 1227 4410; x_wconf 74' lang='lat' dir='ltr'>symbolis.</span> <span class='ocrx_word' id='word_1_250' title='bbox 1242 4326 1291 4389; x_wconf 88' lang='lat' dir='ltr'>lV.</span> 
     </span>
    </p>
   </div>
   <div class='ocr_carea' id='block_1_8' title="bbox 124 4427 1293 4514">
    <p class='ocr_par' dir='ltr' id='par_1_12' title="bbox 124 4427 1293 4514">
     <span class='ocr_line' id='line_1_28' title="bbox 124 4427 1293 4514; baseline -0.01 -17"><span class='ocrx_word' id='word_1_251' title='bbox 124 4453 154 4514; x_wconf 90' lang='lat' dir='ltr'>p.</span> <span class='ocrx_word' id='word_1_252' title='bbox 171 4433 215 4496; x_wconf 78' lang='lat'>53</span> <span class='ocrx_word' id='word_1_253' title='bbox 230 4435 276 4495; x_wconf 92' lang='lat' dir='ltr'>ed.</span> <span class='ocrx_word' id='word_1_254' title='bbox 292 4436 381 4512; x_wconf 86' lang='lat' dir='ltr'>sec.);</span> <span class='ocrx_word' id='word_1_255' title='bbox 399 4433 452 4497; x_wconf 91' lang='lat' dir='ltr'>sed</span> <span class='ocrx_word' id='word_1_256' title='bbox 467 4433 628 4499; x_wconf 80' lang='lat' dir='ltr'>iuvenalem</span> <span class='ocrx_word' id='word_1_257' title='bbox 642 4451 704 4497; x_wconf 89' lang='lat' dir='ltr'>non</span> <span class='ocrx_word' id='word_1_258' title='bbox 720 4434 756 4497; x_wconf 90' lang='lat' dir='ltr'>de</span> <span class='ocrx_word' id='word_1_259' title='bbox 770 4434 815 4497; x_wconf 84' lang='lat' dir='ltr'>ills</span> <span class='ocrx_word' id='word_1_260' title='bbox 830 4432 927 4496; x_wconf 79' lang='lat' dir='ltr'>tabule</span> <span class='ocrx_word' id='word_1_261' title='bbox 941 4432 1085 4512; x_wconf 75' lang='lat' dir='ltr'>cogitasse</span> <span class='ocrx_word' id='word_1_262' title='bbox 1099 4429 1143 4489; x_wconf 82' lang='lat' dir='ltr'>rel</span> <span class='ocrx_word' id='word_1_263' title='bbox 1157 4427 1225 4489; x_wconf 88' lang='lat' dir='ltr'>inde</span> <span class='ocrx_word' id='word_1_264' title='bbox 1238 4446 1293 4505; x_wconf 86' lang='lat' dir='ltr'>pa-</span> 
     </span>
    </p>
   </div>
   <div class='ocr_carea' id='block_1_9' title="bbox 0 0 1594 5136">
    <p class='ocr_par' dir='ltr' id='par_1_13' title="bbox 0 0 1594 5136">
     <span class='ocr_line' id='line_1_29' title="bbox 0 0 1594 5136; baseline 0 4"><span class='ocrx_word' id='word_1_265' title='bbox 0 0 1594 5136; x_wconf 95' lang='lat' dir='ltr'> </span> 
     </span>
    </p>
   </div>
  </div>
 </body>
</html>
