3178 5136
850 446 912 514 220

306 642 482 718 usupatum
511 642 559 699 est
581 654 610 718 p.
630 633 660 711 8,
685 635 738 699 13:
763 625 837 721 σίδη
857 627 897 697 ot
914 632 972 699 τοῦ
992 624 1168 718 οἰκονόμου
1185 633 1342 723 τέσσαρα,
1367 627 1392 702 ii
1413 637 1467 704 δεῖ

307 730 394 818 ἔχειν
407 732 487 823 περὶ
499 733 543 801 τὰ
555 732 722 823 χρήμαοαι
741 737 825 819 quasi
844 755 965 800 neeesse
983 739 1072 802 luerit
1084 739 1268 816 Philodamo,
1286 749 1336 804 aut
1355 743 1464 805 ῐεοιαιιι

306 841 343 904 ab
357 859 392 903 eo
407 840 438 903 ha
453 840 515 903 aliis
528 839 611 914 loeis,
629 848 663 903 ut
675 840 740 920 ipsa
756 838 955 920 Theophrasti
973 840 1059 904 rerba
1078 848 1234 923 repeteret:
1253 835 1465 925 πορεύεσθαι

306 941 393 1027 πρὸς
404 938 447 1005 τὰ
460 937 612 1028 χρήματα
626 953 724 1005 autom
738 960 827 1023 ουοιιι
839 960 961 1005 sensum
972 942 1085 1017 haben,
1100 944 1170 1007 huie
1179 943 1297 1025 quiden
1307 945 1374 1007 looo
1390 964 1467 1008 oon-

306 1045 486 1120 venientem,
508 1062 603 1125 nequo
623 1044 681 1126 ipsi
702 1044 933 1126 explicaverunt,
958 1061 1054 1124 neque
1080 1062 1135 1126 εςο
1162 1053 1303 1126 exputare
1327 1064 1465 1127 possum.

307 1147 448 1209 Nostrum
469 1154 566 1209 autem
585 1147 838 1228 supplementum,
862 1147 941 1226 quod
962 1147 1083 1209 totidem
1102 1145 1189 1210 babet
1207 1165 1275 1210 urm
1293 1148 1353 1210 isto
1374 1149 1466 1212 εΙιειο

305 1249 429 1323 litteras,
455 1256 489 1310 ut
514 1247 610 1329 spatio
636 1247 755 1328 qudem
776 1247 895 1310 lacunae
919 1264 982 1309 non
1007 1247 1107 1311 minus
1132 1256 1210 1311 oerte
1239 1251 1466 1314 sosomodatum

307 1371 375 1416 esse
394 1358 546 1433 appareat,
571 1350 781 1431 comprobatur
806 1349 1026 1431 quodammodo
1052 1350 1139 1413 oham
1163 1351 1253 1414 altero
1277 1352 1343 1414 looo
1362 1371 1392 1433 p.
1411 1354 1466 1428 to,

309 1456 362 1529 17,
384 1454 435 1517 uhi
454 1453 578 1534 legimus
596 1448 654 1539 τήν
677 1447 832 1538 συνήθως
848 1445 1023 1539 νοουμένην
1041 1444 1241 1533 οἰκονομίαν.
1275 1453 1371 1517 Minus
1389 1473 1467 1518 oon·

306 1557 366 1619 tiolo
388 1555 524 1637 proximo
548 1556 764 1637 supplemento,
779 1547 855 1619 οἰίεε
877 1551 972 1639 παρὰ
994 1554 1066 1632 τοῖς
1090 1551 1228 1630 πολλοῖς
1251 1545 1469 1638 ἀγνοούμενον

305 1649 389 1721 ἄλλα
418 1651 697 1743 καταδηλόεαεοντ
726 1658 822 1739 aptius
854 1667 953 1721 umen
980 1659 1069 1721 eredo
1095 1676 1183 1741 quam
1212 1658 1292 1739 qood
1316 1678 1333 1721 a
1355 1659 1467 1740 priori-

304 1763 360 1826 bus
382 1762 544 1843 repositum
564 1769 617 1823 est.
657 1761 738 1836 Quae
761 1768 923 1842 sequautur
946 1760 976 1823 in
999 1779 1111 1842 papyro
1135 1760 1207 1823 adeo
1226 1761 1367 1824 laorrnosa
1386 1773 1468 1838 suut,

305 1872 339 1926 ut
357 1872 420 1927 tuto
440 1863 569 1944 suppleri
588 1863 801 1944 nonpossint:
821 1871 973 1944 postrema
990 1871 1105 1925 tantum
1124 1862 1211 1926 verba
1230 1863 1261 1925 in
1284 1881 1353 1926 eum
1375 1880 1467 1945 quom

305 1965 449 2048 proposui
468 1966 591 2028 modum
610 1982 672 2027 uon
691 1964 922 2046 improbabiliter
938 1965 1052 2028 resnou
1073 1984 1164 2047 posse
1186 1964 1372 2041 ridebantru,
1390 1984 1467 2048 pro-

305 2070 428 2132 babilius
450 2068 568 2150 quidem
590 2076 667 2131 oerte
690 2086 777 2149 quana
801 2087 817 2129 a
840 2067 989 2149 prioribus
1014 2070 1122 2132 ludunt
1146 2076 1205 2143 est,
1224 2068 1274 2149 qui
1297 2076 1393 2131 totum
1417 2069 1467 2132 lo·

305 2192 382 2248 oum,
401 2172 469 2236 inde
482 2191 499 2235 a
514 2171 608 2234 verbis
624 2178 676 2248 [ot]
692 2166 777 2232 κατὰ
793 2168 892 2248 δ[εον],
911 2170 951 2233 ita
970 2170 1193 2234 continuarunt:
1214 2162 1235 2233 ὃ
1253 2166 1296 2233 σοὶ
1315 2167 1469 2251 areale&

304 2270 424 2354 τέμνει,
434 2282 484 2336 τοι
494 2270 686 2352 opulorum
702 2265 918 2355 αὐτομαιθῶς
930 2279 1013 2344 [zoor]
1025 2264 1181 2352 ἔχοντιοις,
1194 2277 1275 2345 [ενοι
1285 2281 1468 2354 νομιζομεν,

305 2372 383 2443 οὐδὲ
393 2374 479 2442 κατὰ
489 2375 548 2465 τήν
556 2373 670 2466 τέχνην
676 2376 756 2457 καί,
768 2396 894 2460 quorum
905 2374 978 2438 nihil
988 2393 1044 2456 ego
1056 2376 1173 2457 qudem
1184 2376 1323 2457 intelligo.
1338 2376 1468 2440 Nostrae

303 2482 436 2546 leotionis
456 2483 598 2545 sententia
617 2481 802 2564 planissima,
821 2481 930 2560 iisque,
949 2496 1023 2560 quae
1043 2478 1190 2541 addumnr
1207 2480 1307 2542 statim
1326 2500 1342 2543 a
1362 2480 1468 2543 Philo·

305 2585 402 2660 demo,
422 2583 705 2647 convenientissima.
741 2582 892 2663 vituperat
905 2581 985 2644 eninr
1005 2582 1085 2662 quod
1103 2576 1143 2645 τὸ
1162 2576 1370 2668 κοσμητιιαίν,
1390 2583 1420 2644 Ιι.
1436 2601 1467 2645 ε.

306 2695 374 2769 apta
388 2686 554 2768 dispositio,
570 2686 675 2748 eodem
691 2703 757 2748 αισι
772 2684 923 2766 paratione
937 2683 1085 2747 bonorum
1100 2694 1129 2747 ot
1142 2684 1276 2748 custodia
1286 2685 1352 2747 looo
1363 2683 1469 2747 haberi

303 2790 442 2865 rideatur,
462 2807 553 2870 quum
567 2796 667 2852 tamen
682 2790 768 2869 longe
787 2788 911 2850 minoris
930 2786 1072 2849 momenti
1091 2786 1131 2849 sit
1147 2794 1178 2849 et
1195 2805 1263 2849 oum
1282 2787 1319 2849 iis
1341 2803 1469 2868 eompa-

304 2892 363 2955 rari
377 2908 439 2954 non
453 2891 562 2973 possit:
578 2892 604 2954 si
619 2892 746 2972 quidem,
762 2890 849 2965 addit,
862 2885 902 2952 τὸ
916 2885 1117 2976 κοσμητικὸν
1130 2889 1189 2953 hoo
1202 2907 1292 2953 sensu
1311 2889 1467 2971 aooipitnr,

303 3003 338 3057 ut
351 2994 390 3056 sit
403 3004 479 3056 reete
493 2997 592 3056 omnia
606 3005 634 3056 et
646 3013 699 3057 ιιιο
714 2993 777 3055 loeo
792 2995 960 3075 dispoum:
979 2985 1049 3075 εἴγε
1061 2988 1101 3056 τὸ
1118 2987 1251 3056 τάττειν
1269 2983 1316 3070 ὥς
1336 2990 1388 3056 δεῖ
1405 2988 1469 3056 καὶ

304 3086 391 3158 ἔνθα
410 3092 461 3159 δεῖ
479 3092 577 3159 τοῦτο
595 3089 813 3177 λαμβάνεται,
834 3089 993 3180 καθάπερ
1012 3087 1128 3159 ἔοικεν.
1166 3095 1241 3159 Nam
1265 3097 1324 3159 hoe
1350 3095 1468 3159 etiamsi

304 3196 511 3261 iucunditatem
531 3197 655 3278 abnuam
679 3197 877 3262 unalitatem
896 3218 1014 3281 quoque
1030 3199 1149 3274 haheat,
1172 3198 1346 3280 reprehmdi
1365 3205 1469 3263 tmen

305 3304 544 3384 Theophrastum
559 3302 676 3377 debere,
700 3304 750 3383 qui
768 3302 798 3365 id
813 3292 1033 3388 ἅντιδιαιρεῖν
1046 3293 1141 3387 ἠξίου
1155 3302 1226 3378 τοῖς
1241 3291 1470 3385 ἀναγκαιοτά-

304 3425 386 3482 τοις,
403 3405 432 3467 Ιι.
454 3423 478 3466 e
498 3404 529 3466 in
549 3405 603 3467 ista
624 3403 765 3467 divisione
784 3422 851 3467 osana
872 3404 990 3481 oeteris,
1011 3422 1084 3487 quae
1104 3406 1190 3488 plane
1208 3404 1373 3468 neoesssria
1392 3403 1468 3479 sint,

303 3524 365 3569 non
380 3506 507 3570 ineunda
521 3505 618 3570 solum
632 3514 662 3568 et
674 3504 763 3580 utilia,
779 3524 957 3587 componere
972 3509 1101 3571 voluerit

389 3611 590 3674 Parandorum
604 3609 753 3672 honorum
769 3618 926 3691 praerepta
938 3610 1016 3674 nulla
1032 3610 1140 3674 dantur
1153 3617 1269 3693 praeter
1286 3608 1346 3671 hoe
1357 3626 1467 3681 nnnnu

303 3722 336 3776 ut
350 3721 428 3776 certa
442 3713 568 3793 quanm
582 3712 698 3775 ratione
712 3712 810 3774 omnia
824 3706 975 3796 κυήματα
990 3712 1137 3795 descripta
1153 3712 1226 3785 sint,
1242 3712 1383 3793 pluraque
1398 3712 1467 3774 lrn-

304 3826 405 3879 otuosa
421 3834 507 3897 (μιοιιι
524 3816 713 3889 infructuosa,
728 3824 758 3877 et
771 3833 860 3898 opera
875 3814 915 3877 ita
930 3814 1029 3890 divisa,
1044 3833 1082 3877 ne
1092 3815 1190 3878 omnis
1204 3832 1253 3878 res
1266 3813 1417 3877 lamiharis
1431 3814 1466 3877 in

303 3937 362 3981 uno
386 3917 577 3999 periclitetur:
604 3912 791 4005 διῃρῆσθαι
811 3913 850 3982 δὲ
874 3915 927 3982 δεῖ
943 3913 1010 3979 τῶν
1027 3909 1201 4004 κερμάτιον
1226 3909 1377 3994 ἕκαστον,
1402 3912 1467 3981 καὶ

302 4012 408 4082 πλείω
426 4014 469 4081 σὰ
488 4013 641 4103 κάρπιμα
659 4006 744 4082 εἶναι
763 4016 829 4083 τῶν
848 4010 1021 4106 ἀκάρπων,
1045 4015 1103 4083 καὶ
1120 4015 1181 4096 τοὶς
1200 4012 1357 4104 ἐργασίας
1376 4012 1466 4082 οὕτω

302 4118 515 4208 νενεμῆσθαι,
531 4114 625 4197 ὅπως
637 4117 682 4208 μή
699 4112 770 4202 ἅμα
782 4115 1035 4186 κινδυνεύσωσιν
1049 4114 1187 4186 ἅπασιν.
1218 4121 1297 4185 Sunt
1306 4139 1377 4186 sane
1390 4122 1468 4185 bees

302 4225 398 4308 paullo
419 4224 574 4287 obscurius
593 4225 682 4287 diua:
708 4224 896 4287 manifestum
918 4233 1016 4288 tamen
1039 4234 1086 4288 est
1109 4242 1248 4305 agrorum
1272 4224 1466 4306 potissimum

301 4329 445 4390 cultuum
460 4335 489 4389 et
502 4326 609 4389 rustica
624 4345 715 4409 opera
728 4328 845 4410 respici,
860 4346 988 4409 quornm
1002 4346 1065 4391 non
1078 4345 1171 4391 αοαιιι
1186 4327 1303 4410 obquotl
1316 4346 1411 4410 genus
1426 4329 1466 4391 its

301 4430 499 4501 traotandum,
518 4437 552 4491 ut
566 4429 663 4493 omnis
676 4429 750 4494 lueri
770 4450 839 4513 spes
860 4431 891 4494 in
909 4450 945 4494 eo
964 4430 1030 4494 solo
1049 4431 1100 4507 sit,
1120 4429 1231 4493 sedita
1251 4428 1352 4514 potius
1373 4448 1463 4515 opera
