3164 5138
790 356 1061 483 -.ὅθι

309 572 480 637 huiusmodi
499 575 722 656 explicationem
744 583 794 637 aut
814 576 1033 638 excusationem
1051 574 1182 655 requiro,
1197 575 1357 657 locumque
1373 572 1467 649 11111111,

308 675 374 739 licet
395 695 489 757 neque
512 677 548 739 ah
567 677 697 739 Hesiodo
717 697 813 757 neque
835 678 871 739 ah
898 679 995 758 aliquo
1010 678 1122 740 Boeoto
1145 679 1265 753 lactum,
1287 696 1348 740 non
1370 678 1467 759 magis

307 788 405 841 umen
420 786 588 860 propterea,
603 799 690 861 quam
705 781 788 843 aliam
804 780 936 861 quamvis
952 790 1001 842 aut
1015 781 1211 843 narrationem
1227 791 1276 843 aut
1290 782 1467 862 descriptio-

306 901 383 957 nem,
399 902 434 943 ex
460 883 517 943 hoc
543 901 630 963 opero
657 885 802 945 tessellato
828 884 1037 946 removendum
1063 904 1128 946 esse
1153 884 1285 946 dixerim.
1329 885 1467 946 Ceterum

306 984 452 1046 veteribus
468 984 575 1047 criticis
592 992 658 1045 ante
672 986 876 1061 Plutarchum,
892 994 1033 1066 quantum
1049 988 1166 1068 quidem
1181 1007 1198 1049 e
1213 987 1332 1049 scholiis
1347 986 1467 1066 intelligi

305 1095 413 1167 potest,
435 1105 529 1166 neque
550 1088 712 1150 Lenaeonis
732 1108 841 1151 nomen
857 1108 953 1168 neque
972 1089 1048 1152 aliud
1076 1090 1235 1171 quidquam
1255 1090 1286 1151 iu
1304 1090 1359 1150 hac
1383 1098 1468 1169 parte

306 1189 443 1252 carminis
456 1189 668 1252 dubitationem
679 1191 814 1253 iniecisse
825 1191 950 1267 videtum
965 1193 996 1254 in
1007 1211 1067 1254 uno
1078 1202 1192 1254 tantum
1204 1193 1292 1254 verho
1303 1185 1466 1271 μυλιόων-

305 1312 369 1367 τες,
385 1312 410 1353 v.
428 1289 500 1365 530,
517 1293 616 1354 Crates
629 1295 761 1357 haesisse
770 1296 876 1356 dicitur
889 1303 918 1356 et
932 1289 1156 1375 μαλκιόωντες
1170 1294 1370 1375 rescripsisse:
1386 1312 1402 1355 a
1417 1312 1467 1354 re-

306 1395 486 1457 centioribus
498 1405 593 1457 autern
605 1397 812 1476 grammaticis,
826 1396 987 1470 Eustathio,
998 1397 1173 1478 Etpmologo
1184 1398 1232 1471 ld,
1245 1397 1343 1470 Suida,
1353 1396 1469 1457 Zonara

306 1498 428 1578 aliisque
447 1499 598 1579 complura
625 1519 660 1561 ex
675 1500 730 1562 hac
744 1508 826 1580 parte
846 1499 979 1571 citantur,
996 1500 1059 1561 sine
1074 1501 1131 1562 ulla
1145 1501 1264 1562 alicuius
1287 1497 1467 1579 suspicionis

308 1601 528 1681 significatione.
1226 1684 1228 1689 Α

391 1703 595 1766 Narrationem
610 1706 647 1767 de
664 1706 808 1779 Pandora,
824 1724 849 1766 v.
866 1706 1022 1779 48-105,
1038 1704 1214 1767 recentiores
1230 1703 1322 1767 critici
1336 1704 1468 1784 plerique

306 1808 491 1879 damnarunt,
507 1825 601 1886 neque
616 1825 685 1868 sane
701 1807 883 1870 diffitendum
895 1815 941 1870 est
955 1827 1016 1870 non
1028 1828 1088 1871 uno
1100 1809 1220 1869 nomine
1235 1827 1299 1870 earn
1314 1826 1379 1869 esse
1390 1807 1467 1868 vitu-

306 1909 473 1992 perandam.
504 1908 564 1970 Sed
576 1919 705 1971 veterum
722 1917 818 1971 tamen
834 1911 1002 1973 criticorum
1014 1912 1179 1973 notationes
1191 1911 1286 1973 nullae
1298 1927 1467 1971 memoran-

306 2020 362 2086 tur,
376 2021 491 2091 praeter
505 2012 559 2073 has
574 2021 643 2074 tres.
670 2012 802 2074 Primum
819 2014 854 2074 ad
870 2034 894 2073 ν.
913 2013 963 2087 79,
979 2007 1014 2074 ἐν
1028 2005 1059 2075 δ’
1076 2004 1141 2095 ἒίροι
1155 2008 1266 2098 φωνήν
1280 2009 1366 2096 θῆκε
1377 2006 1469 2075 θεῶν

306 2108 415 2198 κήροξ.
458 2109 563 2179 Τοῦτό
584 2137 671 2192 τινες
692 2112 848 2199 περιττόν
870 2134 988 2202 φασιν·
1010 2107 1074 2202 ἤδη
1091 2111 1151 2199 γὰρ
1168 2106 1394 2199 ὁἫιγαιστος
1408 2107 1466 2177 δέ·

310 2214 412 2279 δωκεν
434 2209 535 2303 αι’·δήν
555 2220 598 2303 τῇ
621 2212 762 2301 γννσικίε
793 2238 899 2300 nempe
922 2238 1009 2281 versu
1034 2220 1089 2291 61,
1113 2217 1161 2278 ubi
1189 2217 1334 2279 Vulcanus
1361 2237 1377 2279 a
1400 2216 1469 2278 love

309 2320 421 2383 mulieri
438 2310 622 2402 ἀνθρώπου
646 2313 747 2406 αὐδήν
768 2322 869 2384 indere
883 2322 1007 2384 iubetur.
1037 2322 1251 2401 Proponuntur
1266 2320 1371 2382 deinde
1392 2320 1469 2381 duae

308 2423 509 2496 defensiones,
526 2424 612 2485 altera
628 2424 712 2486 haec:
733 2417 763 2487 εἰ
786 2419 822 2489 δὲ
843 2419 1020 2487 καὶτοῦτο
1042 2416 1175 2506 γνήσιον
1197 2414 1248 2506 εἴη
1270 2419 1330 2483 τοῦ
1347 2414 1469 2484 Ἡσιό-

308 2521 377 2600 doa,
401 2521 459 2587 τὸν
472 2517 665 2610 Ἥφαιστον
685 2521 725 2587 τὸ
748 2519 885 2607 ὄργανον
907 2520 1041 2608 ἐροῦμεν
1067 2517 1316 2606 decerpserat
1338 2513 1467 2604 ἶν’λογον,

308 2619 356 2690 δι’
379 2615 418 2689 οὗ
441 2621 578 2689 δύναται
599 2621 881 2713 συμφθέγγεσθαι
901 2625 951 2713 aqi
972 2623 1071 2712 λόγῳ,
1094 2623 1151 2690 τὸν
1173 2622 1211 2690 δὲ
1229 2619 1348 2711 Ἑρμῆν
1369 2616 1469 2709 αἰνήν
1491 2638 1496 2646 ·

309 2726 422 2792 δοῦναι
448 2727 507 2814 τήν
534 2725 673 2809 δύναμιν
694 2726 752 2816 τὴν
773 2727 939 2815 λογοειδῆι
966 2732 1069 2808 altera,
1094 2730 1166 2792 alius
1190 2729 1331 2791 auctoris:
1352 2722 1470 2812 ῥητέον

309 2818 366 2895 οὖν
388 2824 433 2907 ὥς
454 2828 494 2894 τὸ
514 2828 572 2911 μὲν
594 2824 789 2895 ἐνδιάθετον
810 2826 939 2907 ἐκεῖνος,
962 2828 1002 2893 τὸ
1024 2828 1061 2897 δὲ
1082 2825 1290 2916 προφορικὸν
1312 2822 1330 2892 ὁ
1349 2822 1470 2915 Ἑρμῆς

307 2927 487 3019 ἐντίθησιν.
522 2935 578 2994 Sed
595 2943 727 2996 neutram
743 2934 861 3014 probari
874 2953 964 3015 posse
979 2943 1109 3016 apparet,
1122 2933 1266 3014 siquidem
1279 2924 1363 3018 αὐδή
1375 2951 1470 3013 neque

309 3032 348 3098 τὸ
371 3030 568 3099 ἐνδιάθετον
591 3036 754 3115 significare
774 3045 880 3117 potest,
900 3038 929 3098 h.
946 3057 970 3098 e.
998 3039 1141 3099 rationem
1167 3036 1340 3116 tacitamque
1360 3036 1469 3099 mentis

255 3152 286 3205 rt
311 3140 532 3219 cogitationem,
550 3158 644 3219 neque
658 3158 727 3199 vero
748 3139 977 3202 instrumentum
998 3139 1077 3201 vocis
1096 3139 1132 3201 ah
1146 3138 1209 3219 ipsa
1226 3157 1296 3200 voce
1311 3138 1468 3213 diversum,

309 3242 362 3303 sed
378 3248 425 3303 cst
444 3233 529 3326 αὐδή
548 3241 620 3302 nihil
635 3240 710 3302 aliud
726 3241 783 3303 nisi
798 3262 853 3303 vor
869 3243 975 3304 mentis
992 3241 1180 3325 cogitationes
1194 3258 1388 3321 expromens,
1408 3241 1470 3303 sire

309 3337 406 3424 λόγος
427 3339 703 3428 προφορικόςῖἳ).
752 3344 902 3406 Immerito
933 3345 1020 3423 igitur
1048 3344 1213 3424 Lennepius
1246 3344 1323 3405 hauc
1352 3343 1470 3407 alterius

309 3446 481 3508 scholiastae
501 3446 769 3526 interpretationem
782 3448 942 3527 adoptarit3
957 3466 1052 3527 neque
1068 3446 1259 3526 Goetdingius
1275 3464 1375 3508 rerum
1390 3446 1469 3518 dicit,

307 3567 398 3628 quum
421 3539 522 3631 αὐδήν
545 3549 661 3628 quidem
688 3570 808 3611 vocem
834 3551 1038 3623 humanam,
1064 3542 1176 3634 φωνήν
1201 3558 1298 3612 autem
1325 3550 1469 3611 suadam

307 3670 372 3712 esse
393 3651 461 3711 vult.
506 3651 623 3713 Rectius
644 3652 808 3714 iudicarunt
823 3652 966 3725 llanhius‚
987 3650 1185 3723 l'ollhehrius‚
1201 3651 1345 3731 lleyerus,
1367 3652 1412 3713 illa
1433 3652 1470 3712 de

310 3753 454 3815 Mercurio
470 3749 581 3838 φωνήν
604 3755 717 3816 mulieri
732 3755 916 3835 impertiente
933 3753 968 3814 ab
981 3753 1188 3834 interpolatore
1203 3773 1268 3815 esse
1283 3754 1336 3816 rati
1347 3759 1360 3795 ²
1370 3757 1409 3831 ³).
1426 3788 1470 3798 —

309 3855 342 3916 ln
357 3855 458 3916 eadem
470 3856 524 3916 hac
539 3857 704 3919 narratione
715 3876 776 3919 non
792 3856 896 3918 iniuria
907 3856 991 3918 ntulti
1003 3856 1100 3917 mirati
1112 3865 1190 3929 seint,
1208 3857 1277 3936 quid
1290 3852 1471 3935 esset,'quod

308 3958 339 4018 in
365 3957 443 4019 dolio
464 3958 630 4035 Pandorae,
648 3968 849 4041 posteaquam
875 3959 949 4020 mala
977 3958 1075 4019 omnia
1100 3958 1278 4032 evolassent,
1306 3959 1380 4037 Spes
1407 3957 1471 4019 sola

375 4129 416 4193 22)
436 4130 473 4181 Cl.
489 4147 553 4198 quac
570 4132 600 4181 do
618 4129 800 4194 significatione
817 4128 932 4180 vocabuli
953 4129 1081 4180 subtiliter
1097 4145 1112 4179 a
1128 4127 1257 4180 Nitzschio
1276 4128 1343 4179 dictu
1361 4134 1419 4178 sunt
1437 4128 1471 4178 ad

309 4216 401 4284 Odyss.
415 4224 474 4268 tom.
487 4214 528 4268 lll.
540 4234 563 4284 p.
580 4216 602 4267 1.

375 4302 416 4367 23)
436 4302 492 4355 Vid.
511 4301 599 4352 llanlrii
617 4301 718 4351 dissert.
737 4300 945 4353 llcsiodlsche
964 4302 1103 4353 Studien.
1142 4298 1270 4363 Goettiug.
1290 4298 1363 4350 tato.
1381 4315 1406 4366 p.
1428 4296 1469 4349 ta.

309 4387 438 4439 Vollbehr.
452 4404 475 4454 p.
490 4386 529 4437 32.
544 4403 580 4453 sq.
604 4386 697 4452 lleyer.
711 4404 734 4454 p.
748 4386 788 4436 22.
