3276 5144
825 452 976 552 Ab..

319 646 427 728 Opusc.
443 663 485 708 ac.
502 644 550 706 lll.
566 663 595 727 p.
611 643 673 706 203
689 649 719 705 et
732 641 794 706 263
810 661 874 724 sqq.
888 651 955 706 tum
965 643 996 705 in
1010 648 1170 706 comment
1186 641 1222 704 ad
1233 641 1348 705 bocum
1363 661 1393 723 p.
1406 642 1479 716 399.

318 749 488 829 ibidemque
508 766 538 830 p.
554 745 616 810 358
632 745 770 828 explicavi
785 745 965 808 locutionem
978 744 1081 819 buius,
1102 744 1138 807 de
1154 762 1212 825 qua
1225 761 1306 806 nuuc
1320 746 1424 825 egitur,
1439 747 1480 808 si-

318 852 485 924 millimam,
507 847 649 932 βοηθεῖν
670 842 853 924 cnidinum,
875 847 905 909 ln
920 866 947 908 e.
968 843 1160 931 βοηθοῦντα
1180 843 1222 909 τά
1238 840 1355 911 δίκαια
1370 847 1482 910 ποιεῖν

318 972 345 1016 v.
362 945 636 1027 &andecavensium
651 947 790 1024 δικαίως
804 947 950 1032 βοηθεῖν.
977 949 1089 1011 Eodem
1104 950 1194 1012 modo
1209 950 1239 1011 in
1254 949 1365 1029 Equitt.
1379 968 1406 1011 r.
1422 950 1479 1013 64:

318 1052 396 1130 τοδς
422 1051 483 1136 γάρ
510 1045 605 1116 trodo
632 1044 784 1133 άντικρδς
807 1047 919 1135 ψευδῆ
946 1046 1140 1130 διαβάλλει,
1173 1052 1204 1113 h.
1233 1070 1259 1113 c.
1292 1045 1482 1130 διαβάλλων

317 1155 428 1240 ψευδῆ
450 1150 540 1236 λέγει
562 1162 613 1218 aut
634 1152 768 1237 ψευδῶς
790 1147 976 1232 διαβάλλει.
1012 1153 1102 1215 Plura
1121 1154 1224 1216 afferre
1244 1170 1305 1216 non
1325 1172 1400 1235 opus
1420 1162 1480 1216 est:

319 1269 351 1324 et
370 1260 453 1324 video
474 1260 534 1323 iam
549 1256 723 1320 Elmsleinm
744 1274 778 1318 ac
799 1262 900 1337 postca
916 1256 1075 1336 Seaqernrn
1097 1256 1127 1316 iu
1153 1256 1243 1318 Class.
1262 1256 1364 1319 Journ.
1385 1257 1431 1319 lv.
1452 1276 1481 1337 p.

241 1346 245 1353 ⁵
319 1364 513 1424 717seneum
524 1361 617 1424 nostri
628 1359 685 1422 loci
696 1366 776 1422 recte
786 1340 1064 1438 pemperiaeecquo
1076 1357 1167 1437 magis
1180 1356 1272 1419 miror
1282 1358 1316 1419 t.
1327 1358 1480 1420 noueram

321 1466 542 1529 dissentientem
558 1470 590 1526 et
601 1464 646 1526 sic
661 1463 760 1544 potius
776 1460 946 1523 vertendam
956 1459 1136 1523 locutionem
1147 1466 1261 1521 ratum:
1277 1459 1335 1523 ius
1349 1460 1481 1542 dasque

318 1569 355 1635 in
371 1569 562 1632 comoedia
577 1572 752 1629 tractare.

402 1671 436 1734 V.
452 1669 654 1739 onocoetae,
670 1666 749 1748 quod
764 1666 865 1739 sciam,
882 1682 986 1727 omnes
1001 1663 1112 1727 habent

498 1763 645 1834 ἐκέλευσε
665 1761 833 1847 Λάμαχός
854 1785 892 1829 σε
913 1761 1051 1850 ταυτησὶ
1073 1763 1220 1850 δραχμῆς

500 1868 533 1949 ἐς
555 1869 632 1948 scrip
651 1866 733 1951 χόας
756 1862 846 1953 αὑτῷ
866 1864 1067 1949 μεταδοῦναι
1088 1865 1153 1930 τῶν
1173 1865 1303 1946 κιχλῶν,

322 1981 358 2044 ab
374 1977 534 2042 editoribus
548 1983 648 2039 autem
662 1991 723 2036 non
737 1972 846 2053 panus,
860 1975 1020 2052 praecunte
1035 1971 1182 2044 Elmsleio,
1198 1966 1326 2035 ἐκέλευε
1339 1974 1481 2054 scriptum

320 2089 375 2157 est,
389 2097 452 2144 non
466 2079 551 2143 edam
567 2077 606 2140 ob
621 2094 748 2149 causam,
765 2091 854 2156 quam
869 2075 937 2155 quia
952 2093 979 2135 v.
992 2073 1055 2137 962
1069 2073 1199 2155 itemque
1214 2076 1291 2136 1051
1310 2076 1434 2138 et1073
1450 2078 1482 2138 iu

320 2184 462 2249 relatione
483 2181 692 2244 mandatorum
711 2176 885 2257 imperfecto
905 2175 1014 2247 nuntii,
1041 2193 1102 2239 non
1122 2177 1232 2239 aoristo
1253 2184 1386 2241 utuntur.
1423 2179 1482 2240 Sed

319 2289 377 2352 hoo
397 2286 511 2366 ipsum,
537 2279 753 2364 querceco,
774 2278 842 2340 licet
860 2277 959 2339 statim
982 2277 1188 2357 imperfectum
1208 2290 1365 2362 sequatur,
1389 2281 1481 2345 nihilo

319 2390 419 2453 miuus
434 2394 535 2450 nmen
549 2384 665 2448 codices
680 2399 784 2445 omnes
798 2380 940 2445 acuatum
956 2381 1098 2456 oderunt,
1119 2381 1267 2445 deterrere
1282 2401 1337 2445 uos
1350 2402 1367 2446 a
1382 2391 1482 2447 muta·

319 2495 400 2557 tione
419 2490 526 2552 debere
546 2487 671 2549 videtur.
702 2483 775 2547 Nam
796 2482 942 2545 rationem
958 2483 1093 2564 quidem,
1110 2503 1163 2549 cur
1177 2502 1238 2547 non
1252 2487 1339 2549 etiam
1355 2488 1482 2549 acrinus

319 2592 459 2675 usurpari
471 2590 609 2673 potnerit,
624 2607 677 2669 ego
692 2584 866 2649 mentulam
881 2592 1022 2666 exputare
1037 2605 1124 2670 posse
1139 2588 1242 2659 fateor,
1257 2589 1309 2652 sed
1324 2588 1483 2651 discrimen

321 2695 379 2759 hoc
393 2712 458 2757 esse
472 2693 607 2764 arbitror,
622 2694 664 2762 ut,
683 2688 733 2770 qui
747 2687 857 2750 coristo
871 2687 902 2750 in
916 2688 1071 2752 referendo
1085 2691 1225 2753 mandato
1239 2691 1346 2766 utitur,
1367 2690 1482 2772 simpli·

321 2800 395 2862 citer
409 2796 481 2859 nibil
496 2793 552 2856 nisi
568 2791 723 2855 mandasse
737 2791 862 2853 alterum
877 2789 931 2851 sibi
946 2809 1011 2854 rem
1021 2792 1138 2866 referat,
1153 2793 1204 2874 qui
1214 2793 1397 2874 imperfecto,
1413 2812 1481 2856 cum

322 2901 435 2965 diutina
455 2895 580 2979 quedem
596 2893 877 2974 repraesentatione,
898 2901 932 2953 ut
947 2893 1030 2955 Gellii
1041 2894 1130 2956 verbo
1145 2902 1227 2969 utar,
1248 2895 1331 2958 illum
1348 2896 1403 2958 sibi
1417 2914 1482 2958 rem

322 3002 489 3084 diligentius
503 3005 534 3062 et
546 2995 682 3078 pluribus
696 2993 793 3056 verbis
806 2993 968 3057 inculcasse
982 2995 1134 3077 significet.
1160 2998 1225 3060 lloc
1234 2998 1312 3061 enim
1325 2998 1483 3061 discrimen

321 3126 359 3171 ex
372 3107 435 3185 ipsa
449 3101 604 3180 utriusque
620 3096 763 3178 temporis
778 3096 989 3176 significatione
1004 3100 1204 3182 consequitur,
1220 3120 1255 3164 ac
1268 3102 1337 3165 licet
1350 3104 1483 3183 exempla

322 3207 422 3272 aoruti
443 3204 486 3268 sic
505 3204 536 3265 in
556 3200 764 3264 mandatorum
784 3198 925 3262 relatione
944 3202 1077 3282 usurpati
1095 3203 1149 3264 alia
1168 3220 1248 3267 nnnc
1261 3204 1396 3284 quidem,
1418 3222 1483 3267 mea

322 3313 450 3374 fortasse
464 3306 557 3386 culpa,
574 3319 635 3364 non
646 3301 676 3364 iu
687 3302 973 3381 promptuhabeam‚
989 3308 1100 3366 temere
1111 3311 1212 3369 tamen
1223 3306 1415 3370 deserendam
1427 3308 1485 3369 boc

323 3414 388 3475 loco
404 3409 538 3471 codicum
559 3403 715 3466 lectionem
730 3418 791 3464 non
805 3403 897 3466 luisse
912 3422 1029 3468 censeo.
1059 3406 1162 3488 Neque
1181 3409 1357 3473 mirabimur
1377 3409 1483 3472 lama·

323 3515 412 3576 chum
427 3510 470 3573 sic
485 3528 510 3571 r.
526 3504 589 3569 962
603 3504 753 3584 aliquanto
768 3505 949 3585 cupidiorem
960 3508 1103 3587 anguillae
1114 3510 1250 3591 Copaidis
1261 3513 1482 3592 repraesentari,

323 3634 412 3698 qnam
433 3634 459 3675 v.
476 3611 537 3674 960
558 3607 729 3681 turdorum,
751 3607 776 3669 si
796 3608 1018 3672 meminerimus
1037 3611 1155 3692 quantia
1178 3614 1312 3676 laudibus
1326 3614 1397 3676 illud
1412 3633 1483 3695 τερ-

323 3712 489 3783 πνότατον
511 3704 729 3793 ἀνθρώποισι
748 3703 888 3789 τέμαχος
909 3730 936 3773 r.
953 3711 1010 3775 841
1030 3731 1094 3795 sqq.
1111 3715 1289 3779 celebratum
1306 3716 1354 3779 sit.

408 3819 528 3883 Duobus
548 3814 620 3878 locis
639 3811 811 3875 nominetur
825 3813 946 3877 Pittalns
967 3817 1096 3896 quidam,
1118 3837 1207 3900 quern
1222 3819 1370 3882 medicum
1386 3818 1485 3900 publi-

323 3942 391 3988 cum
406 3922 496 3986 luisse
510 3938 559 3983 res
574 3919 636 3998 ipsa
649 3914 749 3988 docet3
764 3915 896 3996 primum
909 3936 936 3979 ε.
952 3918 1033 3981 1032
1044 3920 1224 4002 Dicaeopolis
1234 3922 1379 3985 rusticum
1391 3921 1485 4001 aegris

324 4029 417 4093 oculis
431 4023 596 4089 remedium
610 4018 648 4081 ab
662 4036 698 4078 eo
714 4019 910 4097 postulantem
925 4022 1004 4085 abiro
1019 4024 1117 4087 iubet:

503 4117 562 4189 οὐκ
584 4115 684 4195 ἔστιν,
707 4109 790 4181 ἀλλὰ
812 4118 893 4185 κλᾶε
913 4118 1000 4208 πρὸς
1019 4123 1099 4202 τούς
1118 4121 1298 4204 Πιττάλου,

324 4235 429 4300 deiude
444 4253 471 4295 ν.
490 4227 570 4291 1222
586 4222 749 4287 Lamachus
764 4224 882 4287 saucius
896 4247 933 4290 ex
948 4229 1059 4310 proelio
1075 4231 1184 4294 relatus
1199 4230 1320 4294 mmet:

543 4317 668 4407 θύραζέ
688 4326 727 4402 μ’
749 4325 930 4413 ἐξενέγκατ’
952 4325 987 4410 λς
1007 4329 1067 4398 τοῦ
1089 4327 1269 4409 Πιττάλου,

324 4443 376 4506 sed
391 4442 422 4506 in
441 4438 578 4503 hocloco
594 4433 630 4497 do
646 4441 767 4506 veritate
781 4439 913 4503 lectionis
928 4455 988 4502 nou
1002 4439 1066 4502 sine
1081 4454 1168 4503 cansa
1181 4436 1347 4501 dubitatum
1361 4444 1421 4511 sat,
1439 4435 1484 4500 si-
