3266 5140
842 445 905 510 426

299 631 385 694 etlam
400 632 474 696 ratio
488 632 618 696 nominis
630 632 690 695 sive
706 632 889 714 cognominis
904 633 984 696 lacile
997 644 1126 715 apparet.
1149 634 1453 699 Scilicettutr'cueaSa·

297 734 405 796 mnites
421 734 449 797 id
464 733 607 815 oppidum
623 734 776 810 vocabant,
798 755 857 817 quo
872 745 948 798 teoto
970 737 999 798 lr.
1011 756 1035 798 e.
1059 737 1233 801 universitas
1255 757 1373 811 eorum,
1394 738 1453 799 sive

299 838 397 900 omnis
420 837 564 919 populus,
586 838 621 899 ad
642 838 764 901 concilia
779 846 999 920 conventusque
1014 840 1202 903 celebrandos
1217 840 1365 903 maduere
1375 840 1452 902 sole-

298 941 355 1003 bat.
400 940 453 1003 Sin
467 940 540 1003 lalso
555 950 642 1023 eaput
657 941 768 1005 Samnii
782 942 916 1005 Tuticum
931 962 948 1005 a
963 943 1103 1006 Dositheo
1118 942 1233 1015 dicitur,
1249 941 1340 1006 nihilo
1354 943 1452 1004 minus

297 1052 394 1107 tamen
409 1045 498 1107 ctiam
513 1044 619 1108 minori
634 1046 718 1108 alicui
732 1046 843 1127 oppido
859 1046 927 1109 illud
942 1063 1052 1108 nomen
1066 1045 1239 1109 convenisse
1256 1044 1405 1120 boemus,
1427 1046 1453 1106 si

297 1165 357 1209 non
378 1147 495 1228 quidem
514 1148 612 1210 omnis
631 1149 747 1229 populi,
772 1155 801 1210 at
821 1148 931 1211 cirrium
949 1148 1139 1212 habitantium
1155 1156 1232 1211 certe
1246 1156 1407 1210 convontus
1422 1148 1451 1209 io

297 1270 332 1313 oo
348 1251 519 1332 agebantur:
542 1251 612 1333 quin
627 1251 823 1315 minutissima
838 1270 956 1332 queque
970 1253 1033 1315 lora
1047 1263 1077 1314 et
1090 1250 1280 1315 conciliabula
1293 1254 1383 1312 tutioo
1397 1250 1453 1315 dici

296 1362 375 1416 recte
391 1362 558 1433 potuerunt.
580 1355 653 1417 Nam
668 1364 757 1436 prout
770 1366 848 1419 teuto
864 1373 888 1416 s.
904 1353 1077 1417 universitas
1092 1356 1136 1417 rel
1151 1352 1295 1425 omnium,
1310 1352 1354 1414 vel
1368 1372 1451 1416 com·

296 1455 438 1535 plurium,
452 1457 495 1519 vel
510 1476 672 1538 paucorum
687 1458 754 1533 luit,
770 1459 810 1520 ita
824 1457 910 1520 etiam
925 1456 1055 1520 adiectivi
1069 1456 1139 1520 inde
1153 1455 1232 1519 ducti
1245 1454 1385 1519 ambitum
1402 1475 1451 1517 va-

296 1560 365 1623 riari
380 1559 520 1642 oportuit.

379 1867 456 1930 llaec
469 1866 690 1949 scripseramus,
705 1867 936 1942 commilitones,
950 1886 1071 1930 emenso
1086 1866 1274 1928 hibernamm
1284 1866 1450 1929 scholarum

297 1972 440 2034 curriculo
455 1972 490 2033 ad
507 1972 643 2034 len'arum
659 1971 750 2033 otium
766 1976 795 2033 et
809 1972 981 2033 hilaritatem
998 1990 1064 2034 cum
1079 1969 1168 2031 bonis
1184 1968 1258 2030 rotis
1273 1969 1332 2029 Vos
1347 1968 1450 2030 dimis-

296 2074 371 2146 suri,
398 2075 542 2156 nobisque
560 2075 633 2155 ipsis
654 2075 732 2137 haud
754 2076 896 2155 ingratam
912 2074 1091 2136 alaboribus
1106 2073 1236 2152 requiem
1252 2079 1281 2132 et
1295 2072 1451 2133 recreatio-

296 2197 364 2240 nem
380 2196 482 2240 securo
499 2187 528 2241 et
543 2178 698 2258 tranquillo
714 2178 813 2240 animo
829 2184 1065 2258 prospectantes,
1089 2193 1178 2256 quum
1195 2174 1293 2236 subito
1308 2182 1338 2236 et
1351 2174 1450 2254 iuopi-

296 2290 366 2343 nato
386 2299 454 2342 casu
474 2281 599 2359 perculsi
619 2301 653 2342 ex
674 2282 729 2343 bac
742 2280 945 2359 tranquillitate
961 2280 991 2341 in
1004 2279 1114 2341 luctum
1130 2287 1160 2339 et
1174 2295 1341 2338 moerorem
1357 2276 1450 2337 nonii-

296 2384 397 2444 cimur.
438 2382 611 2460 intelligitis,
637 2384 706 2463 quid
726 2383 871 2443 dicamus:
893 2401 962 2444 narn
984 2391 1079 2443 vester
1097 2380 1144 2442 lrio
1164 2380 1259 2441 luctus
1274 2396 1336 2441 nou
1351 2378 1449 2440 miuus

295 2504 382 2565 quarn
397 2494 500 2546 noster
511 2491 568 2545 est:
584 2484 686 2544 restris
702 2503 818 2564 quoque
835 2484 939 2545 animis
956 2483 1060 2545 vulnus
1075 2483 1230 2545 inflictum:
1253 2481 1357 2543 vestris
1373 2501 1448 2562 quo-

295 2606 351 2668 que
376 2587 501 2649 lacrimis
521 2587 569 2649 hic
587 2587 751 2668 insperatus
773 2594 802 2648 et
821 2587 992 2648 immaturus
1013 2587 1173 2646 Knausnun
1198 2584 1294 2646 obitus
1317 2584 1448 2645 debetur.

294 2689 355 2751 Nos
371 2689 521 2752 carissimo
538 2684 659 2768 collega,
675 2689 733 2751 Vos
750 2690 862 2770 optimo
878 2697 1080 2770 praeceptore,
1094 2688 1268 2750 universitas
1285 2694 1386 2750 nostra
1402 2687 1449 2747 in-

294 2792 369 2872 signi
394 2793 498 2854 decore
518 2792 616 2854 orbata
636 2801 695 2866 est,
721 2801 763 2866 et,
790 2810 848 2871 quo
869 2791 984 2869 gravius
1003 2792 1151 2869 lugemus,
1177 2790 1276 2852 orbata
1297 2799 1344 2852 est
1357 2808 1449 2871 paene

294 2896 376 2975 prius
396 2913 484 2976 quam
505 2902 602 2968 auom,
622 2913 713 2976 quum
733 2893 851 2955 vudum
867 2894 958 2955 uirtus
973 2893 1026 2955 viri
1042 2894 1146 2973 egregii
1162 2902 1192 2955 et
1206 2894 1380 2973 praestantia
1395 2913 1448 2973 pe-

294 2997 373 3060 nitus
389 3017 405 3059 a
421 2996 507 3058 nobis
519 2997 659 3077 cognosci
670 2998 839 3076 fructusque
850 2995 912 3057 elus
926 2996 1035 3077 percipi
1047 2996 1151 3076 coepit.
1175 2996 1253 3058 Obiit
1263 2996 1451 3058 Koroseurus
1505 3078 1513 3085 .

295 3112 365 3181 post
386 3117 518 3162 mensem
541 3099 823 3179 duodevigesimum,
849 3118 936 3180 quam
960 3119 994 3160 ex
1009 3099 1147 3160 Rhenana
1169 3098 1316 3160 academia
1332 3099 1361 3160 in
1377 3100 1451 3160 haur

295 3210 428 3265 nostram
451 3202 620 3275 translatus,
641 3211 711 3284 post
729 3220 839 3283 paucos
854 3201 930 3275 dies,
953 3220 1041 3283 quam
1060 3202 1090 3262 in
1107 3201 1251 3263 ordinaria
1266 3202 1451 3282 professione

295 3303 453 3365 collocatus
472 3314 530 3367 est:
553 3304 624 3367 obiit
642 3304 849 3367 florentissima
869 3311 972 3378 aetate,
998 3303 1116 3384 integris
1132 3304 1222 3366 animi
1236 3304 1359 3379 viribm,
1382 3325 1450 3366 cor-

294 3423 379 3483 pore,
405 3405 458 3466 etsi
479 3405 576 3469 minus
597 3408 736 3483 robusto,
763 3419 841 3470 certe
860 3417 957 3470 tamen
972 3407 1133 3468 iuveniliter
1147 3409 1275 3487 vigente,
1301 3408 1332 3469 in
1352 3407 1449 3469 medio

293 3505 366 3568 ritae
382 3515 410 3568 et
423 3507 515 3570 laudis
531 3528 617 3571 cursu
633 3509 819 3591 interceptus,
835 3510 981 3590 praeclara
992 3510 1081 3571 multa
1094 3510 1215 3589 agitans,
1231 3510 1450 3571 excellentibus·

244 3616 273 3666 ln
296 3628 352 3689 que
373 3607 521 3671 doctrinae
544 3619 571 3672 et
593 3611 699 3692 ingenii
722 3613 815 3694 copiis
832 3632 922 3694 quum
942 3611 1044 3674 litteris
1060 3620 1121 3675 turn
1138 3613 1315 3675 universitati
1332 3620 1450 3674 nostrae

292 3712 452 3792 plurimum
471 3713 642 3776 incrementi
662 3717 844 3795 promittens.
886 3715 1043 3796 Numquid
1060 3734 1121 3778 non
1140 3725 1355 3797 praestaturum
1371 3715 1449 3777 vide-

293 3813 377 3875 batur
397 3815 460 3876 eius
483 3815 562 3877 virdo
584 3817 687 3890 robur,
715 3820 797 3880 cuius
816 3818 882 3879 talia
901 3826 1031 3880 extarent
1052 3837 1141 3898 opera
1155 3817 1312 3882 iuvenilia?
1334 3820 1449 3899 quaesi

292 3914 359 3997 quis
374 3935 408 3977 ex
424 3935 493 3978 vero
509 3919 663 3981 aestimare
677 3919 751 3993 velit,
768 3937 829 3981 non
844 3938 915 3980 sanc
926 3920 1150 3996 adolescentulo,
1166 3930 1301 4003 quartum
1317 3929 1347 3982 et
1360 3922 1449 4002 trige-

294 4019 401 4080 simum
418 4037 527 4082 anuum
542 4023 673 4083 nondum
689 4040 817 4101 egresso,
832 4022 882 4083 sed
898 4023 961 4084 viro
977 4024 1062 4103 digna
1077 4023 1154 4086 dicet
1168 4024 1357 4105 perlongum
1373 4033 1447 4086 tem-

292 4141 349 4202 pus
376 4122 405 4183 in
428 4123 529 4184 litteris
551 4123 662 4185 naviter
681 4134 794 4185 versato
814 4133 842 4186 et
862 4144 955 4205 prope
975 4134 1189 4188 consummato.
1230 4128 1330 4209 ltaque
1350 4127 1379 4188 iu
1394 4127 1448 4188 hac

293 4223 431 4288 brevitate
458 4226 530 4287 vitae
555 4226 614 4286 hoc
638 4233 735 4285 tannen
755 4224 800 4286 rllo
821 4226 926 4303 ollocit,
948 4236 984 4303 ⁸ul
1003 4228 1141 4310 operibus
1157 4248 1217 4291 non
1234 4230 1290 4291 cito
1311 4229 1447 4311 perituris

292 4327 481 4408 longissimae
510 4348 542 4389 se
563 4326 741 4408 posteritatis
766 4330 924 4391 memoriae
946 4332 1173 4393 cornmendaret
1213 4333 1368 4412 Superstes
1395 4331 1449 4393 erit

291 4430 452 4492 Kurusssu
468 4448 588 4503 nomen,
604 4430 743 4510 quamdiu
758 4432 884 4494 Graecae
898 4441 927 4494 et
940 4433 1086 4497 Romanae
1100 4435 1278 4515 antiquitatis
1293 4435 1390 4497 studia
1404 4434 1447 4494 vi-
