3222 5148
835 443 971 540 ..Q

320 633 409 696 modo
433 633 556 713 possint.
613 633 706 696 Verba
731 634 804 697 baec
829 644 915 699 srmt:
938 631 1156 712 „Epicurus
1182 638 1308 695 autem
1327 634 1480 697 —docet

321 755 402 798 earn
420 756 507 798 esse
525 736 594 799 rim
616 745 650 797 et
669 744 839 801 naturam
860 737 1028 809 deorum,
1052 743 1092 797 nt
1113 734 1266 816 primum
1281 752 1480 799 nonmnsu

319 840 382 901 sed
398 849 519 902 mente
535 848 724 913 cernatur,
746 859 812 902 noc
831 839 1022 902 soliditate
1044 837 1198 919 quadam
1214 854 1281 899 noc
1296 838 1337 898 ad
1353 857 1480 902 numo·

319 959 412 1015 rum,
436 952 480 1005 ut
496 962 536 1004 ea
555 962 645 1024 quae
665 942 729 1004 ille
750 950 903 1023 propter
930 940 1154 1002 firmitatem
1183 938 1400 1022 στερέμνια
1423 963 1480 1023 ap·

319 1045 451 1126 pellat,
469 1046 531 1107 scd
547 1044 774 1124 imaginibus
789 1043 1040 1105 similitudine
1056 1043 1479 1128 ottransitionepercep·

319 1149 400 1211 tis.“
444 1148 687 1230 Respondentem
700 1149 735 1209 ad
751 1148 824 1210 baec
838 1147 956 1209 Cottam
979 1165 1042 1228 cap.
1059 1146 1109 1219 37,
1129 1148 1192 1207 tot
1204 1148 1304 1210 Cicero
1324 1149 1369 1211 bis
1390 1148 1479 1210 verbis

320 1252 363 1314 uti
377 1252 463 1315 facit:
489 1252 572 1325 „Sic
587 1252 682 1313 enim
699 1250 865 1324 dicebas,
892 1249 1059 1332 speciem
1079 1248 1138 1311 dei
1158 1250 1299 1331 percipi
1319 1252 1478 1332 cogitati·

320 1373 401 1427 ene,
422 1373 494 1416 non
514 1373 640 1428 sensu,
661 1373 728 1417 nec
748 1353 888 1416 essein
903 1373 943 1415 ca
963 1353 1077 1415 ullam
1098 1353 1347 1426 soliditatem,
1366 1372 1479 1434 nequo

319 1459 467 1520 eandem
483 1460 525 1521 ad
546 1476 737 1522 numerum
757 1473 996 1537 permanere,
1020 1475 1171 1535 eamque
1191 1476 1276 1519 osse
1298 1457 1378 1519 cius
1400 1457 1479 1519 visi·

319 1580 438 1637 onem,
458 1560 765 1625 utsimilitudine
785 1563 820 1620 et
839 1559 1072 1622 transitione
1091 1565 1298 1623 cernatur.“
1326 1578 1382 1623 nso
1397 1559 1478 1622 dubi·

319 1665 374 1726 tari
395 1673 507 1745 potest,
532 1664 603 1745 quin
624 1663 726 1725 Cicero
742 1661 858 1723 Cottam
878 1661 923 1722 sic
942 1662 1127 1742 loquentem,
1149 1664 1217 1725 licet
1238 1664 1332 1726 verbis
1349 1662 1478 1726 nonnihil

318 1768 493 1842 immutatis,
514 1766 691 1828 sententiam
711 1776 811 1827 tamen
831 1765 971 1836 eandem,
992 1785 1067 1846 quae
1088 1765 1226 1828 avelleio
1246 1768 1395 1847 proposita
1417 1766 1477 1838 tuit,

317 1878 450 1950 repetere
465 1869 599 1931 voluerit.
642 1868 743 1947 ltaque
759 1885 852 1946 quum
870 1867 994 1929 Velleius
1012 1868 1081 1929 rim
1101 1877 1136 1931 et
1155 1878 1326 1932 naturam
1346 1869 1475 1940 deorum,
1560 1854 1561 1863 ¹

318 1974 400 2035 Cotta
427 1981 526 2034 autem
554 1972 714 2052 speciem
744 1971 835 2043 dicat,
862 1970 973 2031 nihilne
996 1970 1140 2034 interesse
1165 1972 1349 2053 putabimus,
1381 1982 1476 2035 utrum
1560 2014 1561 2039 1

316 2076 426 2138 horum
440 2072 575 2137 dicatur?
597 2074 740 2154 Equidem
756 2073 883 2134 multum
897 2073 1039 2135 interesse
1054 2092 1171 2137 censeo.
1196 2076 1270 2137 Nam
1288 2075 1477 2155 plurimarum

316 2197 433 2251 rerum,
457 2196 585 2259 quarum
606 2178 734 2257 speciem
750 2177 778 2237 b.
795 2196 820 2236 e.
842 2176 984 2248 iormam,
1007 2177 1130 2256 Quam
1151 2196 1332 2258 omnemque
1347 2179 1477 2242 habitum

316 2290 472 2343 externum
489 2281 581 2361 probe
596 2289 701 2342 notum
716 2278 875 2350 habemus,
896 2277 955 2339 vim
975 2289 1076 2341 tamen
1099 2287 1129 2341 et
1143 2291 1277 2342 naturam
1294 2280 1381 2362 plane
1396 2281 1477 2341 nobis

315 2384 495 2465 incognitam
520 2402 588 2445 esse
611 2401 683 2444 num
706 2382 772 2460 quis
797 2380 916 2442 dilliteri
941 2377 1084 2443 audebit?
1114 2382 1207 2444 Porro
1233 2384 1475 2463 cogitatione,

316 2506 393 2550 mon
410 2506 539 2560 sensu,
561 2486 727 2567 speciem
754 2484 809 2545 dei
830 2484 985 2565 percipi,
1002 2484 1071 2563 quid
1091 2484 1168 2545 alind
1187 2485 1351 2565 significare
1373 2472 1476 2567 potest.

316 2610 403 2672 quam
420 2591 575 2670 cogitando
591 2590 711 2651 demum
726 2606 782 2649 uos
797 2607 834 2647 ec
849 2586 1016 2665 pervenire,
1038 2591 1071 2647 ut
1085 2604 1144 2667 qua
1162 2587 1201 2648 sit
1214 2589 1311 2668 specio
1323 2588 1397 2650 deus
1412 2605 1476 2668 per-

316 2691 482 2776 cipiamus?
525 2693 612 2772 Atqui
634 2709 672 2752 ne
694 2690 752 2752 boc
773 2688 892 2769 quidem
914 2690 1060 2770 Epicurus
1081 2700 1132 2751 aut
1146 2691 1272 2752 Velleius
1292 2691 1476 2761 concesserit.

316 2797 390 2859 Nam
414 2797 523 2877 speciei
546 2795 669 2858 deorum
691 2793 843 2879 notionem
867 2793 992 2872 primam
1009 2792 1153 2872 Epicurus
1175 2793 1328 2875 repetebat
1348 2794 1385 2855 ab
1400 2794 1475 2857 ims-

315 2900 431 2982 ginibus
454 2900 484 2960 in
507 2899 639 2960 animum
668 2894 903 2971 incurrentibus,
937 2896 1006 2957 hinc
1032 2904 1132 2957 autem
1165 2905 1266 2958 natam
1287 2897 1324 2958 de
1347 2896 1475 2960 humana

316 3004 414 3084 specie
444 3002 614 3085 opinionem
643 2999 802 3084 postmodo
837 2998 923 3059 etiam
951 2997 1064 3059 ratione
1093 3007 1122 3061 et
1157 2999 1340 3081 argumentis
1368 3003 1476 3065 confir-
1560 3060 1561 3063 ,

316 3126 398 3169 mare
433 3105 602 3169 conabatur.
648 3102 780 3181 Denique
817 3118 888 3162 non
918 3100 1076 3163 eandem,
1106 3100 1299 3184 (speciem)
1334 3103 1374 3165 ad
1405 3122 1474 3167 nu·
1560 3106 1561 3113 ’

315 3229 454 3272 merum
488 3223 706 3290 permanere
740 3206 810 3285 quid
845 3207 922 3269 aliud
956 3227 1022 3270 esse
1057 3207 1203 3279 dicemus,
1233 3225 1322 3288 quam
1353 3227 1475 3271 numem

315 3314 421 3374 rumam
434 3330 509 3383 esse,
523 3318 557 3372 nt
572 3309 661 3370 modo
673 3309 773 3388 plures
784 3310 873 3371 modo
884 3310 1036 3389 pauciores
1048 3310 1160 3390 species
1171 3310 1282 3372 similes
1294 3307 1476 3373 offerantur?

316 3415 402 3488 Quod
418 3417 485 3477 licet
499 3414 619 3493 intelligi
633 3413 716 3475 facile
732 3413 839 3493 possit,
862 3429 966 3473 vereor
984 3421 1084 3473 tamen
1105 3430 1142 3473 ne
1162 3413 1310 3475 diversum
1327 3414 1475 3485 sitalco,

315 3518 395 3597 quod
407 3517 533 3580 Velleius
548 3517 635 3589 dixit,
657 3516 780 3578 deorum
801 3516 859 3578 rim
880 3522 910 3577 et
929 3524 1065 3577 naturam
1084 3533 1145 3576 non
1159 3515 1194 3577 ad
1210 3533 1369 3578 nnmerum
1384 3515 1474 3579 cerni

314 3621 388 3682 Nam
401 3621 435 3683 ed
452 3639 611 3682 numerum
626 3619 707 3682 cerni
721 3619 781 3690 rix,
799 3618 914 3700 opinor,
931 3618 1007 3680 aliud
1022 3618 1186 3697 significare
1200 3627 1310 3699 potest,
1327 3638 1417 3699 quam
1437 3618 1478 3680 ita
1560 3638 1561 3643 ¹

314 3725 408 3797 cerni,
431 3732 465 3786 ut
479 3742 581 3785 eorum
596 3742 670 3804 quae
686 3729 847 3785 cernuntur
861 3739 1005 3783 numerus
1020 3723 1117 3783 notari
1129 3721 1232 3801 possit.
1278 3720 1328 3783 Sic
1342 3722 1430 3801 igitur
1444 3739 1477 3780 er

313 3827 418 3889 Cottae
447 3827 542 3889 verbis
568 3836 677 3888 certam
707 3843 827 3894 eorum,
853 3843 929 3905 quae
949 3823 1073 3884 Velleius
1096 3823 1181 3899 dixit,
1205 3824 1479 3904 interpretationem
1560 3860 1561 3863 =

312 3929 422 3991 hauriri
437 3946 498 3990 non
513 3947 600 4011 posse
610 3937 739 4010 apparet.
765 3927 822 3989 Sed
836 3926 933 3988 minus
948 3926 1038 3988 etiam
1053 3927 1126 3988 haec
1140 3926 1202 4008 ipsa
1217 3927 1334 3989 facilem
1348 3927 1478 3989 intellec·

312 4039 378 4092 tum
394 4031 512 4093 habent.
535 4031 664 4094 Deorum
679 4031 738 4092 vim
755 4038 784 4091 ct
799 4039 936 4092 naturam
951 4029 1220 4092 consoliditate
1235 4031 1385 4109 quadam
1398 4028 1478 4091 cerui
1560 4102 1561 4119 ,

310 4134 457 4207 audimus,
473 4142 507 4195 ut
521 4151 555 4195 ea
570 4151 646 4213 quae
661 4142 783 4213 propter
797 4133 964 4194 firmitatem
980 4126 1156 4213 στερέμνια
1171 4141 1329 4205 vocantur,
1346 4132 1399 4195 sed
1422 4133 1480 4215 troo

311 4236 410 4319 ipsum
430 4235 628 4297 soliditate
648 4236 801 4315 quadam
818 4234 921 4297 cerni
941 4235 1011 4314 quid
1026 4234 1068 4295 sit
1081 4241 1109 4295 et
1124 4234 1289 4315 quomodo
1301 4228 1480 4314 στερέμνια

311 4338 457 4400 soliditate
473 4356 525 4399 sua
537 4337 617 4400 cerni
631 4338 785 4411 dicantur,
808 4356 855 4399 me
877 4337 995 4418 quidem
1011 4336 1096 4417 lugit.
1140 4337 1232 4399 Estne
1247 4336 1479 4399 soliditatoi.

311 4457 340 4520 q.
352 4453 474 4521 pmpter
488 4435 691 4501 soliditatem?
707 4439 844 4519 Aequine
854 4435 1026 4521 στερέμνια
1039 4438 1159 4520 quidem
1168 4446 1290 4520 propter
1300 4438 1479 4502 soliditatem
