3284 5152
182 667 271 730 quem
287 661 489 730 comparatum
505 648 655 731 abaliquo
670 651 792 715 memini
807 672 875 716 eum
891 674 917 717 ι.
934 653 996 716 572
1011 652 1086 729 (580
1098 652 1223 728 Herm),
1236 654 1265 716 iu
1278 671 1338 735 quo

183 759 228 816 est
247 747 347 815 εοΐπο
366 741 448 831 κᾶμ’
468 743 537 831 ἔχει
562 749 691 829 πόθος,
718 755 801 818 euius
828 757 914 839 longe
941 757 1053 820 diverse
1081 756 1155 819 ratio
1174 762 1229 818 est.
1263 755 1337 818 Nem

182 851 299 930 πόθος
317 845 386 934 ἔχει
400 848 474 918 md
489 850 587 918 τοῦτο
600 845 623 940 ἢ
636 847 738 939 ἐνιεῖιο
752 857 860 922 dicitur
873 865 996 941 propter
1009 858 1231 921 similimdinem
1247 857 1338 939 sigui·

182 956 326 1021 cottonis
339 975 408 1019 cum
423 976 459 1019 eo
475 958 553 1037 quod
568 967 614 1021 est
629 959 737 1022 ποθιῖ
748 980 805 1035 τις,
813 957 913 1025 τοῦτο
925 950 948 1046 ἢ
959 955 1071 1037 έκεῖνο,
1086 958 1339 1043 quemadmodum

181 1058 443 1142 upudSophoclem
450 1059 613 1123 Oedtlols.
621 1056 783 1138 ἳθθεδέος
792 1053 901 1142 ἴσχετε
910 1059 1013 1147 μηδὲν
1021 1055 1071 1128 δι’
1082 1054 1340 1144 αδδιδ,ραίοδέος

181 1152 290 1241 ἶόχειν
308 1162 386 1225 idem
407 1162 552 1244 estquod
573 1157 728 1227 δεδιέναι.
758 1165 874 1229 tticum
896 1172 941 1230 cst
960 1167 997 1229 de
1010 1168 1148 1231 universo
1162 1165 1219 1228 hoc
1233 1182 1338 1247 genere

181 1264 408 1329 constructionis
421 1265 453 1327 in
467 1266 575 1347 Oposo.
588 1285 631 1329 rc
648 1266 686 1328 ΙΙΙ
701 1286 730 1348 p.
747 1267 880 1351 201sqq.
911 1269 970 1332 Sed
984 1262 1209 1348 μαντεύεοθαό
1228 1287 1264 1331 ει
1277 1285 1340 1331 uon

181 1367 264 1431 stiter
277 1368 399 1444 dicitur,
420 1387 509 1451 quem
524 1377 621 1432 cetero
636 1368 721 1433 rerba
735 1371 947 1453 interrogendi,
964 1391 1039 1453 quse
1053 1371 1182 1453 legitime
1195 1369 1340 1434 accuseti-

181 1490 251 1535 rum
265 1472 318 1543 rei,
334 1491 426 1554 qoem
439 1472 505 1554 quis
519 1472 684 1536 sciscitatur
697 1473 734 1536 ah
749 1474 850 1550 nitere,
865 1473 1023 1538 asciscunt.

265 1581 348 1650 idox,
375 1595 467 1658 quum
488 1576 598 1640 &coss
625 1576 730 1639 dixerit
748 1595 874 1658 puerum
893 1596 910 1640 ο
929 1576 1000 1640 feris
1019 1577 1198 1659 discerptum
1218 1575 1339 1657 periisse

183 1685 272 1760 credi,
288 1684 342 1746 iou
356 1699 445 1763 ραοιο
460 1680 572 1745 dudum
589 1680 635 1742 ilie
649 1679 769 1761 perierit
781 1680 943 1762 interroget
957 1700 983 1742 r.
999 1679 1072 1753 367,

381 1779 496 1868 χρόνος
517 1777 556 1847 δέ
575 1774 628 1856 τίς
648 1777 697 1866 τῷ
719 1778 820 1846 nasot
841 1776 1142 1867 διαπεπραγμένοις

182 1890 212 1952 ir.
239 1909 265 1951 e.
290 1882 404 1969 χρόνος
425 1881 463 1949 δέ
489 1885 550 1960 τίς,
578 1874 641 1970 ἀφ’
666 1870 705 1948 οδ
731 1876 748 1947 ὁ
774 1885 858 1957 παῖς
877 1880 1144 1964 διαπέπρακται,
1167 1902 1225 1966 qne
1244 1885 1340 1948 forms

183 1991 330 2074 loquendi,
347 1991 378 2052 iu
391 1990 482 2053 istinc
496 1995 658 2067 nostroque
669 2004 806 2053 sermone
816 1987 933 2060 usitato,
949 1986 1051 2051 Groeei
1062 1994 1113 2051 sut
1122 2006 1190 2051 roro
1201 1994 1252 2051 sut
1261 2004 1340 2050 nuu-

184 2112 273 2176 qusnt
297 2092 343 2156 uti
368 2093 479 2165 soient,
506 2091 558 2154 sed
583 2090 754 2171 praeierunt
777 2090 963 2172 participium
983 2090 1133 2173 praeteriti
1153 2091 1250 2155 dntiro
1270 2109 1340 2155 cestr

183 2197 323 2280 positum.
350 2196 496 2258 Nimirum
508 2194 615 2275 siquid
626 2193 823 2275 antestiquod
834 2198 952 2274 ternpus
963 2192 1075 2257 iustum
1085 2202 1139 2267 est,
1155 2195 1341 2278 hoetempos
1412 2248 1417 2255 .

184 2301 211 2364 ei
225 2319 368 2383 perseum
382 2310 434 2365 eut
447 2301 505 2373 rei,
520 2300 557 2363 de
573 2318 630 2380 qus
645 2317 744 2361 sermo
759 2305 813 2369 est
827 2297 991 2380 proeteriit:
1012 2297 1081 2360 hine
1094 2297 1183 2380 igitur
1195 2317 1231 2362 es
1245 2298 1341 2363 dativo

184 2421 254 2467 essu
281 2403 417 2485 ponitur,
441 2401 616 2486 additurque
640 2410 691 2465 snt
718 2401 904 2484 participium
933 2403 1057 2466 sotionis
1078 2402 1266 2485 prseteritos,
1291 2409 1343 2465 sut

183 2524 397 2588 mununqmm
413 2506 500 2569 ctiam
515 2505 637 2569 verbum
653 2505 769 2570 finitum
783 2523 852 2568 cum
867 2505 1083 2588 praepositione
1097 2512 1128 2569 et
1142 2505 1263 2570 relotivo
1279 2492 1340 2590 ἀφ’

185 2596 241 2687 οδ,
267 2609 317 2684 τίς
342 2603 457 2693 χρόνος
486 2604 532 2693 τῷ
560 2602 661 2670 παιδὶ
692 2601 973 2692 διαπεπραγμένῳ
1000 2614 1052 2671 eut
1078 2607 1129 2683 τίς
1153 2601 1270 2690 χρόνος
1294 2603 1342 2692 αρ’

185 2705 288 2775 παιδὶ
303 2701 366 2796 ἀφ’
378 2698 417 2773 οδ
429 2704 691 2790 διαπέπρακται.
712 2709 870 2791 Utriusque
882 2711 996 2792 generis
1006 2711 1140 2792 exemplu
1151 2709 1183 2773 in
1192 2728 1341 2791 momms-

184 2813 313 2877 ticorum
332 2813 413 2878 tineis
432 2820 546 2885 extent,
567 2813 646 2877 reiut
665 2814 742 2895 opud
763 2813 952 2877 Metthirsum
971 2810 1106 2889 ό388ι.
1136 2811 1224 2875 Verbi
1242 2818 1341 2875 sutem

185 2909 457 3000 διαπράττεσθαι
478 2916 535 2979 hoc
554 2933 644 2979 soum
658 2920 692 2979 ut
705 2915 744 2978 sit
757 2915 776 2978 i.
791 2933 821 2997 q.
838 2907 1106 3001 διαφθείρεσθαι
1121 2915 1254 2997 exemplo
1269 2931 1341 2977 oon·

182 3016 273 3099 gessit
288 3019 441 3083 Biomdeid
455 3018 486 3081 in
500 3019 622 3102 glossar.
637 3018 674 3082 ed
688 3017 822 3101 Aeschyli
836 3017 917 3081 Pers.
932 3035 959 3080 r.
974 3016 1046 3080 265.

268 3119 439 3203 Respondet
453 3121 562 3185 Creum
577 3141 603 3182 ν.
621 3119 698 3183 368:
787 3167 791 3175 .

369 3217 423 3285 coi
445 3212 566 3285 ταδεδν
588 3214 681 3308 ἥβης,
705 3211 872 3307 disceptio,
895 3207 954 3301 ιῖχ’
976 3210 1016 3284 dv
1037 3213 1163 3302 μέτρον.

186 3322 285 3403 itsque
304 3314 430 3407 ἔφορον
450 3343 536 3398 eum,
559 3326 584 3388 si
605 3325 727 3397 ureret,
750 3325 815 3388 iore
834 3324 904 3387 dicit
917 3323 980 3407 peri
994 3323 1055 3386 iere
1070 3341 1137 3386 mm
1154 3323 1223 3385 ione
1238 3328 1341 3384 estete.

186 3423 261 3486 Nom
281 3416 365 3510 ἥβης
381 3419 499 3506 μέτρον
518 3426 595 3508 apud
611 3426 773 3489 Homerum
794 3425 924 3507 olimque
943 3432 1047 3506 poetes
1061 3424 1140 3487 houd
1155 3441 1222 3486 rsro
1237 3422 1344 3486 dicitur
1466 3422 1470 3433 '

116 3528 120 3535 “
185 3523 222 3586 de
237 3523 335 3588 adulto
350 3531 455 3599 estete,
469 3525 553 3590 euius
567 3526 684 3591 initium
698 3526 760 3590 fere
775 3534 908 3608 equum
919 3526 1033 3590 dedum
1045 3534 1103 3600 eut
1118 3532 1151 3589 ut
1162 3525 1241 3608 apud
1252 3525 1344 3589 dthe·

187 3626 318 3704 irienses,
338 3646 355 3689 u
374 3627 587 3690 sextodecimo
603 3646 681 3691 euno
696 3627 846 3690 numerari
859 3627 987 3703 soiebut3
1007 3646 1186 3708 quemquem
1200 3628 1344 3691 terminos

187 3720 271 3813 iidoc
291 3745 352 3792 non
371 3746 490 3810 semper
507 3737 588 3795 certo
603 3750 637 3794 uc
651 3730 772 3794 definito
787 3747 933 3793 annorum
948 3746 1073 3793 numero
1088 3730 1264 3794 constitutos
1279 3749 1344 3794 esse

188 3848 278 3895 nemo
299 3830 502 3908 tnirtisitur³t⁸
532 3832 614 3896 flens
633 3833 721 3914 igitur
741 3838 866 3897 nemum
887 3831 939 3915 qui
958 3832 1081 3913 ingressi
1096 3841 1166 3894 sunt
1180 3825 1264 3917 ἥβης
1284 3825 1344 3912 μέ-

187 3968 203 3975 ..
214 3968 386 3982 „mas-...-

255 4037 282 4101 θ)
299 4037 357 4090 Vid.
374 4039 439 4093 setis
457 4046 601 4091 secusstsru
614 4039 645 4091 de
659 4040 737 4092 vertis
749 4040 842 4093 notetis
854 4039 974 4106 grediens
987 4054 1123 4109 eorumque
1135 4038 1346 4106 sppettsttostsns

186 4124 382 4190 disputetiocetn
398 4123 506 4177 Nsuekii
523 4125 546 4177 iu
565 4125 743 4191 Aristophsnis
760 4126 820 4196 Byz.
840 4123 928 4191 irsgtn.
946 4142 969 4192 p.
982 4126 1010 4177 st
1020 4142 1073 4194 ερρ.
1096 4126 1133 4178 De
1149 4124 1345 4178 Atheniensibus

187 4208 298 4261 debitori
319 4226 368 4261 non
384 4209 471 4291 debet,
493 4210 552 4280 quin
570 4210 671 4262 initium
687 4208 755 4277 ἥβης
771 4226 864 4263 sunum
878 4209 940 4263 XVI
956 4211 1160 4273 uumersverist3
1176 4212 1208 4263 sd
1223 4208 1345 4262 mitteret·

187 4299 270 4344 sutem
279 4293 399 4346 tirocinio
408 4303 435 4347 et
444 4293 606 4368 aspendios
616 4312 703 4347 nunus
713 4298 870 4349 vocabuntur
878 4297 1051 4349 adolescentes
1061 4294 1221 4360 sschVlH,
1231 4310 1279 4362 qno
1289 4306 1347 4360 per·

187 4378 254 4430 tinet
261 4376 410 4435 loeodoini
420 4377 683 4449 dssrisipioscdion
695 4383 759 4435 setis
767 4383 953 4451 αἰειοειερειῐο
960 4382 1025 4434 itone
1033 4380 1346 4450 possetiosensupertrs·

190 4462 400 4531 etssitiissptirs
409 4462 1347 4538 isiiptemeeidspmoss.(Zoitmiriiti.d.Gynrssislvtesesildddp.2t't.

1126 4547 1146 4610 9
