<?xml version="1.0" encoding="UTF-8"?>
<!DOCTYPE html PUBLIC "-//W3C//DTD XHTML 1.0 Transitional//EN"
    "http://www.w3.org/TR/xhtml1/DTD/xhtml1-transitional.dtd">
<html xmlns="http://www.w3.org/1999/xhtml" xml:lang="en" lang="en">
 <head>
  <title>
</title>
<meta http-equiv="Content-Type" content="text/html;charset=utf-8" />
  <meta name='ocr-system' content='tesseract 3.04.00' />
  <meta name='ocr-capabilities' content='ocr_page ocr_carea ocr_par ocr_line ocrx_word'/>
</head>
<body>
  <div class='ocr_page' id='page_1' title='image "./opusculaacademi00schogoog_0040.png"; bbox 0 0 3164 5138; ppageno 0'>
   <div class='ocr_carea' id='block_1_1' title="bbox 679 444 719 508">
    <p class='ocr_par' dir='ltr' id='par_1_1' title="bbox 679 444 719 508">
     <span class='ocr_line' id='line_1_1' title="bbox 679 444 719 508; baseline 0.025 -1"><span class='ocrx_word' id='word_1_1' title='bbox 679 444 719 508; x_wconf 80' lang='lat'>29</span> 
     </span>
    </p>
   </div>
   <div class='ocr_carea' id='block_1_2' title="bbox 116 627 1285 2557">
    <p class='ocr_par' dir='ltr' id='par_1_2' title="bbox 116 627 1285 2557">
     <span class='ocr_line' id='line_1_2' title="bbox 116 627 1282 714; baseline -0.003 -20"><span class='ocrx_word' id='word_1_2' title='bbox 116 630 242 709; x_wconf 83' lang='lat' dir='ltr'>biduum,</span> <span class='ocrx_word' id='word_1_3' title='bbox 255 632 349 714; x_wconf 90' lang='lat' dir='ltr'>idque</span> <span class='ocrx_word' id='word_1_4' title='bbox 365 632 441 695; x_wconf 87' lang='lat' dir='ltr'>mira</span> <span class='ocrx_word' id='word_1_5' title='bbox 457 650 583 713; x_wconf 88' lang='lat' dir='ltr'>prorsus</span> <span class='ocrx_word' id='word_1_6' title='bbox 598 640 682 711; x_wconf 89' lang='lat' dir='ltr'>atque</span> <span class='ocrx_word' id='word_1_7' title='bbox 696 629 855 693; x_wconf 80' lang='lat' dir='ltr'>incredibili</span> <span class='ocrx_word' id='word_1_8' title='bbox 875 627 1019 692; x_wconf 88' lang='lat' dir='ltr'>celeritate</span> <span class='ocrx_word' id='word_1_9' title='bbox 1033 627 1108 691; x_wconf 88' lang='lat' dir='ltr'>intra</span> <span class='ocrx_word' id='word_1_10' title='bbox 1122 628 1210 691; x_wconf 89' lang='lat' dir='ltr'>unius</span> <span class='ocrx_word' id='word_1_11' title='bbox 1224 628 1282 690; x_wconf 88' lang='lat' dir='ltr'>diei</span> 
     </span>
     <span class='ocr_line' id='line_1_3' title="bbox 123 732 1279 816; baseline -0.005 -18"><span class='ocrx_word' id='word_1_12' title='bbox 123 736 244 816; x_wconf 84' lang='lat' dir='ltr'>spatium</span> <span class='ocrx_word' id='word_1_13' title='bbox 258 736 416 797; x_wconf 73' lang='lat' dir='ltr'>exstruxit.</span> <span class='ocrx_word' id='word_1_14' title='bbox 428 770 471 780; x_wconf 91' lang='lat'>-</span> <span class='ocrx_word' id='word_1_15' title='bbox 484 735 560 797; x_wconf 90' lang='lat' dir='ltr'>Sunt</span> <span class='ocrx_word' id='word_1_16' title='bbox 571 734 658 794; x_wconf 88' lang='lat' dir='ltr'>etiam</span> <span class='ocrx_word' id='word_1_17' title='bbox 669 733 721 796; x_wconf 87' lang='lat' dir='ltr'>alia</span> <span class='ocrx_word' id='word_1_18' title='bbox 735 734 877 813; x_wconf 76' lang='lat' dir='ltr'><strong>quaedam</strong></span> <span class='ocrx_word' id='word_1_19' title='bbox 889 732 918 793; x_wconf 93' lang='lat' dir='ltr'>in</span> <span class='ocrx_word' id='word_1_20' title='bbox 931 732 1087 814; x_wconf 76' lang='lat' dir='ltr'>harperto,</span> <span class='ocrx_word' id='word_1_21' title='bbox 1102 751 1175 813; x_wconf 80' lang='lat' dir='ltr'>quae</span> <span class='ocrx_word' id='word_1_22' title='bbox 1186 739 1279 795; x_wconf 84' lang='lat' dir='ltr'>atten-</span> 
     </span>
     <span class='ocr_line' id='line_1_4' title="bbox 121 835 1281 918; baseline 0.001 -18"><span class='ocrx_word' id='word_1_23' title='bbox 121 849 178 900; x_wconf 86' lang='lat' dir='ltr'>tum</span> <span class='ocrx_word' id='word_1_24' title='bbox 197 840 340 901; x_wconf 88' lang='lat' dir='ltr'>lectorem</span> <span class='ocrx_word' id='word_1_25' title='bbox 360 839 525 911; x_wconf 79' lang='lat' dir='ltr'>offendant,</span> <span class='ocrx_word' id='word_1_26' title='bbox 545 835 650 918; x_wconf 90' lang='lat' dir='ltr'>partim</span> <span class='ocrx_word' id='word_1_27' title='bbox 670 837 700 897; x_wconf 90' lang='lat' dir='ltr'>in</span> <span class='ocrx_word' id='word_1_28' title='bbox 720 836 809 898; x_wconf 90' lang='lat' dir='ltr'>rebus</span> <span class='ocrx_word' id='word_1_29' title='bbox 825 836 907 916; x_wconf 84' lang='lat' dir='ltr'>ipsis,</span> <span class='ocrx_word' id='word_1_30' title='bbox 922 835 1027 915; x_wconf 87' lang='lat' dir='ltr'>partim</span> <span class='ocrx_word' id='word_1_31' title='bbox 1042 835 1073 897; x_wconf 89' lang='lat' dir='ltr'>in</span> <span class='ocrx_word' id='word_1_32' title='bbox 1088 835 1281 908; x_wconf 81' lang='lat' dir='ltr'>dictionibue3</span> 
     </span>
     <span class='ocr_line' id='line_1_5' title="bbox 122 937 1281 1023; baseline -0.003 -21"><span class='ocrx_word' id='word_1_33' title='bbox 122 942 170 1002; x_wconf 87' lang='lat' dir='ltr'>sed</span> <span class='ocrx_word' id='word_1_34' title='bbox 190 942 331 1022; x_wconf 80' lang='lat' dir='ltr'>persequi</span> <span class='ocrx_word' id='word_1_35' title='bbox 350 941 434 1023; x_wconf 87' lang='lat' dir='ltr'>plura</span> <span class='ocrx_word' id='word_1_36' title='bbox 453 942 511 1003; x_wconf 91' lang='lat' dir='ltr'>hoc</span> <span class='ocrx_word' id='word_1_37' title='bbox 531 951 663 1019; x_wconf 87' lang='lat' dir='ltr'>tempore</span> <span class='ocrx_word' id='word_1_38' title='bbox 680 957 742 1000; x_wconf 93' lang='lat' dir='ltr'>non</span> <span class='ocrx_word' id='word_1_39' title='bbox 762 957 902 1019; x_wconf 88' lang='lat' dir='ltr'>possum,</span> <span class='ocrx_word' id='word_1_40' title='bbox 921 955 1016 1018; x_wconf 88' lang='lat' dir='ltr'>neque</span> <span class='ocrx_word' id='word_1_41' title='bbox 1030 958 1106 1019; x_wconf 84' lang='lat' dir='ltr'>opus</span> <span class='ocrx_word' id='word_1_42' title='bbox 1122 957 1188 1001; x_wconf 88' lang='lat' dir='ltr'>esse</span> <span class='ocrx_word' id='word_1_43' title='bbox 1203 937 1281 999; x_wconf 90' lang='lat' dir='ltr'>arbi-</span> 
     </span>
     <span class='ocr_line' id='line_1_6' title="bbox 123 1041 1281 1122; baseline -0.003 -17"><span class='ocrx_word' id='word_1_44' title='bbox 123 1052 196 1105; x_wconf 86' lang='lat' dir='ltr'>tror:</span> <span class='ocrx_word' id='word_1_45' title='bbox 210 1062 283 1106; x_wconf 87' lang='lat' dir='ltr'>nam</span> <span class='ocrx_word' id='word_1_46' title='bbox 297 1045 357 1106; x_wconf 89' lang='lat' dir='ltr'>boc</span> <span class='ocrx_word' id='word_1_47' title='bbox 371 1052 449 1105; x_wconf 87' lang='lat' dir='ltr'>certe</span> <span class='ocrx_word' id='word_1_48' title='bbox 463 1042 536 1109; x_wconf 89' lang='lat' dir='ltr'>mibi</span> <span class='ocrx_word' id='word_1_49' title='bbox 551 1042 649 1107; x_wconf 87' lang='lat' dir='ltr'>datum</span> <span class='ocrx_word' id='word_1_50' title='bbox 664 1041 700 1102; x_wconf 89' lang='lat' dir='ltr'>iri</span> <span class='ocrx_word' id='word_1_51' title='bbox 715 1059 813 1122; x_wconf 88' lang='lat' dir='ltr'>spero,</span> <span class='ocrx_word' id='word_1_52' title='bbox 829 1050 862 1103; x_wconf 89' lang='lat' dir='ltr'>ut</span> <span class='ocrx_word' id='word_1_53' title='bbox 880 1059 941 1103; x_wconf 91' lang='lat' dir='ltr'>non</span> <span class='ocrx_word' id='word_1_54' title='bbox 957 1051 1067 1104; x_wconf 89' lang='lat' dir='ltr'>temere</span> <span class='ocrx_word' id='word_1_55' title='bbox 1086 1042 1171 1122; x_wconf 90' lang='lat' dir='ltr'>plane</span> <span class='ocrx_word' id='word_1_56' title='bbox 1185 1059 1281 1120; x_wconf 89' lang='lat' dir='ltr'>neque</span> 
     </span>
     <span class='ocr_line' id='line_1_7' title="bbox 121 1143 1281 1209; baseline -0.003 -3"><span class='ocrx_word' id='word_1_57' title='bbox 121 1146 286 1209; x_wconf 89' lang='lat' dir='ltr'>inconsulto</span> <span class='ocrx_word' id='word_1_58' title='bbox 301 1147 359 1208; x_wconf 87' lang='lat' dir='ltr'>bos</span> <span class='ocrx_word' id='word_1_59' title='bbox 375 1145 467 1207; x_wconf 91' lang='lat' dir='ltr'>libros</span> <span class='ocrx_word' id='word_1_60' title='bbox 482 1165 498 1207; x_wconf 89' lang='lat' dir='ltr'>a</span> <span class='ocrx_word' id='word_1_61' title='bbox 513 1154 608 1207; x_wconf 72' lang='lat' dir='ltr'>vetere</span> <span class='ocrx_word' id='word_1_62' title='bbox 622 1143 752 1205; x_wconf 78' lang='lat' dir='ltr'>Homero</span> <span class='ocrx_word' id='word_1_63' title='bbox 774 1143 955 1206; x_wconf 86' lang='lat' dir='ltr'>abindieasse</span> <span class='ocrx_word' id='word_1_64' title='bbox 970 1145 1058 1207; x_wconf 86' lang='lat' dir='ltr'>dicar.</span> <span class='ocrx_word' id='word_1_65' title='bbox 1093 1144 1168 1206; x_wconf 90' lang='lat' dir='ltr'>Sunt</span> <span class='ocrx_word' id='word_1_66' title='bbox 1182 1152 1281 1205; x_wconf 88' lang='lat' dir='ltr'>antem</span> 
     </span>
     <span class='ocr_line' id='line_1_8' title="bbox 121 1245 1281 1328; baseline -0.001 -19"><span class='ocrx_word' id='word_1_67' title='bbox 121 1249 149 1309; x_wconf 88' lang='lat' dir='ltr'>bi</span> <span class='ocrx_word' id='word_1_68' title='bbox 164 1248 221 1328; x_wconf 85' lang='lat' dir='ltr'>ipsi</span> <span class='ocrx_word' id='word_1_69' title='bbox 236 1247 306 1310; x_wconf 87' lang='lat' dir='ltr'>libri</span> <span class='ocrx_word' id='word_1_70' title='bbox 321 1246 399 1310; x_wconf 88' lang='lat' dir='ltr'>baud</span> <span class='ocrx_word' id='word_1_71' title='bbox 415 1248 501 1309; x_wconf 90' lang='lat' dir='ltr'>dubie</span> <span class='ocrx_word' id='word_1_72' title='bbox 520 1268 554 1309; x_wconf 79' lang='lat' dir='ltr'>es</span> <span class='ocrx_word' id='word_1_73' title='bbox 569 1247 631 1309; x_wconf 90' lang='lat' dir='ltr'>aliis</span> <span class='ocrx_word' id='word_1_74' title='bbox 646 1246 848 1327; x_wconf 83' lang='lat' dir='ltr'>compluribus</span> <span class='ocrx_word' id='word_1_75' title='bbox 863 1245 1041 1309; x_wconf 77' lang='lat' dir='ltr'>carminibus</span> <span class='ocrx_word' id='word_1_76' title='bbox 1055 1246 1160 1321; x_wconf 83' lang='lat' dir='ltr'>Iliacis,</span> <span class='ocrx_word' id='word_1_77' title='bbox 1176 1245 1281 1327; x_wconf 89' lang='lat' dir='ltr'>quibus</span> 
     </span>
     <span class='ocr_line' id='line_1_9' title="bbox 121 1348 1282 1430; baseline -0.001 -19"><span class='ocrx_word' id='word_1_78' title='bbox 121 1350 270 1412; x_wconf 83' lang='lat' dir='ltr'>Homerus</span> <span class='ocrx_word' id='word_1_79' title='bbox 284 1368 348 1411; x_wconf 93' lang='lat' dir='ltr'>non</span> <span class='ocrx_word' id='word_1_80' title='bbox 366 1368 440 1412; x_wconf 91' lang='lat' dir='ltr'>usus</span> <span class='ocrx_word' id='word_1_81' title='bbox 460 1357 534 1423; x_wconf 88' lang='lat' dir='ltr'>erat,</span> <span class='ocrx_word' id='word_1_82' title='bbox 553 1350 589 1415; x_wconf 91' lang='lat' dir='ltr'>ab</span> <span class='ocrx_word' id='word_1_83' title='bbox 608 1350 704 1430; x_wconf 90' lang='lat' dir='ltr'>aliquo</span> <span class='ocrx_word' id='word_1_84' title='bbox 720 1348 899 1421; x_wconf 89' lang='lat' dir='ltr'>concinnati,</span> <span class='ocrx_word' id='word_1_85' title='bbox 919 1350 968 1429; x_wconf 88' lang='lat' dir='ltr'>qui</span> <span class='ocrx_word' id='word_1_86' title='bbox 983 1357 1033 1413; x_wconf 87' lang='lat' dir='ltr'>aut</span> <span class='ocrx_word' id='word_1_87' title='bbox 1047 1367 1108 1411; x_wconf 92' lang='lat' dir='ltr'>non</span> <span class='ocrx_word' id='word_1_88' title='bbox 1123 1349 1282 1411; x_wconf 87' lang='lat' dir='ltr'>abhorrere</span> 
     </span>
     <span class='ocr_line' id='line_1_10' title="bbox 121 1450 1282 1532; baseline 0 -18"><span class='ocrx_word' id='word_1_89' title='bbox 121 1451 223 1514; x_wconf 83' lang='lat' dir='ltr'>saltem</span> <span class='ocrx_word' id='word_1_90' title='bbox 242 1452 317 1514; x_wconf 85' lang='lat' dir='ltr'>baec</span> <span class='ocrx_word' id='word_1_91' title='bbox 335 1452 530 1515; x_wconf 87' lang='lat' dir='ltr'>additamenta</span> <span class='ocrx_word' id='word_1_92' title='bbox 549 1453 585 1514; x_wconf 88' lang='lat' dir='ltr'>ab</span> <span class='ocrx_word' id='word_1_93' title='bbox 604 1452 692 1514; x_wconf 87' lang='lat' dir='ltr'>iliade</span> <span class='ocrx_word' id='word_1_94' title='bbox 708 1460 850 1525; x_wconf 81' lang='lat' dir='ltr'>censeret,</span> <span class='ocrx_word' id='word_1_95' title='bbox 871 1458 921 1512; x_wconf 90' lang='lat' dir='ltr'>aut</span> <span class='ocrx_word' id='word_1_96' title='bbox 939 1450 1045 1532; x_wconf 92' lang='lat' dir='ltr'>aliquid</span> <span class='ocrx_word' id='word_1_97' title='bbox 1060 1452 1146 1514; x_wconf 87' lang='lat' dir='ltr'>etiam</span> <span class='ocrx_word' id='word_1_98' title='bbox 1162 1452 1282 1514; x_wconf 87' lang='lat' dir='ltr'>maioris</span> 
     </span>
     <span class='ocr_line' id='line_1_11' title="bbox 121 1552 1283 1636; baseline 0.001 -20"><span class='ocrx_word' id='word_1_99' title='bbox 121 1554 385 1617; x_wconf 79' lang='lat' dir='ltr'>commendationis</span> <span class='ocrx_word' id='word_1_100' title='bbox 400 1554 532 1618; x_wconf 86' lang='lat' dir='ltr'>habitura</span> <span class='ocrx_word' id='word_1_101' title='bbox 547 1564 669 1636; x_wconf 89' lang='lat' dir='ltr'>propter</span> <span class='ocrx_word' id='word_1_102' title='bbox 683 1574 760 1630; x_wconf 87' lang='lat' dir='ltr'>earn,</span> <span class='ocrx_word' id='word_1_103' title='bbox 776 1574 863 1636; x_wconf 88' lang='lat' dir='ltr'>quarn</span> <span class='ocrx_word' id='word_1_104' title='bbox 879 1552 1043 1616; x_wconf 85' lang='lat' dir='ltr'>Nitzscbius</span> <span class='ocrx_word' id='word_1_105' title='bbox 1066 1572 1121 1615; x_wconf 85' lang='lat' dir='ltr'>nos</span> <span class='ocrx_word' id='word_1_106' title='bbox 1136 1554 1283 1617; x_wconf 81' lang='lat' dir='ltr'>attendere</span> 
     </span>
     <span class='ocr_line' id='line_1_12' title="bbox 121 1656 1283 1740; baseline 0.001 -22"><span class='ocrx_word' id='word_1_107' title='bbox 121 1657 218 1731; x_wconf 82' lang='lat' dir='ltr'>iussit,</span> <span class='ocrx_word' id='word_1_108' title='bbox 243 1658 390 1720; x_wconf 86' lang='lat' dir='ltr'>rationem</span> <span class='ocrx_word' id='word_1_109' title='bbox 415 1658 597 1740; x_wconf 87' lang='lat' dir='ltr'>popularem.</span> <span class='ocrx_word' id='word_1_110' title='bbox 645 1658 745 1739; x_wconf 84' lang='lat' dir='ltr'>Neque</span> <span class='ocrx_word' id='word_1_111' title='bbox 768 1660 894 1738; x_wconf 86' lang='lat' dir='ltr'>posthac</span> <span class='ocrx_word' id='word_1_112' title='bbox 913 1656 948 1718; x_wconf 89' lang='lat' dir='ltr'>iis</span> <span class='ocrx_word' id='word_1_113' title='bbox 974 1664 1024 1718; x_wconf 89' lang='lat' dir='ltr'>aut</span> <span class='ocrx_word' id='word_1_114' title='bbox 1039 1656 1209 1719; x_wconf 80' lang='lat' dir='ltr'>defensores</span> <span class='ocrx_word' id='word_1_115' title='bbox 1234 1666 1283 1719; x_wconf 85' lang='lat' dir='ltr'>sut</span> 
     </span>
     <span class='ocr_line' id='line_1_13' title="bbox 120 1759 1281 1841; baseline 0 -21"><span class='ocrx_word' id='word_1_116' title='bbox 120 1759 288 1822; x_wconf 77' lang='lat' dir='ltr'>laudatores</span> <span class='ocrx_word' id='word_1_117' title='bbox 304 1761 455 1824; x_wconf 72' lang='lat' dir='ltr'>deluimus</span> <span class='ocrx_word' id='word_1_118' title='bbox 470 1780 536 1823; x_wconf 86' lang='lat' dir='ltr'>esse</span> <span class='ocrx_word' id='word_1_119' title='bbox 550 1759 692 1840; x_wconf 74' lang='lat' dir='ltr'>intelligo,</span> <span class='ocrx_word' id='word_1_120' title='bbox 710 1778 801 1840; x_wconf 82' lang='lat' dir='ltr'>quum</span> <span class='ocrx_word' id='word_1_121' title='bbox 816 1769 932 1841; x_wconf 91' lang='lat' dir='ltr'>reputo,</span> <span class='ocrx_word' id='word_1_122' title='bbox 947 1778 1021 1839; x_wconf 89' lang='lat' dir='ltr'>quae</span> <span class='ocrx_word' id='word_1_123' title='bbox 1035 1766 1064 1820; x_wconf 86' lang='lat' dir='ltr'>ot</span> <span class='ocrx_word' id='word_1_124' title='bbox 1078 1759 1171 1841; x_wconf 87' lang='lat' dir='ltr'>qualia</span> <span class='ocrx_word' id='word_1_125' title='bbox 1191 1759 1281 1820; x_wconf 89' lang='lat' dir='ltr'>inter·</span> 
     </span>
     <span class='ocr_line' id='line_1_14' title="bbox 120 1860 1282 1942; baseline 0 -19"><span class='ocrx_word' id='word_1_126' title='bbox 120 1862 257 1940; x_wconf 87' lang='lat' dir='ltr'>pretandi</span> <span class='ocrx_word' id='word_1_127' title='bbox 272 1862 391 1925; x_wconf 82' lang='lat' dir='ltr'>artificia</span> <span class='ocrx_word' id='word_1_128' title='bbox 405 1864 435 1925; x_wconf 92' lang='lat' dir='ltr'>in</span> <span class='ocrx_word' id='word_1_129' title='bbox 453 1882 540 1926; x_wconf 89' lang='lat' dir='ltr'>usum</span> <span class='ocrx_word' id='word_1_130' title='bbox 556 1863 653 1926; x_wconf 86' lang='lat' dir='ltr'>vocari</span> <span class='ocrx_word' id='word_1_131' title='bbox 668 1863 783 1925; x_wconf 78' lang='lat' dir='ltr'>soleant</span> <span class='ocrx_word' id='word_1_132' title='bbox 797 1862 833 1924; x_wconf 86' lang='lat' dir='ltr'>ab</span> <span class='ocrx_word' id='word_1_133' title='bbox 848 1862 898 1934; x_wconf 89' lang='lat' dir='ltr'>iis,</span> <span class='ocrx_word' id='word_1_134' title='bbox 915 1862 963 1942; x_wconf 80' lang='lat' dir='ltr'>qm</span> <span class='ocrx_word' id='word_1_135' title='bbox 980 1860 1035 1923; x_wconf 87' lang='lat' dir='ltr'>sibi</span> <span class='ocrx_word' id='word_1_136' title='bbox 1054 1862 1131 1925; x_wconf 88' lang='lat' dir='ltr'>banc</span> <span class='ocrx_word' id='word_1_137' title='bbox 1148 1869 1282 1924; x_wconf 87' lang='lat' dir='ltr'>nostram</span> 
     </span>
     <span class='ocr_line' id='line_1_15' title="bbox 121 1962 1284 2046; baseline 0 -21"><span class='ocrx_word' id='word_1_138' title='bbox 121 1962 256 2038; x_wconf 81' lang='lat' dir='ltr'>iliadem,</span> <span class='ocrx_word' id='word_1_139' title='bbox 284 1965 310 2026; x_wconf 87' lang='lat' dir='ltr'>si</span> <span class='ocrx_word' id='word_1_140' title='bbox 335 1974 429 2027; x_wconf 88' lang='lat' dir='ltr'>totam</span> <span class='ocrx_word' id='word_1_141' title='bbox 444 1983 505 2027; x_wconf 95' lang='lat' dir='ltr'>non</span> <span class='ocrx_word' id='word_1_142' title='bbox 530 1965 662 2046; x_wconf 86' lang='lat' dir='ltr'>possint,</span> <span class='ocrx_word' id='word_1_143' title='bbox 688 1974 718 2028; x_wconf 88' lang='lat' dir='ltr'>at</span> <span class='ocrx_word' id='word_1_144' title='bbox 737 1974 814 2027; x_wconf 88' lang='lat' dir='ltr'>certe</span> <span class='ocrx_word' id='word_1_145' title='bbox 833 1974 969 2045; x_wconf 87' lang='lat' dir='ltr'>quantam</span> <span class='ocrx_word' id='word_1_146' title='bbox 989 1963 1146 2026; x_wconf 84' lang='lat' dir='ltr'>maximam</span> <span class='ocrx_word' id='word_1_147' title='bbox 1165 1963 1284 2045; x_wconf 89' lang='lat' dir='ltr'>possint</span> 
     </span>
     <span class='ocr_line' id='line_1_16' title="bbox 122 2065 1283 2148; baseline 0 -21"><span class='ocrx_word' id='word_1_148' title='bbox 122 2077 233 2146; x_wconf 82' lang='lat' dir='ltr'>partem</span> <span class='ocrx_word' id='word_1_149' title='bbox 254 2074 392 2146; x_wconf 68' lang='lat' dir='ltr'>unquam</span> <span class='ocrx_word' id='word_1_150' title='bbox 411 2067 500 2129; x_wconf 90' lang='lat' dir='ltr'>unius</span> <span class='ocrx_word' id='word_1_151' title='bbox 520 2076 623 2148; x_wconf 89' lang='lat' dir='ltr'>poetae</span> <span class='ocrx_word' id='word_1_152' title='bbox 642 2069 758 2148; x_wconf 75' lang='lat' dir='ltr'>ingenio</span> <span class='ocrx_word' id='word_1_153' title='bbox 778 2074 960 2148; x_wconf 87' lang='lat' dir='ltr'>procreatam</span> <span class='ocrx_word' id='word_1_154' title='bbox 979 2074 1008 2127; x_wconf 87' lang='lat' dir='ltr'>et</span> <span class='ocrx_word' id='word_1_155' title='bbox 1026 2066 1061 2127; x_wconf 90' lang='lat' dir='ltr'>ad</span> <span class='ocrx_word' id='word_1_156' title='bbox 1082 2066 1221 2128; x_wconf 87' lang='lat' dir='ltr'>unitatem</span> <span class='ocrx_word' id='word_1_157' title='bbox 1236 2065 1283 2127; x_wconf 87' lang='lat' dir='ltr'>in·</span> 
     </span>
     <span class='ocr_line' id='line_1_17' title="bbox 122 2167 1285 2251; baseline -0.001 -22"><span class='ocrx_word' id='word_1_158' title='bbox 122 2167 282 2248; x_wconf 79' lang='lat' dir='ltr'>superabili</span> <span class='ocrx_word' id='word_1_159' title='bbox 308 2168 432 2248; x_wconf 82' lang='lat' dir='ltr'>qmdam</span> <span class='ocrx_word' id='word_1_160' title='bbox 458 2170 583 2234; x_wconf 88' lang='lat' dir='ltr'>sollertia</span> <span class='ocrx_word' id='word_1_161' title='bbox 609 2169 805 2251; x_wconf 85' lang='lat' dir='ltr'>compositam</span> <span class='ocrx_word' id='word_1_162' title='bbox 832 2169 914 2230; x_wconf 88' lang='lat' dir='ltr'>omni</span> <span class='ocrx_word' id='word_1_163' title='bbox 940 2167 1029 2229; x_wconf 91' lang='lat' dir='ltr'>modo</span> <span class='ocrx_word' id='word_1_164' title='bbox 1055 2168 1193 2230; x_wconf 86' lang='lat' dir='ltr'>tuendam</span> <span class='ocrx_word' id='word_1_165' title='bbox 1219 2186 1285 2231; x_wconf 88' lang='lat' dir='ltr'>esse</span> 
     </span>
     <span class='ocr_line' id='line_1_18' title="bbox 123 2268 1284 2352; baseline -0.001 -21"><span class='ocrx_word' id='word_1_166' title='bbox 123 2276 297 2345; x_wconf 72' lang='lat' dir='ltr'>statuerumt,</span> <span class='ocrx_word' id='word_1_167' title='bbox 322 2270 351 2332; x_wconf 92' lang='lat' dir='ltr'>id</span> <span class='ocrx_word' id='word_1_168' title='bbox 378 2271 457 2352; x_wconf 88' lang='lat' dir='ltr'>qnod</span> <span class='ocrx_word' id='word_1_169' title='bbox 482 2272 554 2335; x_wconf 90' lang='lat' dir='ltr'>mibi</span> <span class='ocrx_word' id='word_1_170' title='bbox 581 2281 662 2335; x_wconf 89' lang='lat' dir='ltr'>tanto</span> <span class='ocrx_word' id='word_1_171' title='bbox 682 2272 776 2336; x_wconf 76' lang='lat' dir='ltr'>auius</span> <span class='ocrx_word' id='word_1_172' title='bbox 803 2269 936 2333; x_wconf 91' lang='lat' dir='ltr'>nonnulli</span> <span class='ocrx_word' id='word_1_173' title='bbox 963 2276 1103 2349; x_wconf 85' lang='lat' dir='ltr'>tantoque</span> <span class='ocrx_word' id='word_1_174' title='bbox 1121 2268 1284 2335; x_wconf 87' lang='lat' dir='ltr'>animosius</span> 
     </span>
     <span class='ocr_line' id='line_1_19' title="bbox 123 2372 1285 2456; baseline -0.001 -23"><span class='ocrx_word' id='word_1_175' title='bbox 123 2373 216 2435; x_wconf 85' lang='lat' dir='ltr'>iacere</span> <span class='ocrx_word' id='word_1_176' title='bbox 229 2372 375 2447; x_wconf 79' lang='lat' dir='ltr'>ridentur,</span> <span class='ocrx_word' id='word_1_177' title='bbox 389 2381 499 2455; x_wconf 85' lang='lat' dir='ltr'>quanto</span> <span class='ocrx_word' id='word_1_178' title='bbox 510 2375 593 2454; x_wconf 87' lang='lat' dir='ltr'>plura</span> <span class='ocrx_word' id='word_1_179' title='bbox 608 2374 680 2456; x_wconf 88' lang='lat' dir='ltr'>ipsis</span> <span class='ocrx_word' id='word_1_180' title='bbox 695 2372 945 2437; x_wconf 90' lang='lat' dir='ltr'>comminiscenda</span> <span class='ocrx_word' id='word_1_181' title='bbox 959 2380 995 2448; x_wconf 87' lang='lat' dir='ltr'>et,</span> <span class='ocrx_word' id='word_1_182' title='bbox 1007 2391 1098 2453; x_wconf 85' lang='lat' dir='ltr'>quum</span> <span class='ocrx_word' id='word_1_183' title='bbox 1113 2390 1175 2435; x_wconf 93' lang='lat' dir='ltr'>non</span> <span class='ocrx_word' id='word_1_184' title='bbox 1186 2380 1285 2434; x_wconf 84' lang='lat' dir='ltr'>essent</span> 
     </span>
     <span class='ocr_line' id='line_1_20' title="bbox 122 2474 1282 2557; baseline 0 -21"><span class='ocrx_word' id='word_1_185' title='bbox 122 2474 152 2535; x_wconf 91' lang='lat' dir='ltr'>in</span> <span class='ocrx_word' id='word_1_186' title='bbox 169 2475 320 2548; x_wconf 86' lang='lat' dir='ltr'>Homero,</span> <span class='ocrx_word' id='word_1_187' title='bbox 346 2495 381 2537; x_wconf 80' lang='lat' dir='ltr'>ex</span> <span class='ocrx_word' id='word_1_188' title='bbox 400 2476 516 2557; x_wconf 77' lang='lat' dir='ltr'>ingenio</span> <span class='ocrx_word' id='word_1_189' title='bbox 543 2495 598 2540; x_wconf 89' lang='lat' dir='ltr'>suo</span> <span class='ocrx_word' id='word_1_190' title='bbox 624 2477 786 2557; x_wconf 88' lang='lat' dir='ltr'>promenda</span> <span class='ocrx_word' id='word_1_191' title='bbox 805 2476 902 2557; x_wconf 75' lang='lat' dir='ltr'>dique</span> <span class='ocrx_word' id='word_1_192' title='bbox 922 2475 1132 2538; x_wconf 77' lang='lat' dir='ltr'>contribuendo</span> <span class='ocrx_word' id='word_1_193' title='bbox 1158 2477 1282 2538; x_wconf 83' lang='lat' dir='ltr'>luerunt.</span> 
     </span>
    </p>
   </div>
   <div class='ocr_carea' id='block_1_3' title="bbox 122 2571 1285 2762">
    <p class='ocr_par' dir='ltr' id='par_1_3' title="bbox 122 2571 1285 2762">
     <span class='ocr_line' id='line_1_21' title="bbox 122 2571 1285 2665; baseline 0 -27"><span class='ocrx_word' id='word_1_194' title='bbox 122 2575 229 2640; x_wconf 88' lang='lat' dir='ltr'>Indidit</span> <span class='ocrx_word' id='word_1_195' title='bbox 256 2579 336 2640; x_wconf 91' lang='lat' dir='ltr'>enim</span> <span class='ocrx_word' id='word_1_196' title='bbox 357 2579 433 2640; x_wconf 85' lang='lat' dir='ltr'>banc</span> <span class='ocrx_word' id='word_1_197' title='bbox 457 2586 560 2641; x_wconf 87' lang='lat' dir='ltr'>natura</span> <span class='ocrx_word' id='word_1_198' title='bbox 580 2578 720 2641; x_wconf 89' lang='lat' dir='ltr'>omnibus</span> <span class='ocrx_word' id='word_1_199' title='bbox 741 2571 990 2665; x_wconf 73' lang='grc' dir='ltr'><strong><em>φιλοστοργίαν,</em></strong></span> <span class='ocrx_word' id='word_1_200' title='bbox 1016 2588 1048 2640; x_wconf 90' lang='lat' dir='ltr'>ut</span> <span class='ocrx_word' id='word_1_201' title='bbox 1067 2578 1153 2640; x_wconf 86' lang='lat' dir='ltr'>etiam</span> <span class='ocrx_word' id='word_1_202' title='bbox 1174 2577 1204 2639; x_wconf 89' lang='lat' dir='ltr'>in</span> <span class='ocrx_word' id='word_1_203' title='bbox 1225 2579 1285 2639; x_wconf 92' lang='lat' dir='ltr'>hoc</span> 
     </span>
     <span class='ocr_line' id='line_1_22' title="bbox 124 2679 1285 2762; baseline 0 -20"><span class='ocrx_word' id='word_1_204' title='bbox 124 2699 223 2742; x_wconf 76' lang='lat' dir='ltr'>ruunt</span> <span class='ocrx_word' id='word_1_205' title='bbox 243 2698 350 2761; x_wconf 79' lang='lat' dir='ltr'>genere</span> <span class='ocrx_word' id='word_1_206' title='bbox 370 2681 449 2762; x_wconf 90' lang='lat' dir='ltr'>quod</span> <span class='ocrx_word' id='word_1_207' title='bbox 470 2681 593 2762; x_wconf 87' lang='lat' dir='ltr'>quisque</span> <span class='ocrx_word' id='word_1_208' title='bbox 611 2700 647 2743; x_wconf 85' lang='lat' dir='ltr'>ex</span> <span class='ocrx_word' id='word_1_209' title='bbox 662 2701 728 2742; x_wconf 87' lang='lat' dir='ltr'>sese</span> <span class='ocrx_word' id='word_1_210' title='bbox 747 2682 861 2762; x_wconf 83' lang='lat' dir='ltr'>peperit</span> <span class='ocrx_word' id='word_1_211' title='bbox 879 2681 908 2743; x_wconf 91' lang='lat' dir='ltr'>id</span> <span class='ocrx_word' id='word_1_212' title='bbox 928 2680 1112 2745; x_wconf 85' lang='lat' dir='ltr'>carissimum</span> <span class='ocrx_word' id='word_1_213' title='bbox 1132 2679 1237 2743; x_wconf 85' lang='lat' dir='ltr'>babeat</span> <span class='ocrx_word' id='word_1_214' title='bbox 1257 2690 1285 2742; x_wconf 85' lang='lat' dir='ltr'>et</span> 
     </span>
    </p>
   </div>
   <div class='ocr_carea' id='block_1_4' title="bbox 124 2780 1286 3171">
    <p class='ocr_par' dir='ltr' id='par_1_4' title="bbox 124 2780 1286 3171">
     <span class='ocr_line' id='line_1_23' title="bbox 125 2780 1284 2866; baseline -0.001 -22"><span class='ocrx_word' id='word_1_215' title='bbox 125 2782 240 2861; x_wconf 89' lang='lat' dir='ltr'>placere</span> <span class='ocrx_word' id='word_1_216' title='bbox 261 2782 399 2845; x_wconf 90' lang='lat' dir='ltr'>omnibus</span> <span class='ocrx_word' id='word_1_217' title='bbox 420 2784 525 2866; x_wconf 88' lang='lat' dir='ltr'>cupiat.</span> <span class='ocrx_word' id='word_1_218' title='bbox 576 2782 628 2845; x_wconf 86' lang='lat' dir='ltr'>llis</span> <span class='ocrx_word' id='word_1_219' title='bbox 649 2782 737 2862; x_wconf 78' lang='lat' dir='ltr'>igitur</span> <span class='ocrx_word' id='word_1_220' title='bbox 762 2801 824 2845; x_wconf 91' lang='lat' dir='ltr'>non</span> <span class='ocrx_word' id='word_1_221' title='bbox 843 2782 1052 2845; x_wconf 87' lang='lat' dir='ltr'>invidebimus:</span> <span class='ocrx_word' id='word_1_222' title='bbox 1072 2780 1160 2843; x_wconf 88' lang='lat' dir='ltr'>nobls</span> <span class='ocrx_word' id='word_1_223' title='bbox 1186 2791 1284 2843; x_wconf 88' lang='lat' dir='ltr'>tamen</span> 
     </span>
     <span class='ocr_line' id='line_1_24' title="bbox 124 2884 1284 2967; baseline 0 -22"><span class='ocrx_word' id='word_1_224' title='bbox 124 2884 194 2946; x_wconf 87' lang='lat' dir='ltr'>baec</span> <span class='ocrx_word' id='word_1_225' title='bbox 207 2884 275 2951; x_wconf 81' lang='lat' dir='ltr'>ilios</span> <span class='ocrx_word' id='word_1_226' title='bbox 290 2885 376 2948; x_wconf 86' lang='lat' dir='ltr'>ctiam</span> <span class='ocrx_word' id='word_1_227' title='bbox 392 2885 503 2967; x_wconf 84' lang='lat' dir='ltr'>absque</span> <span class='ocrx_word' id='word_1_228' title='bbox 516 2886 571 2949; x_wconf 90' lang='lat' dir='ltr'>illis</span> <span class='ocrx_word' id='word_1_229' title='bbox 585 2884 713 2947; x_wconf 82' lang='lat' dir='ltr'>artificiis</span> <span class='ocrx_word' id='word_1_230' title='bbox 729 2886 792 2947; x_wconf 90' lang='lat' dir='ltr'>sola</span> <span class='ocrx_word' id='word_1_231' title='bbox 806 2904 860 2967; x_wconf 89' lang='lat' dir='ltr'>per</span> <span class='ocrx_word' id='word_1_232' title='bbox 879 2905 911 2947; x_wconf 86' lang='lat' dir='ltr'>ee</span> <span class='ocrx_word' id='word_1_233' title='bbox 926 2885 996 2948; x_wconf 86' lang='lat' dir='ltr'>satis</span> <span class='ocrx_word' id='word_1_234' title='bbox 1011 2885 1119 2966; x_wconf 86' lang='lat' dir='ltr'>placet,</span> <span class='ocrx_word' id='word_1_235' title='bbox 1139 2884 1284 2965; x_wconf 86' lang='lat' dir='ltr'>propriis·</span> 
     </span>
     <span class='ocr_line' id='line_1_25' title="bbox 125 2987 1286 3068; baseline 0.003 -20"><span class='ocrx_word' id='word_1_236' title='bbox 125 3006 179 3067; x_wconf 83' lang='lat' dir='ltr'>que</span> <span class='ocrx_word' id='word_1_237' title='bbox 193 2995 223 3049; x_wconf 88' lang='lat' dir='ltr'>et</span> <span class='ocrx_word' id='word_1_238' title='bbox 236 2988 376 3068; x_wconf 81' lang='lat' dir='ltr'>ingenitis</span> <span class='ocrx_word' id='word_1_239' title='bbox 390 2988 477 3050; x_wconf 90' lang='lat' dir='ltr'>bonis</span> <span class='ocrx_word' id='word_1_240' title='bbox 493 2995 538 3050; x_wconf 91' lang='lat' dir='ltr'>tot</span> <span class='ocrx_word' id='word_1_241' title='bbox 550 3007 586 3050; x_wconf 89' lang='lat' dir='ltr'>ac</span> <span class='ocrx_word' id='word_1_242' title='bbox 598 2987 687 3050; x_wconf 86' lang='lat' dir='ltr'>tantis</span> <span class='ocrx_word' id='word_1_243' title='bbox 701 2987 831 3067; x_wconf 88' lang='lat' dir='ltr'>praedita</span> <span class='ocrx_word' id='word_1_244' title='bbox 845 3007 912 3049; x_wconf 88' lang='lat' dir='ltr'>esse</span> <span class='ocrx_word' id='word_1_245' title='bbox 926 2988 1053 3063; x_wconf 82' lang='lat' dir='ltr'>videtur,</span> <span class='ocrx_word' id='word_1_246' title='bbox 1073 2997 1106 3049; x_wconf 86' lang='lat' dir='ltr'>ut</span> <span class='ocrx_word' id='word_1_247' title='bbox 1120 2988 1202 3049; x_wconf 91' lang='lat' dir='ltr'>omni</span> <span class='ocrx_word' id='word_1_248' title='bbox 1216 2987 1286 3051; x_wconf 87' lang='lat' dir='ltr'>doto</span> 
     </span>
     <span class='ocr_line' id='line_1_26' title="bbox 126 3090 611 3171; baseline 0 -21"><span class='ocrx_word' id='word_1_249' title='bbox 126 3090 282 3153; x_wconf 77' lang='lat' dir='ltr'>adventicia</span> <span class='ocrx_word' id='word_1_250' title='bbox 297 3109 395 3154; x_wconf 86' lang='lat' dir='ltr'>carere</span> <span class='ocrx_word' id='word_1_251' title='bbox 410 3091 491 3153; x_wconf 79' lang='lat' dir='ltr'>facile</span> <span class='ocrx_word' id='word_1_252' title='bbox 505 3090 611 3171; x_wconf 81' lang='lat' dir='ltr'>possit.</span> 
     </span>
    </p>
   </div>
   <div class='ocr_carea' id='block_1_5' title="bbox 206 3190 1061 3275">
    <p class='ocr_par' dir='ltr' id='par_1_5' title="bbox 206 3190 1061 3275">
     <span class='ocr_line' id='line_1_27' title="bbox 206 3190 1061 3275; baseline 0 -19"><span class='ocrx_word' id='word_1_253' title='bbox 206 3193 303 3257; x_wconf 73' lang='lat' dir='ltr'>Scan.</span> <span class='ocrx_word' id='word_1_254' title='bbox 320 3190 569 3275; x_wconf 60' lang='lat' dir='ltr'>cqpuswunae</span> <span class='ocrx_word' id='word_1_255' title='bbox 582 3211 608 3255; x_wconf 75' lang='lat' dir='ltr'>a.</span> <span class='ocrx_word' id='word_1_256' title='bbox 624 3193 653 3255; x_wconf 85' lang='lat' dir='ltr'>n.</span> <span class='ocrx_word' id='word_1_257' title='bbox 667 3193 712 3255; x_wconf 81' lang='lat' dir='ltr'>iv.</span> <span class='ocrx_word' id='word_1_258' title='bbox 729 3192 787 3256; x_wconf 83' lang='lat' dir='ltr'>ou.</span> <span class='ocrx_word' id='word_1_259' title='bbox 802 3192 855 3257; x_wconf 85' lang='lat' dir='ltr'>ru.</span> <span class='ocrx_word' id='word_1_260' title='bbox 869 3192 1061 3256; x_wconf 76' lang='lat' dir='ltr'>uomcmn</span> 
     </span>
    </p>
   </div>
   <div class='ocr_carea' id='block_1_6' title="bbox 0 0 1594 5138">
    <p class='ocr_par' dir='ltr' id='par_1_6' title="bbox 0 0 1594 5138">
     <span class='ocr_line' id='line_1_28' title="bbox 0 0 1594 5138; baseline 0 0"><span class='ocrx_word' id='word_1_261' title='bbox 0 0 1594 5138; x_wconf 95' lang='lat' dir='ltr'> </span> 
     </span>
    </p>
   </div>
  </div>
 </body>
</html>
