3276 5144
677 428 828 529 27}-

175 612 397 678 clamationibus
417 634 522 677 eorum
543 621 574 676 et
589 617 725 678 conviciis
741 617 824 698 quasi
839 616 954 678 scenico
971 617 1085 679 cuidam
1101 615 1171 678 ludo
1188 615 1270 677 aride
1284 616 1333 678 in-

176 724 308 791 tentum,
329 723 358 778 et
377 736 505 798 quorum
528 736 596 780 voce
615 728 758 799 gestuque
779 738 864 781 aures
884 727 914 780 et
929 719 1005 780 ocub
1021 721 1148 782 maxime
1163 718 1333 798 implentur,

175 818 221 880 his
236 820 364 901 palmam
379 828 429 881 aut
443 819 516 881 adeo
531 838 671 882 coronam
688 822 837 901 impertire
852 830 997 902 paratum.
1029 822 1086 883 Sed
1102 821 1150 883 alii
1166 829 1236 882 sunt
1250 819 1334 900 quasi

175 922 270 1001 gregis
295 922 426 1002 magistri
451 930 481 983 et
505 920 683 994 archimimi,
710 922 874 984 minoribus
894 924 958 984 istis
978 924 1126 986 actoribus
1145 941 1212 985 suas
1227 923 1334 1004 cuique

175 1030 273 1103 partes
288 1022 501 1103 dispensantes,
522 1022 576 1084 sibi
591 1031 690 1085 autem
706 1025 817 1086 maiora
833 1024 961 1103 praemia
976 1030 1108 1105 petentes
1122 1042 1334 1104 summumque

174 1124 206 1185 in
226 1143 258 1187 re
278 1126 394 1204 publicu
414 1125 514 1187 locum
533 1129 715 1188 affectantes:
741 1125 811 1187 boni
831 1126 956 1187 tortasse
976 1126 1028 1186 riri
1049 1133 1079 1187 et
1092 1127 1123 1186 in
1137 1144 1192 1187 suo
1208 1126 1334 1205 quisque

175 1244 281 1307 genere
306 1229 377 1291 satis
403 1228 550 1301 sollertes,
577 1228 628 1290 sed
649 1228 761 1307 politici
783 1235 882 1290 mmen
903 1227 1023 1306 pessimi
1044 1246 1100 1289 nec
1117 1245 1219 1291 rerum
1234 1246 1291 1289 usu
1305 1234 1335 1289 et

175 1334 319 1391 vetustate
334 1331 368 1393 ad
384 1331 540 1411 regendam
556 1330 711 1392 salubriter
725 1330 871 1392 civitatem
888 1327 994 1391 idonei.
1022 1328 1124 1411 Neque
1139 1330 1218 1390 enim
1231 1330 1333 1392 multi·

175 1431 284 1494 tudinis
302 1434 437 1512 suffragia
451 1433 602 1496 benevim
616 1433 740 1505 babent,
761 1440 796 1493 ut
810 1442 861 1493 aut
875 1450 911 1492 ex
925 1430 1040 1493 medico
1057 1439 1107 1494 aut
1122 1431 1268 1495 causidico
1283 1439 1335 1494 aut

174 1534 270 1597 iudice
290 1535 421 1617 pedaneo
440 1543 491 1597 aut
510 1535 679 1615 municipali
699 1533 857 1596 decurione
877 1532 1008 1612 adeoque
1028 1541 1164 1616 praetore
1178 1534 1276 1614 aliquo
1290 1532 1334 1595 rir

175 1636 310 1718 politicus
327 1637 426 1700 subito
445 1637 564 1712 eradat,
585 1638 636 1718 qui
655 1645 772 1718 praeter
792 1645 887 1699 artem
908 1641 1123 1716 quaestumque
1138 1654 1225 1698 suum
1238 1634 1334 1697 obiter

174 1740 262 1801 etiam
281 1740 466 1819 marbsimas
484 1740 674 1820 reipublicae
689 1758 792 1802 causas
808 1739 980 1802 auctoritate
994 1745 1023 1799 et
1037 1738 1159 1801 consilio
1174 1738 1335 1820 prudenter

174 1840 322 1903 moderari
336 1843 437 1925 possit.
467 1842 581 1915 Quodsi
594 1842 653 1904 hoc
667 1841 753 1903 nobis
767 1841 861 1904 latum
878 1841 1053 1922 impendeat,
1068 1851 1102 1904 ut
1115 1860 1265 1904 summam
1280 1840 1334 1903 ali-

176 1943 293 2022 quando
314 1951 490 2023 potestatem
509 1945 529 2007 ii
544 1944 685 2013 babeant,
706 1962 782 2023 quos
796 1962 916 2025 quoque
930 1951 1064 2023 tempore
1078 1944 1272 2009 multitudinis
1287 1950 1334 2004 te-

173 2044 294 2107 meritas
318 2054 349 2108 et
374 2064 478 2109 caecus
499 2047 627 2128 impetus
647 2046 826 2129 provexerit,
852 2047 918 2124 quis
934 2054 1055 2107 eventus
1069 2047 1188 2108 iuturus
1203 2046 1242 2107 sit
1255 2045 1334 2107 haud

174 2146 291 2210 difficile
305 2154 349 2210 est
362 2149 514 2228 adgnati:
529 2167 636 2228 nempe
651 2148 686 2221 is,
702 2158 735 2210 ut
748 2146 829 2210 navis
841 2146 1025 2226 reipublicae
1036 2148 1117 2209 nullo
1129 2156 1208 2208 certo
1219 2155 1334 2209 etoon·

175 2249 266 2311 stanti
286 2270 388 2324 eursu,
412 2258 501 2331 prout
521 2269 638 2332 quoque
653 2250 779 2311 triennio
794 2249 1005 2330 gubernatores
1020 2251 1086 2331 plus
1105 2251 1203 2311 minus
1218 2249 1334 2329 ineptos

174 2351 293 2425 hebeat,
320 2352 379 2416 buc
402 2353 473 2417 illuc
495 2354 600 2415 iactata
625 2352 745 2414 tandem
770 2360 821 2413 aut
847 2351 970 2415 internis
992 2351 1076 2414 malis
1097 2359 1185 2431 atque
1206 2350 1334 2412 discidiis

174 2453 266 2519 tracta
287 2463 340 2518 aut
360 2455 516 2519 hostilibus
537 2456 666 2535 scopulis
685 2454 759 2517 illisa
778 2460 886 2534 pereat.
921 2453 979 2514 Sed
999 2471 1063 2515 non
1083 2453 1140 2516 boc
1160 2461 1334 2517 eventurum

174 2564 236 2629 cst,
260 2574 323 2620 non
342 2565 402 2620 est:
428 2558 561 2639 adeoque
583 2574 620 2618 ne
639 2557 684 2617 las
704 2556 823 2635 quidem
843 2556 900 2621 luit
919 2563 981 2618 tam
1000 2555 1120 2617 infausti
1134 2555 1247 2634 augurii
1261 2572 1333 2617 con·

175 2659 315 2721 iacturam
336 2678 516 2743 proponere,
535 2660 587 2722 sed
608 2659 685 2720 bona
700 2659 798 2737 potius
813 2664 881 2720 vota
896 2657 1048 2737 concipere
1064 2664 1232 2735 certamque
1246 2664 1333 2718 roto·

171 2778 241 2822 rum
259 2779 344 2843 spem
365 2781 400 2824 ac
420 2762 558 2825 fiduciam
578 2760 727 2842 profiteri,
747 2761 835 2838 Regis
855 2761 950 2822 nostri
969 2761 1076 2821 virtute
1095 2759 1252 2837 animoque
1267 2776 1334 2820 vero

172 2863 254 2942 regio
269 2864 389 2926 fretum.
419 2865 493 2926 Nam
510 2862 642 2944 prolecto
658 2881 727 2923 eum
741 2863 852 2942 Regem
867 2862 1018 2934 habemus,
1034 2862 1085 2941 qui
1097 2860 1190 2940 regale
1202 2860 1334 2922 officium

171 2967 232 3028 boc
245 2984 309 3028 esse
324 2966 474 3046 intelligat,
488 2982 549 3028 non
563 2973 597 3026 ut
611 2964 807 3027 multitudinis
821 2962 973 3043 cupiditati
987 2963 1037 3025 sed
1053 2969 1086 3025 ut
1100 2961 1187 3025 saluti
1198 2962 1335 3025 omnium

173 3067 317 3140 consulat,
333 3075 363 3129 et
378 3068 429 3149 qui
443 3067 480 3130 ad
495 3067 707 3129 retundendam
723 3066 913 3128 factiosorum
926 3065 1140 3128 contumaciam
1152 3083 1249 3146 neque
1261 3082 1334 3128 con·

172 3169 239 3232 silio
260 3187 318 3232 nee
336 3171 442 3233 robore
462 3189 497 3233 ac
518 3169 626 3232 viribus
640 3169 827 3231 destituatur.
856 3169 957 3229 Talem
971 3167 1056 3230 nobis
1072 3168 1182 3247 Regem
1197 3167 1336 3246 obtigisse

173 3273 427 3352 quemadmodum
451 3273 533 3335 nullo
558 3289 620 3334 non
645 3279 779 3352 ternpore
798 3272 828 3332 in
848 3270 983 3333 maximis
1004 3270 1117 3332 divinae
1136 3269 1336 3353 providentiae

172 3374 323 3437 beneficiis
337 3393 538 3448 numeramus,
554 3374 597 3436 sic
611 3393 647 3434 eo
662 3374 835 3453 praesertim
849 3373 905 3447 dic,
921 3374 972 3452 qui
985 3373 1049 3435 eius
1064 3374 1135 3441 olim
1150 3372 1333 3447 retaliatum,

174 3477 344 3538 laetandum
360 3477 445 3540 nobis
460 3487 491 3538 et
504 3475 708 3555 gratrdandum
724 3482 777 3537 est.

260 3578 351 3656 lgiurr
364 3577 521 3640 indicimus
534 3577 645 3641 REGIS
660 3576 922 3639 dVGVSTlSSIMl
937 3577 1026 3657 patris
1040 3575 1150 3655 patriae
1164 3574 1235 3637 boni
1249 3575 1334 3638 fortis

174 3679 337 3741 constantis
353 3696 435 3740 sacra
450 3680 581 3742 natalicia
597 3679 643 3741 die
658 3679 785 3742 crastino
801 3679 865 3740 bor,
882 3678 933 3740 Xll
949 3678 979 3739 in
993 3677 1139 3739 auditorio
1153 3679 1283 3739 marimo
1297 3679 1333 3740 ab

173 3780 365 3844 universitate
379 3790 481 3843 nostra
496 3782 543 3861 pie
557 3780 738 3856 celebranda,
759 3799 921 3860 omnesque
936 3780 986 3860 qui
1000 3780 1090 3842 rebus
1103 3781 1212 3842 nostris
1226 3779 1333 3853 lavent,

174 3882 365 3963 magistratus
387 3882 483 3962 regios
504 3891 535 3945 et
548 3882 675 3958 urbicos,
699 3884 795 3946 civiles
810 3892 840 3945 et
853 3882 1003 3955 militares,
1021 3899 1184 3962 omnesque
1200 3883 1334 3945 omnium

175 3985 314 4049 ordinum
330 3985 406 4047 cives
421 3991 510 4066 atque
523 3984 655 4065 hospites
670 3993 703 4048 ut
717 3986 810 4048 coetui
826 3993 928 4047 nostro
940 3985 1112 4065 'frequentes
1127 3984 1229 4045 adesse
1242 3986 1334 4048 relint

176 4105 237 4169 qua
250 4088 334 4150 decet
348 4088 532 4150 observantia
546 4079 750 4149 et‘rererentia
765 4087 932 4149 invitamus.

262 4189 409 4253 babemus
424 4189 667 4271 Gryphiswaldiae
683 4189 712 4249 d.
728 4187 804 4249 XXI.
820 4207 860 4249 m.
876 4188 959 4250 biart.
976 4206 1045 4252 ann.
1059 4188 1265 4254 mbuccbxv.

568 4474 967 4486 ...-——--—.--—-—-
