3276 5144
829 444 983 541 jes-

321 634 450 699 tionem:
472 634 501 699 id
516 634 679 697 illeverunt
696 652 761 697 esse
774 640 877 714 negat,
898 640 929 694 et
944 632 981 694 de
994 633 1085 696 sacris
1099 633 1198 715 potius
1213 634 1383 699 domesticis
1396 644 1486 719 atqua

322 740 436 803 arcanis
458 737 645 819 cogitandum
669 756 732 799 esse
753 736 868 811 statuit,
889 754 965 817 quae
988 736 1044 799 soli
1058 737 1134 799 eires
1148 737 1236 800 atuor
1251 738 1282 800 in
1296 756 1350 801 sua
1361 741 1486 822 qumque
1590 798 1593 805 .

321 843 412 904 domo
427 840 559 904 iecerint.
585 841 668 903 Hanc
681 839 759 902 enim
776 838 1046 920 interpretationem
1061 857 1151 902 unam
1164 841 1315 903 contextui
1325 842 1484 905 verborum

321 945 353 1006 in
368 944 477 1006 Cratini
499 942 631 1006 versibus
654 950 752 1022 aptam
772 960 852 1004 esse:
871 941 913 1003 illi
927 941 1010 1005 alteri
1023 959 1086 1004 non
1100 942 1190 1005 modo
1206 943 1286 1006 hunc
1300 952 1483 1021 contextum,

320 1047 372 1109 sed
397 1047 487 1109 etiam
512 1064 601 1108 usum
627 1045 767 1126 loquendi
793 1045 988 1125 adversarit).
1029 1046 1118 1126 Atqui
1145 1046 1182 1108 de
1203 1054 1344 1109 conmxtu
1363 1048 1484 1128 quidem

320 1156 442 1232 apparet
462 1166 551 1229 ηιιοω
572 1146 718 1210 lubricum
738 1148 777 1209 sit
791 1146 931 1211 iudicium
945 1149 977 1210 in
992 1149 1165 1211 lruimmodi
1179 1149 1359 1230 fragmento,
1381 1150 1432 1212 uhi
1446 1150 1484 1213 tle

320 1252 443 1314 consilio
468 1249 617 1332 loquentis
643 1258 673 1312 et
699 1269 789 1331 quam
816 1250 855 1312 ol)
881 1269 1001 1313 causam
1021 1251 1150 1333 quidque
1171 1252 1284 1314 dicatur
1303 1251 1378 1314 nihil
1397 1254 1482 1332 plane

320 1361 506 1435 compertum
525 1351 694 1415 habeamus.
729 1352 899 1416 Petcrsenio
919 1353 1039 1435 quidem
1059 1354 1098 1427 is,
1120 1355 1202 1417 cuius
1222 1354 1270 1416 illa
1292 1354 1380 1417 verba
1400 1360 1480 1428 sunt,

319 1457 378 1519 hoc
396 1474 492 1519 unum
509 1455 605 1536 egisse
624 1455 754 1530 videtur,
773 1464 809 1517 ut
828 1455 920 1518 ciuem
942 1476 974 1518 se
996 1475 1062 1519 esse
1083 1457 1314 1528 demonstraret,
1335 1456 1371 1518 ad
1391 1474 1480 1537 quam

318 1576 383 1622 rem
398 1558 470 1621 mlril
484 1557 662 1632 interfuisse,
682 1565 783 1621 utrum
798 1558 908 1621 tributa
922 1566 1079 1640 natamque
1088 1559 1194 1622 munia
1210 1558 1303 1622 civilia
1317 1566 1482 1640 praestaret

319 1680 357 1727 au
376 1680 453 1739 non,
473 1661 645 1724 interfuisse
664 1668 763 1724 autem
783 1676 974 1744 magnopere,
996 1670 1097 1726 umam
1118 1681 1272 1726 sacrorum
1290 1680 1480 1739 arcanorum,

319 1784 394 1849 quae
408 1765 485 1828 cives
500 1763 556 1826 soli
570 1763 709 1838 colerent,
724 1764 869 1845 particeps
885 1783 922 1829 an
936 1785 1042 1847 expers
1056 1774 1143 1829 esset.
1172 1766 1234 1846 Ego
1249 1773 1351 1827 contra
1366 1766 1478 1829 nullam

318 1888 437 1932 causam
452 1887 516 1930 esse
530 1867 627 1941 video,
648 1886 702 1930 cur
715 1884 777 1929 non
790 1869 848 1931 lroc
861 1869 961 1950 potius
976 1870 1132 1931 consilium
1148 1867 1296 1949 loquentis
1309 1868 1403 1931 luisse
1417 1877 1480 1932 sta-

317 1979 445 2045 tuamus,
461 1987 524 2031 non
538 1971 629 2033 modo
644 1977 677 2031 ut
690 1969 858 2033 restitutum
873 1989 906 2032 se
921 1990 987 2033 esse
1002 1971 1032 2032 in
1047 1971 1204 2043 civitatem,
1221 1971 1272 2032 sed
1287 1979 1322 2033 ut
1335 1972 1479 2052 praestari

318 2073 406 2136 etiam
421 2094 438 2136 a
453 2093 486 2135 se
500 2073 674 2147 affirmaret,
700 2091 775 2154 quae
797 2072 908 2136 mribus
922 2073 1097 2154 praestanda
1112 2081 1211 2134 essent
1225 2072 1409 2135 conferendis
1425 2073 1479 2135 tri·

317 2177 397 2240 butis
416 2177 538 2257 aliisque
559 2175 731 2237 muneribus
753 2176 904 2238 obeundis.
934 2174 1020 2248 Quod
1042 2184 1140 2237 autem
1161 2174 1231 2238 huic
1245 2174 1480 2256 interpretationi

317 2280 476 2342 verborum
500 2274 542 2341 τὰ
563 2272 638 2360 τέλη
660 2274 745 2339 τελῶ
766 2277 954 2341 Petersenius
974 2277 1063 2340 etiam
1093 2296 1181 2340 usum
1202 2276 1341 2358 loquendi
1361 2277 1480 2340 obstare

317 2389 466 2456 autumat,
493 2380 551 2443 hoc
575 2381 629 2442 riri
654 2380 814 2444 doctissimi
838 2380 978 2443 iudicium
999 2380 1135 2460 redargui
1154 2379 1238 2443 facile
1257 2378 1364 2460 potest.
1403 2380 1479 2444 Nolo

317 2503 399 2548 nunc
417 2484 562 2547 eiusmodi
581 2483 746 2546 locutiones
760 2501 1004 2557 commemorare,
1020 2484 1120 2563 quales
1134 2490 1205 2544 sunt
1220 2474 1392 2561 ζονγλοιον,
1410 2483 1479 2567 θη-

317 2582 410 2651 τικὸν
430 2583 543 2662 τελεῖν,
565 2586 596 2648 in
612 2584 719 2667 quibus
733 2577 825 2659 τέλος
846 2585 1081 2648 subaudiendum
1097 2603 1162 2647 esse
1176 2592 1297 2666 apparet
1307 2587 1351 2662 ⁹),
1372 2592 1423 2647 aut
1437 2579 1478 2647 τδ

317 2683 398 2751 ivai
419 2683 515 2763 τέλος
536 2684 639 2750 τελεῖν
660 2688 692 2750 in
714 2686 921 2750 Demosthenis
944 2683 1477 2766 orationecontra'l'imocratem10)

317 2791 353 2854 de
368 2792 413 2865 iis,
429 2791 480 2872 qui
495 2789 626 2854 eiusdem
642 2789 742 2852 classis
757 2798 828 2852 sunt
842 2789 965 2872 eiusque
980 2789 1081 2852 munia
1092 2797 1255 2871 praestant:
1270 2806 1340 2851 nam
1351 2806 1477 2872 respon·

317 2894 381 2956 deri
405 2893 531 2955 tortasse
552 2891 646 2973 possit
664 2891 742 2954 aliud
763 2910 827 2954 esse
846 2886 886 2954 τὸ
906 2887 1000 2966 τέλος
1016 2892 1154 2972 singulari
1174 2909 1314 2965 numsro,
1335 2891 1414 2955 aliud
1432 2886 1477 2954 τδ

315 2989 392 3079 τέλη
406 3011 533 3058 numero
548 2993 662 3077 plurali.
692 2993 795 3074 Neque
809 2994 877 3056 talia
892 2994 1027 3068 afferam,
1048 2995 1133 3076 quale
1147 3001 1194 3058 eat
1214 2989 1258 3056 τδ
1277 2986 1354 3078 τέλη
1375 3012 1477 3056 κατα-

314 3090 450 3159 τιθέναι
475 3096 551 3177 apud
572 3094 856 3177 Antiphontemss),
879 3092 921 3160 τὰ
942 3089 1003 3160 ἴσα
1023 3092 1100 3180 τέλη
1124 3090 1257 3159 διδόναι
1280 3095 1359 3176 apud
1381 3095 1477 3176 Hesy-

315 3198 415 3261 chium
427 3200 490 3276 ¹²),
511 3197 625 3279 uiaque
648 3197 768 3271 similia,
788 3198 818 3259 in
840 3198 947 3280 quibus
962 3216 1054 3280 quum
1071 3199 1107 3261 de
1122 3198 1331 3281 significatione
1345 3197 1477 3260 nominis

314 3299 441 3363 dubitari
463 3298 605 3381 nequeat,
626 3298 803 3362 dubitaverit
823 3306 923 3362 tamen
941 3301 1067 3363 tortasse
1082 3301 1198 3382 aliquis,
1213 3319 1287 3363 num
1301 3319 1357 3382 pro
1373 3319 1477 3361 κατο-

313 3396 448 3466 aaran
467 3410 518 3465 aut
533 3395 666 3464 διδόναι
688 3402 775 3463 etiam
789 3398 893 3464 τολτῖν
906 3397 949 3463 τοὶ
962 3395 1036 3485 τέλη
1054 3402 1160 3466 eodem
1174 3420 1264 3466 sensu
1279 3404 1337 3466 dici
1350 3404 1475 3466 licuerit.

314 3505 372 3567 Sed
399 3504 469 3586 quid
496 3505 604 3587 opponi
627 3504 799 3567 huiusmodi
818 3504 960 3586 exemplis
979 3505 1101 3586 poterit,
1129 3504 1214 3587 quale
1237 3514 1282 3567 est
1305 3506 1335 3567 in
1356 3507 1475 3569 decreto

312 3607 528 3683 Piraeensium,
549 3607 636 3690 Corp.
657 3607 748 3670 lnscr.
771 3625 820 3670 no.
846 3608 902 3670 101
927 3627 953 3669 τ.
975 3607 1026 3681 25,
1046 3607 1097 3671 ubi
1112 3607 1313 3670 Callidamauti
1327 3609 1477 3673 cuidama

312 3866 315 3869 ’
381 3864 406 3938 8)
425 3864 483 3917 Chr.
500 3863 635 3930 Peterson,
652 3865 697 3917 aler
713 3864 952 3932 llausgottcsdicast
972 3867 1017 3918 aler
1033 3865 1101 3919 altar
1120 3865 1246 3919 Grieclrau
1262 3864 1368 3934 (Caesel.
1388 3866 1474 3935 usal).

311 3967 336 4019 P·
351 3950 583 4102 ¹⁷istc5i.¹iloeckh.
597 4037 691 4088 Oecon.
704 4034 773 4102 publ.
788 4036 809 4087 1.
822 4053 845 4103 p.
858 4037 918 4089 651.
1385 4078 1390 4091 .

382 4123 423 4188 10)
436 4122 463 4174 P.
476 4122 525 4174 745
546 4120 570 4189 ἦ.
585 4122 646 4173 144:
666 4115 732 4173 οὐδὲ
753 4117 830 4187 δήσω
844 4116 1001 4189 Ἀθηναίων
1022 4120 1133 4185 οὐδένα,
1151 4116 1182 4182 ὃς
1199 4115 1235 4175 ἃν
1250 4118 1386 4192 ἐγγυητὰς
1401 4126 1477 4196 τρεῖς

311 4209 433 4278 καθιστῇ
454 4202 485 4259 τὸ
503 4202 571 4258 αὐτὸ
588 4206 665 4263 τέλος
681 4206 836 4265 τελοῦντας.
860 4205 924 4262 Erat
939 4209 988 4261 lsoo
1004 4210 1030 4261 in
1048 4209 1104 4262 iura
1121 4208 1225 4261 iurando
1242 4217 1396 4261 senatorum.
1422 4209 1476 4262 vid.

311 4291 337 4360 §-
351 4293 423 4442 uili
441 4378 477 4432 De
489 4378 565 4432 caede
576 4378 669 4431 Herod.
680 4394 706 4446 p.
719 4378 770 4431 744
781 4377 806 4446 ἦ.
820 4381 860 4431 77.

383 4464 425 4529 ta)
443 4465 469 4517 S.
482 4480 507 4516 τ.
521 4466 662 4524 λσοτελεῖς.
