3164 5138
653 458 695 521 49

89 645 185 727 quierit
198 645 236 708 de
245 646 411 725 baenme
424 646 576 721 carminis,
589 646 737 708 neminem
753 646 831 719 novi,
845 647 1075 725 nequeomnino
1088 648 1156 709 illud
1169 665 1257 710 voea-

93 750 183 813 bulurn
198 758 300 813 extare
315 750 348 811 in
364 758 503 811 veterum
514 749 631 830 seriptis
646 749 773 823 ridetur,
789 750 840 810 sed
857 751 1018 813 recentiore
1033 750 1150 812 demum
1167 758 1257 811 aelate

94 853 314 934 ades-plum
341 845 531 934 θεολογίας
551 852 731 931 aliorumque
752 851 892 914 similium
920 871 1083 935 procusum
1103 872 1177 915 esse.
1216 852 1258 914 lle

93 955 146 1017 boe
161 957 282 1035 quidem
304 955 440 1017 carmine
454 955 601 1015 Hosiodeo
620 954 735 1032 primus
751 955 821 1015 Dan.
838 954 975 1018 Heinsius
991 977 1026 1018 eo
1041 977 1114 1019 usus
1131 965 1188 1029 est,
1208 955 1258 1016 ln·

93 1059 212 1121 uoooet
232 1060 267 1120 in
285 1060 325 1121 0.
346 1068 377 1120 et
389 1058 424 1120 D.
441 1077 504 1139 sap.
520 1056 577 1131 Vll,
597 1076 656 1137 quo
671 1057 736 1118 loeo
752 1066 855 1119 eontra
869 1058 1014 1137 vulgatam
1035 1060 1104 1121 olim
1121 1059 1257 1121 carminis

91 1162 211 1224 indues
229 1160 329 1224 libros
349 1161 522 1224 divisionem
542 1159 708 1239 disputans,
728 1160 893 1241 rectiusque
913 1170 1011 1240 parles
1032 1163 1093 1224 eius
1109 1181 1143 1222 ex
1159 1180 1258 1223 rerum

22 1246 27 1257 ’
91 1274 173 1345 atque
193 1272 443 1344 argumentemur
460 1262 597 1324 varietate
621 1261 840 1341 distinguendas
864 1281 930 1323 essa
949 1266 1144 1337 contendens,
1170 1264 1257 1325 buius

91 1367 293 1429 Mstmofionis
319 1367 465 1447 quandam
491 1365 735 1445 significationem
757 1365 844 1425 etiam
865 1364 942 1445 apud
962 1366 1110 1430 Manilium
1135 1366 1258 1428 inveniri

90 1478 182 1550 putat,
197 1473 253 1550 qni
267 1472 389 1532 Aeuom
404 1468 439 1530 ll.
455 1488 481 1530 r.
500 1470 547 1529 11.
565 1486 628 1548 sqq.
644 1468 717 1529 baec
731 1467 767 1528 de
782 1466 910 1528 Hesiodo
926 1469 1016 1531 eanit:

258 1608 408 1671 Hesiodus
423 1615 567 1670 memorat
582 1607 665 1669 divos
681 1607 837 1687 divumque
852 1615 996 1687 parentes

259 1720 289 1772 et
304 1712 395 1773 chaos
410 1712 527 1773 enixum
543 1720 644 1785 terras,
662 1711 821 1790 orbemque
836 1710 892 1771 sub
906 1711 956 1773 illo

259 1814 411 1888 inlanlem,
426 1822 453 1874 et
468 1814 580 1894 primos
595 1813 747 1876 titubantia
764 1812 861 1874 sidera
875 1821 986 1893 partus,

257 1916 438 1997 Titanasque
453 1936 547 1992 senes,
561 1917 638 1979 lovis
655 1925 684 1978 et
699 1914 842 1977 cunabula
858 1918 966 1996 magni,

258 2026 289 2080 et
304 2019 359 2080 sub
375 2020 462 2080 fratre
476 2018 529 2079 riri
545 2036 665 2091 nomen,
684 2017 747 2079 sine
762 2026 855 2080 matre
869 2019 1007 2099 parentis,

259 2128 347 2200 alque
361 2120 465 2182 ilerum
481 2121 576 2202 patrio
592 2129 760 2182 nascentem
776 2137 902 2200 corpore
916 2121 1073 2195 Raoebum,

261 2222 418 2302 omniaque
432 2223 580 2284 immenso
596 2222 743 2284 volitantia
759 2222 881 2283 numina
898 2223 1020 2295 mundo,

259 2324 432 2406 quinetiam
447 2324 525 2386 ruris
540 2325 637 2387 eultus
652 2326 788 2406 legesque
803 2325 930 2386 novandi
946 2330 1001 2385 elo.

85 2467 161 2529 Nam
176 2467 294 2528 borum
309 2482 449 2527 uersuum
465 2465 541 2526 duos
555 2473 722 2544 postremos
738 2466 774 2526 ad
791 2466 885 2545 Opera
900 2465 1054 2544 pertinere,
1068 2475 1099 2528 et
1112 2464 1256 2528 numina

84 2569 132 2631 illa
148 2569 333 2631 immenso
348 2569 479 2630 mundo
496 2567 683 2628 volitantia
703 2584 764 2628 non
784 2567 857 2628 alios
872 2586 1039 2648 essequam
1055 2570 1256 2644 daemones,

85 2692 218 2752 quornm
240 2690 268 2732 r.
286 2670 348 2731 122
369 2678 397 2730 et
417 2670 479 2730 252
501 2670 611 2731 mentio
631 2670 714 2745 ΗΜ).
759 2670 944 2743 „Manilius
964 2670 1097 2748 igitur“
1119 2671 1213 2751 inquit
1227 2690 1256 2751 p.

87 2775 149 2836 655
165 2775 213 2837 ed.
230 2774 354 2849 Loesu,
368 2764 571 2856 κριτήριον
592 2772 698 2833 buius
713 2771 799 2833 libri
815 2772 921 2851 primi
936 2791 1012 2834 asse
1025 2774 1138 2835 voluit
1153 2773 1200 2845 id,
1217 2773 1258 2834 de

86 2896 155 2957 quo
176 2875 384 2958 praecipue
403 2874 531 2953 agitur,
551 2873 630 2953 quia
650 2875 786 2953 primus
806 2874 998 2949 Hesiodus,
1025 2876 1257 2956 quemadmo-

88 2979 168 3041 dum
189 2981 223 3041 in
243 2977 441 3057 theogonia
461 2977 502 3038 de
522 2976 590 3038 diis
611 2976 684 3037 sive
704 2977 744 3039 de
766 2977 879 3056 prima
901 2978 1106 3040 divinitalis
1128 2980 1259 3060 speeie,

89 3080 137 3143 ita
156 3082 195 3143 in
213 3081 288 3142 hoe
305 3079 397 3141 libro
416 3080 552 3159 primus
569 3078 739 3141 distinete
754 3079 793 3140 de
809 3081 964 3143 secunda
984 3082 1068 3161 egil,
1088 3082 1257 3143 nimirum

93 3178 279 3267 περὶτῶν
297 3175 513 3260 δαιμόνων,
538 3176 630 3259 περὶ
651 3178 724 3243 τῶν
746 3178 927 3243 mosomio
947 3186 1081 3245 dadvf‘
1110 3185 1148 3244 El
1160 3185 1257 3264 paullo

92 3294 175 3366 post,
193 3305 225 3365 p.
248 3285 322 3347 656.
344 3286 377 3345 7:
398 3284 522 3359 „Siout
541 3292 656 3345 autem
675 3283 819 3345 minime
838 3283 1000 3347 insolens
1020 3295 1110 3361 erat,
1130 3287 1258 3348 librum

94 3389 277 3467 integrum
296 3387 431 3449 lliados
451 3406 468 3449 a
491 3396 591 3466 parte
609 3387 727 3449 dicere
746 3381 1023 3471 Παιρόκλειαν
1045 3389 1098 3449 vel
1120 3383 1259 3470 Λύτρα

94 3526 136 3536 -
155 3491 208 3553 ita
230 3509 373 3571 quoque
391 3482 713 3572 Δαιμονολογίαν
731 3490 884 3570 primum
906 3481 1136 3573 τῶνἜργων
1156 3483 1259 3552 voeat

94 3592 276 3665 Manilius,
294 3592 387 3673 quod
406 3612 445 3655 ex
459 3593 521 3655 illa
540 3602 640 3673 parte
659 3596 830 3674 pleraque
845 3595 1101 3673 dependeanl.“
1130 3596 1259 3673 Apparet

8 3702 10 3753 f
94 3695 246 3758 brevitatis
262 3714 348 3757 musa
363 3696 433 3757 hoio
447 3695 523 3775 parti
539 3690 794 3779 δαιμονολογίας
814 3716 924 3758 nomen
944 3696 979 3757 ab
994 3697 1115 3758 Heinsio
1132 3696 1259 3778 impoai3

94 3800 235 3860 traditum
248 3818 266 3860 a
279 3798 425 3861 veteribus
441 3818 582 3862 essenon
597 3809 724 3880 apparet.
741 3836 782 3844 -
797 3801 896 3862 Paullo
918 3799 1000 3860 aliter
1014 3819 1046 3861 se
1061 3818 1108 3861 res
1123 3800 1209 3861 habet
1224 3799 1260 3859 de

94 3893 278 3985 Hsdosys'q,
294 3902 374 3981 quod
389 3903 562 3965 vocabulum
576 3922 672 3983 neque
687 3904 821 3983 ignotum
836 3912 881 3964 est
895 3902 1041 3965 veteribus
1058 3903 1260 3983 scriptoribus,

95 4013 124 4064 et
137 4013 324 4084 usurpatum,
339 4004 376 4065 ab
390 4023 452 4066 uno
468 4005 577 4081 saltem,
594 4006 630 4068 de
640 4006 768 4086 quodam
782 4004 911 4086 Operum
927 4006 1007 4082 looo3
1022 4006 1075 4068 sed
1089 4024 1193 4068 rursm
1210 4005 1260 4085 qui

96 4104 172 4167 illam
189 4106 225 4167 de
239 4105 377 4167 Pandora
391 4106 602 4181 narrationem,
624 4127 699 4188 quae
717 4118 763 4171 est
777 4127 802 4170 r.
819 4110 982 4184 arn-loa,
1001 4101 1192 4190 Πιθοιγίαν
1205 4124 1258 4186 ap-

163 4383 246 4447 dllle
267 4392 339 4437 serta
355 4387 453 4452 quidem
469 4395 510 4439 est
525 4389 576 4440 loei
593 4387 722 4440 Manilium
739 4388 828 4440 laelio:
850 4403 905 4441 narn
921 4392 1007 4458 optimi
1024 4391 1124 4442 eodious
1141 4382 1261 4438 lamia·

95 4470 196 4535 nene,
207 4484 257 4521 non
268 4473 402 4539 numina,
415 4473 526 4540 iMudquo
539 4490 554 4524 a
566 4490 662 4541 nupero
674 4475 772 4525 editore
784 4473 873 4525 Iacobo
886 4484 1014 4544 receptum
1026 4484 1075 4526 est.

134 4556 187 4623 lll-
1014 4561 1036 4621 4
