3178 5136
673 442 734 506 tlt

129 630 293 704 rlrmdum,
311 638 346 692 ut
364 629 430 711 quis
449 631 671 693 matrimonium
690 632 850 707 contrahat,
869 651 965 715 neque
986 636 1106 697 omnino
1126 635 1286 714 coniugalia

129 741 281 815 praecepta
295 733 334 795 sd
348 732 564 807 oeconomiam,
579 751 653 813 quae
665 733 749 812 rugo
761 734 817 797 diei
829 736 930 812 soleat,
944 737 1098 817 pertinere.
1124 738 1219 818 Atque
1230 737 1287 799 hoe

128 835 245 915 qtu'denr
256 834 344 915 quale
357 835 397 898 sit
415 834 484 898 alihi
503 833 678 896 uidebimus:
698 834 769 896 illud
785 835 906 898 alterum
922 848 1019 900 eutem
1034 858 1069 900 ex
1083 838 1201 920 Epicuri
1216 856 1287 900 seu-

129 937 212 999 tentia
231 936 345 1000 ddum
363 946 418 1011 est,
438 937 548 1017 quippo
569 935 627 1017 qui,
647 943 681 998 ut
699 944 745 997 est
764 937 842 1017 apud
860 938 943 1018 Πίος.
963 940 1058 1001 Laert.
1078 941 1113 1014 ll,
1136 940 1195 1003 rra
1213 947 1286 1001 tom.

130 1040 194 1120 llp.
206 1041 281 1112 571,
296 1040 328 1101 in
343 1034 531 1121 διαποριοῖν
543 1037 617 1100 libro
631 1034 677 1122 μή
693 1032 854 1122 γαμήσειν
867 1035 952 1124 μηδὲ
965 1036 1216 1127 τεκνοποιήσειν
1229 1037 1287 1104 τδν

131 1137 234 1227 σοφὸν
254 1143 399 1215 οιιιοοιίῑ,
423 1139 456 1202 in
475 1140 551 1202 lihro
573 1140 610 1201 de
628 1149 732 1202 natura
751 1148 860 1216 autem,
882 1138 968 1204 κατοί
985 1134 1184 1225 περίστασίν
1203 1162 1287 1205 ποτε

130 1236 202 1324 δίου
223 1238 387 1328 γαμήσειν
400 1237 459 1305 καί
475 1237 782 1327 διατραπήσεσθαι.

211 1347 383 1427 Sequuntur
392 1346 468 1426 apud
484 1345 721 1426 Theophrastum
738 1355 893 1427 praccepta
908 1347 1069 1427 coniugalia
1082 1348 1182 1410 haece:
1195 1344 1287 1431 προῖ-
1307 1359 1338 1411 13

132 1467 183 1512 τον
198 1443 262 1529 μὲν
280 1435 337 1511 oris
353 1443 450 1528 νόμοι
470 1443 556 1532 πρός
574 1448 712 1530 γυναῖκα
730 1442 788 1510 καί
801 1443 841 1510 τό
863 1444 907 1533 μὴ
934 1440 1072 1512 ἀδικεῖν.
1111 1451 1289 1513 Coniicielrat

130 1551 229 1632 aliquis
258 1550 448 1613 smihentium
480 1567 558 1612 esse:
590 1546 722 1631 πρῶτος
746 1544 806 1629 μὲν
830 1536 887 1612 οὖν
912 1543 1014 1631 νόμος
1040 1548 1126 1633 πρὸς
1153 1553 1288 1633 γυναῖκα

130 1646 271 1729 κείσθω,
294 1656 353 1732 [aut
372 1651 489 1731 κεῖται]
510 1647 555 1737 pr)
577 1643 714 1714 ἀδικεῖν.
750 1653 812 1732 Ego
831 1652 975 1732 vulgatam
1000 1653 1153 1716 lectionem
1177 1655 1287 1717 servari

132 1775 219 1837 posse
239 1763 325 1838 puto.
359 1748 472 1833 Νόμοι
490 1749 577 1838 πρὸς
596 1753 732 1836 γυναῖκα
751 1756 856 1817 eedem
875 1773 965 1819 sensu
986 1756 1137 1831 dicimur,
1161 1776 1220 1838 quo
1244 1753 1287 1819 ταὶ

129 1855 210 1943 πρὸς
233 1853 294 1943 τὴν
317 1856 454 1940 γυναῖκα
479 1848 595 1919 δίκαια
617 1856 647 1918 in
672 1866 847 1937 persomme
870 1858 1006 1921 Theanus
1030 1860 1151 1941 epistola
1174 1879 1204 1940 p.
1225 1859 1286 1922 228

129 1962 210 2039 (inl
232 1962 266 2024 (L
286 1960 372 2022 wctt.
396 1959 475 2022 moll.
502 1976 596 2039 macc.
621 1960 724 2038 iragrn.
745 1958 839 2022 hond.
862 1960 976 2037 tottii.
1010 1962 1169 2043 dirigitur
1193 1970 1286 2024 certas

128 2063 271 2145 qmsdam
286 2062 478 2126 conversandi
493 2079 560 2124 ctum
574 2079 668 2123 uxore
682 2078 803 2124 nmmos
819 2081 853 2124 ao
865 2062 944 2141 leges
958 2082 1025 2126 esse
1040 2063 1154 2137 debere,
1169 2082 1286 2126 aarum·

16 2216 17 2251 3
127 2186 181 2249 quc
198 2184 293 2230 unum
313 2173 343 2227 et
359 2165 546 2246 praecipuam
571 2165 673 2238 hence,
698 2160 742 2248 μή
767 2155 909 2241 ἀδικεῖν,
934 2184 971 2228 oc
988 2169 1101 2229 tortorio
1120 2166 1286 2247 officiatur:

16 2302 17 2343 ;
127 2267 375 2352 quemadmodum
397 2284 460 2330 nou
484 2285 551 2330 roro
577 2267 691 2348 generis
716 2267 836 2330 ahcuius
860 2268 988 2330 universi
1011 2268 1286 2330 commemorationi

16 2370 17 2375 ’
126 2392 181 2437 unu
200 2372 347 2454 quaedem
365 2378 397 2432 et
414 2370 571 2450 praecipua
591 2370 705 2451 speeies
724 2388 779 2451 per
796 2370 888 2432 solam
909 2371 1044 2451 copulam
1064 2370 1180 2449 adiungi
1202 2370 1285 2432 solet.

15 2472 17 2493 '
127 2477 187 2538 tid
207 2493 285 2556 quae
303 2472 431 2536 diximus
452 2472 487 2534 ad
506 2471 583 2534 Plut
602 2480 654 2553 dg.
674 2492 704 2553 p.
721 2473 772 2535 to.
791 2507 833 2518 -
867 2473 909 2535 Ex
933 2473 1046 2536 iniuriis
1071 2473 1175 2537 deinde
1196 2491 1285 2536 unam

124 2578 300 2642 mlius
321 2584 545 2639 commemorat:
572 2565 690 2637 ἀδικία
709 2569 746 2638 δὲ
765 2565 882 2658 ἀνδρὸς
906 2566 942 2638 αῖ
964 2569 1091 2659 θύραζε
1113 2569 1287 2641 συνουσίαι

126 2674 304 2763 γινόμεναι.
335 2679 418 2742 liano
431 2678 510 2740 enim
527 2678 683 2741 lectionem
703 2694 790 2739 nemo
809 2694 873 2739 non
891 2679 1035 2758 praeferet
1053 2679 1143 2753 alteri,
1163 2697 1237 2759 quae
1256 2680 1286 2740 in

15 2868 16 2871 Ἴ
126 2784 236 2865 sliquct
255 2781 406 2845 codicibus
420 2788 507 2855 extat,
527 2772 563 2842 αῖ
577 2774 704 2864 δόραζο
717 2777 889 2843 συνιοῦσαι
904 2779 1058 2862 γυναῖκες.
1093 2781 1286 2860 Goettlingius

15 2904 16 2915 ¹
126 2886 248 2948 eandem
270 2883 387 2964 utrique
406 2883 579 2947 sententiam
600 2883 722 2945 suhosee
745 2882 849 2957 credit,
874 2892 906 2945 ut
930 2882 1131 2963 significentur
1156 2883 1285 2944 mulieris

127 2987 368 3052 conversationes
381 2994 543 3057 extraneae,
564 2985 671 3066 quihus
686 2985 810 3047 maritus
824 2985 928 3048 iniuria
948 2986 1098 3058 alliciatur,
1120 2995 1286 3066 comparut-

126 3110 180 3173 que
194 3109 266 3155 cum
280 3088 477 3170 l'h0ophrasti
490 3096 646 3169 praecepto
663 3088 720 3149 hoc
735 3087 863 3160 Hesiodi,
878 3085 963 3173 μηδὲ
978 3083 1054 3173 γυνή
1069 3105 1107 3151 σε
1126 3081 1201 3151 νόον
1221 3108 1287 3150 πυ-

126 3186 286 3276 γοστόλος
305 3183 505 3269 itancestre
520 3182 642 3270 αῖμόλα
655 3182 872 3268 κωτίλλουσα,
903 3187 978 3277 τεὴν
1007 3188 1141 3278 διφῶσα
1162 3186 1286 3275 καλιήν,

126 3297 204 3378 quod
218 3294 295 3358 mihi
315 3312 439 3374 prorsus
460 3293 496 3356 ah
515 3293 656 3356 hocloco
680 3292 806 3356 ahenum
827 3312 893 3356 esse
911 3293 1033 3357 ridetur.
1068 3294 1133 3355 Non
1153 3294 1231 3355 enim
1251 3293 1287 3354 δο

127 3399 261 3463 mulieris
276 3415 345 3478 erga
359 3396 464 3471 rhum,
484 3396 536 3459 sed
553 3398 589 3460 tle
603 3396 655 3458 viri
670 3414 740 3475 erga
755 3396 906 3459 mulierem
921 3396 1034 3460 iniuriis
1049 3397 1286 3477 'theophrastum

124 3503 204 3585 lcqm
219 3501 322 3564 omnis
336 3499 393 3562 loci
412 3507 566 3562 contextus
586 3499 774 3561 manifestum
794 3498 869 3561 lacit
905 3500 981 3562 Sunt
1000 3498 1087 3580 igitur
1107 3490 1141 3561 αῖ
1160 3492 1287 3582 θύραζε

125 3597 299 3670 συνουσίαι
319 3595 487 3685 γινόμεναι
506 3602 644 3666 adulteria
663 3601 716 3663 riri
738 3609 766 3664 et
784 3603 925 3665 amatoria
944 3602 1125 3665 consuetudo
1149 3620 1216 3663 cum
1235 3620 1287 3663 ox·

126 3709 239 3772 traneis
260 3705 440 3779 muhenhus‚
459 3704 707 3786 quemadmodum
728 3705 816 3767 etiam
831 3706 998 3768 lasaronius
1017 3703 1158 3767 intellexit
1175 3723 1204 3785 p.
1228 3703 1288 3766 166

125 3812 171 3873 ed.
186 3810 313 3883 Goettl.;
333 3826 431 3889 neque
444 3801 570 3891 θύραζε
583 3801 757 3871 συνουσίαι
770 3826 826 3889 pro
842 3802 968 3892 δόρασι
985 3808 1095 3871 diuum
1109 3808 1221 3888 peritos
1241 3807 1288 3867 ol·

124 3914 246 3977 lentim-e
260 3920 368 3994 potest
396 3902 581 3973 Συνονσίαν
594 3919 692 3973 autem
705 3919 738 3973 ut
752 3912 895 3974 συνεῖναι
915 3910 951 3973 de
970 3910 1110 3974 amatoria
1129 3919 1289 3972 consuetu-

125 4017 195 4079 dine
208 4016 390 4078 diductum
409 4022 461 4086 est,
481 4013 630 4094 nutusque
649 4013 707 4076 hoe
725 4013 813 4077 verbo
833 4014 869 4075 de
883 4013 1037 4076 Alcibiadis
1056 4012 1202 4076 adulteriis
1217 4013 1288 4075 Plu-

127 4119 247 4182 tarchus
267 4117 317 4180 rit.
337 4117 428 4179 hloih.
447 4134 473 4178 c.
494 4116 528 4179 8:
548 4108 580 4200 (ἡ
592 4108 785 4200 Ἱππαρέτη)
805 4109 991 4200 λυπουμένη
1007 4106 1068 4176 ὑπ’
1088 4105 1190 4177 αὐτοῦ
1209 4108 1289 4194 περί

128 4215 186 4283 τόν
200 4214 304 4302 γάμον
323 4209 473 4300 ἑταίραις
494 4210 602 4295 ξέναις
621 4211 680 4280 καί
694 4211 813 4294 ἀσταῖς
829 4212 991 4293 συνόντος.
1009 4252 1053 4263 -—
1079 4216 1287 4279 Proximorum

132 4322 328 4404 Theophrasti
347 4320 505 4384 verborum
525 4320 670 4402 scriptura
687 4322 766 4403 apud
786 4321 995 4401 Goettlingium
1014 4321 1092 4384 haud
1111 4318 1198 4380 dubie
1221 4333 1288 4377 ccr-

136 4434 220 4505 mpta
238 4434 296 4488 cst:
320 4417 400 4509 περὶ
420 4418 457 4487 δὲ
478 4414 613 4505 ὁμιλίας
635 4415 719 4508 μήθ’
745 4415 830 4484 ὥστε
849 4418 988 4485 δεῖσθαι
1011 4413 1094 4493 ἴσως
1117 4411 1288 4498 παρόντος,
