3190 5136
306 631 424 707 dicitnr‚
439 651 497 714 qua
511 632 577 713 quis
592 633 742 695 incassum
757 630 897 711 nulloque
911 648 978 692 cum
993 631 1090 692 fructu
1103 630 1228 709 ungitur.
1257 629 1295 692 lit
1308 629 1373 692 talia
1388 631 1473 693 lotu-

305 752 408 797 rorum
423 735 569 799 malorum
583 734 734 815 praesagia
749 733 835 796 etiam
850 752 876 794 v.
892 731 955 795 246
969 732 1079 794 chorus
1093 731 1246 794 recusarit

389 837 422 898 V.
441 836 531 900 1096.
561 835 723 899 Cessandra
735 835 812 898 canit
827 841 938 896 sortem
954 852 1037 897 suam
1054 852 1250 914 conquerens:

505 930 547 1001 tot
568 930 609 1001 tat
629 929 787 1012 ταλαίνας
806 929 1017 1016 κακόποτμοι
1037 930 1143 1015 τύχαι.

503 1035 543 1103 τὸ
566 1035 627 1125 peip
648 1033 728 1120 ίμόν
749 1034 845 1121 θροῶ
866 1031 986 1112 πάθος
1007 1031 1200 1119 ίπεμχέασα

303 1160 430 1222 quorum
446 1161 582 1206 versuum
596 1144 677 1219 alter,
690 1161 782 1223 quum
796 1137 1008 1219 antistrophico
1025 1159 1050 1201 r.
1070 1140 1151 1202 1106
1166 1158 1224 1203 una
1235 1140 1342 1221 syllaba
1352 1141 1473 1221 longior

303 1245 349 1319 sit,
356 1244 393 1306 ob
400 1244 568 1308 Hermanno
576 1254 706 1308 mutatus
718 1252 772 1315 est,
783 1243 878 1323 prima
889 1258 1017 1321 persona
1028 1238 1122 1325 θροῶ
1132 1242 1163 1303 in
1175 1243 1332 1305 secundam
1340 1242 1470 1326 θροεῖς,

303 1346 455 1428 participio
471 1357 569 1410 autem
585 1367 620 1410 ex
631 1346 771 1409 feminino
782 1336 967 1425 ἐπεγχέασα
981 1342 1011 1404 in
1024 1345 1216 1407 masculinum
1230 1339 1387 1428 ἕπεγχέας
1397 1364 1467 1409 mu·

303 1457 372 1510 tato.
401 1449 433 1511 ld
445 1449 563 1529 probari
579 1450 660 1513 nullo
673 1449 764 1511 modo
776 1452 882 1528 potest.
914 1444 987 1507 Nam
1000 1445 1109 1508 chorus
1120 1447 1193 1509 nihil
1207 1445 1265 1510 nisi
1276 1448 1312 1510 de
1323 1448 1470 1510 radoiniis

304 1549 482 1614 Cassandrae
497 1552 609 1614 dixerat
622 1550 758 1615 infaustis
771 1548 885 1629 sibique
900 1546 1000 1609 auditu
1011 1547 1143 1627 ingratis,
1159 1550 1240 1630 quod
1255 1550 1388 1631 prolecto
1402 1569 1468 1612 non

303 1662 365 1715 erat
380 1662 491 1716 sortem
508 1655 585 1717 illius
601 1654 751 1736 conqueri.
781 1652 876 1714 lnrmo
897 1657 975 1711 recte
991 1668 1023 1711 se
1042 1651 1128 1713 habet
1141 1649 1251 1736 θροῶε
1269 1652 1371 1733 incipit
1386 1652 1467 1716 enim

303 1755 365 1834 ipsa
380 1772 461 1818 nuno
473 1757 531 1819 iem
547 1775 599 1819 sua
614 1756 690 1818 mala
710 1752 871 1818 lamentari.
901 1752 959 1814 Sed
974 1746 1162 1834 ίπεγχέαοα
1175 1774 1210 1817 cx
1224 1755 1468 1837 interpretatione

302 1858 420 1938 irrepsit
439 1878 495 1940 pro
511 1880 560 1934 eo,
576 1859 654 1941 quod
670 1856 831 1938 Aeschylus
847 1854 1016 1935 scripserat,
1032 1849 1225 1938 ἐπεγχυτόνε
1241 1876 1351 1920 meam
1367 1859 1467 1921 cala-

301 1960 475 2037 mitatem,
491 1961 598 2042 inquit,
613 1956 887 2041 Agamemnonis
908 1957 1104 2021 calamitati
1119 1960 1317 2023 admixtam.
1349 1961 1468 2023 Scilicet

301 2062 366 2142 quia
382 2064 412 2125 in
429 2063 495 2125 latis
511 2064 576 2137 luit,
592 2072 623 2126 ut
638 2081 696 2125 una
711 2081 778 2125 cum
795 2060 1015 2138 Agamemnone
1035 2061 1099 2140 ipsa
1119 2081 1238 2143 quoque
1253 2062 1373 2144 periret,
1388 2082 1466 2144 pro-

300 2173 398 2244 pterea
413 2165 502 2227 huius
517 2164 589 2227 sorti
605 2184 688 2228 suom
704 2163 859 2226 admixtam
876 2161 952 2224 dicit
983 2162 1042 2225 Sed
1053 2163 1241 2244 interpretes,
1257 2165 1339 2246 quasi
1354 2165 1467 2229 diceret

299 2286 348 2342 se,
363 2274 522 2349 postquam
537 2266 765 2346 Agamemnonis
780 2273 891 2328 sortem
906 2272 1008 2344 questa
1023 2264 1078 2339 sit,
1098 2282 1178 2327 nunc
1195 2265 1374 2330 adiecturum
1388 2287 1465 2330 suae

298 2370 388 2431 sortis
407 2369 634 2451 querimoniam,
655 2361 841 2450 ἒπεγχέασα
860 2364 1088 2446 adscripserunt
1119 2367 1259 2430 Similiter
1276 2369 1463 2450 participium

299 2489 354 2550 pro
374 2471 496 2534 nomine
513 2471 621 2534 verbali
636 2470 755 2552 irrepsit
774 2490 800 2531 r.
821 2469 897 2542 405,
926 2462 1168 2552 παραλλάξασα
1183 2489 1238 2551 pro
1253 2468 1464 2560 παραλλαγᾷ,

298 2583 327 2632 et
342 2571 475 2654 Choeph.
490 2593 517 2635 r.
533 2574 573 2636 65
595 2563 815 2654 καθαίροντες
829 2589 884 2651 pro
907 2563 1119 2655 καθαρσίοις,
1135 2572 1214 2652 quod
1226 2582 1304 2635 recte
1315 2575 1463 2638 Herman-

300 2693 357 2737 nus
369 2676 505 2739 restituit
520 2711 563 2721 —
577 2675 679 2757 Neque
691 2683 766 2746 erat,
782 2673 861 2755 quod
874 2672 905 2735 in
916 2673 1053 2753 proximo
1065 2692 1161 2747 versu,

497 2778 561 2843 ποῖ
582 2772 623 2863 δή
644 2797 687 2858 με
709 2772 805 2862 δεῦρο
825 2771 886 2861 τήν
906 2770 1064 2840 τάλαιναν
1084 2765 1217 2862 ἤγαγεςς

296 2898 350 2960 pro
377 2881 508 2943 secunda
532 2898 660 2961 persona
680 2879 764 2941 tertia
788 2867 909 2962 ἤγαγεν
928 2878 1112 2941 scriberetur.
1156 2879 1228 2941 Vera
1253 2889 1300 2943 est
1325 2881 1463 2945 codicum

295 2981 454 3062 scriptura:
471 2982 642 3045 obuersatur
656 2981 734 3043 enim
750 2980 931 3043 Cassandrae
945 2980 1044 3042 animo
1059 2982 1178 3062 Apollo,
1193 3000 1280 3063 quom
1296 2984 1463 3065 appellare-

295 3093 339 3147 rat
357 3104 449 3167 supra
462 3105 488 3146 v.
508 3083 588 3147 1032
603 3092 633 3145 et
649 3082 745 3157 1036,
765 3082 801 3144 ab
822 3101 917 3162 eoque
936 3103 970 3145 so
989 3084 1049 3146 huo
1068 3083 1219 3147 deductam
1240 3095 1342 3166 questa
1357 3098 1420 3150 erat
1434 3107 1462 3150 r.

298 3188 393 3264 1046;
407 3206 502 3268 neque
517 3205 593 3267 opus
608 3193 671 3248 erat
685 3202 765 3247 nunc
784 3203 902 3265 quoque
921 3184 1029 3248 diserte
1043 3188 1168 3250 eundern
1188 3188 1348 3263 nominari,
1363 3207 1463 3271 quan-

293 3290 450 3371 doquidem
471 3308 559 3352 nemo
579 3288 662 3350 lacile
679 3296 739 3349 mm
760 3287 861 3349 tandm
882 3295 941 3362 est,
963 3289 1139 3370 quinetiam
1162 3289 1226 3352 sino
1245 3292 1366 3354 nomine
1390 3291 1463 3372 quis

249 3398 257 3405 “
292 3391 495 3472 intelligendus
511 3392 550 3454 sit
565 3389 732 3472 perspiciat

245 3513 275 3562 to
378 3494 411 3555 lu
426 3494 508 3556 chori
523 3493 619 3556 serbis
634 3512 660 3553 v.
677 3491 775 3554 11¹2:

491 3591 535 3659 cd
558 3587 587 3658 d'
610 3588 763 3682 ἐπίφοβα
785 3588 946 3680 δυσφάτῳ
969 3592 1097 3681 κλαγγᾷ

489 3693 688 3778 μελοτυπεῖς
709 3687 807 3776 ὁμοῦ
827 3686 854 3758 τί
878 3687 1013 3781 ὀρθίοις
1033 3691 1069 3761 ἐν
1089 3692 1213 3779 νόμοις,

290 3801 358 3862 illud
381 3790 466 3880 ὁμοῦ
486 3791 514 3862 τ’
537 3800 642 3862 salsum
663 3818 730 3861 esse
750 3816 811 3861 non
830 3808 931 3880 potest
950 3799 1089 3876 dubitari;
1110 3802 1161 3864 sed
1181 3820 1243 3864 non
1263 3803 1362 3866 minus
1383 3804 1459 3868 laisa

290 3912 335 3965 est
349 3903 510 3965 Hermanni
525 3902 704 3966 emendatio:
719 3898 917 3983 μελοτυπεῖς
938 3894 1021 3983 ὁμοῦ
1042 3894 1188 3967 aedom?
1203 3897 1339 3989 ὀρθίοις
1351 3897 1387 3967 ἐν
1399 3900 1460 3970 νό-

287 4025 374 4085 μοις.
406 4004 455 4067 Sic
469 4006 547 4068 enirn
562 4005 608 4068 ille
624 4003 756 4086 scripsit,
771 4004 884 4084 integro
900 4006 975 4085 pedo
988 4008 1023 4069 ad
1035 4025 1153 4069 sorsum
1168 4006 1283 4081 addito,
1296 4016 1457 4089 propterea

288 4108 369 4187 qnod
384 4108 470 4170 etiam
487 4109 518 4171 in
533 4107 657 4187 stropha
667 4127 693 4169 v.
710 4105 791 4169 1102
803 4107 846 4169 sic
857 4106 893 4169 alr
904 4108 1047 4189 Aeschylo
1056 4108 1196 4189 scriptum
1210 4110 1302 4173 tuisse
1313 4110 1456 4175 coniecit:

288 4201 446 4294 ἀκόρετος
459 4207 543 4294 βοᾶς
558 4199 790 4296 οιλοίκτοις
802 4202 1013 4287 ταλαίναις
1026 4203 1151 4298 φρεσίν.
1181 4211 1218 4274 Et
1231 4212 1368 4293 leguntur
1382 4230 1456 4276 sane

286 4313 358 4375 haec
373 4315 432 4377 duo
449 4315 576 4396 epitheta
590 4314 621 4375 in
636 4312 701 4375 cod.
716 4311 786 4375 Ven.
802 4320 831 4374 et
844 4312 939 4389 Flor.;
955 4314 1007 4377 sed
1021 4333 1120 4377 veram
1135 4315 1312 4396 scripturam
1328 4316 1457 4379 serravit

286 4415 351 4477 cod.
365 4415 468 4490 Foru,
489 4416 521 4477 in
540 4434 599 4497 qno
618 4417 715 4480 solum
736 4406 927 4503 φιλοίκτοις
944 4424 1035 4491 extat,
1056 4418 1170 4481 omisso
1191 4417 1255 4481 eius
1274 4419 1454 4499 interpreta-
