3178 5136
666 466 726 529 231

132 659 291 714 monstrare.
337 653 395 716 Sed
415 673 453 715 nc
470 674 505 716 ex
525 654 560 716 iis
580 653 710 735 quidem,
729 674 804 736 quse
830 654 865 717 ab
891 655 1069 737 Hieronymo
1088 655 1176 718 relata
1197 662 1276 729 sunt,

131 772 216 816 ruam
230 750 428 836 Theophrasti
443 758 618 820 senteutiam
633 758 704 821 satis
719 765 783 821 tuto
798 758 928 843 perspici
942 778 1035 840 posse
1049 758 1183 821 arbitror.
1214 758 1274 821 Po·

130 856 180 920 sait
193 857 268 919 euim
283 858 359 920 haec
371 852 569 940 Hieronymus
583 859 614 920 in
628 860 703 922 libro
718 861 858 924 adversus
870 862 1066 936 desinianum,
1080 862 1176 923 rhum
1190 879 1273 941 egre·
1291 875 1324 925 tt

130 960 167 1038 gie
180 960 331 1022 cordatum
346 969 376 1023 et
389 978 479 1022 vanae
493 961 712 1042 superstitionis
726 962 932 1039 adversarium,
947 965 995 1046 qui
1011 983 1102 1046 quum
1117 964 1190 1027 alios
1205 982 1274 1044 per-

130 1080 216 1124 rusae
228 1062 387 1125 cuiusdam
401 1062 597 1144 religiositatis
612 1082 738 1139 errores,
754 1073 816 1127 tum
831 1066 900 1128 illud
915 1066 1070 1147 praecipue
1083 1066 1275 1146 impugnave-

128 1174 172 1237 rat
186 1166 262 1245 quod
278 1164 367 1228 multi
378 1165 585 1246 opinabantur,
600 1166 757 1245 gratiorem
773 1167 833 1229 lieo
849 1179 878 1230 et
891 1169 991 1250 pietati
1006 1168 1275 1231 convenientiorem

128 1267 286 1332 mdabatum
302 1286 475 1348 essequam
495 1267 725 1330 matrimonium.
755 1269 903 1334 Adversus
923 1272 1002 1333 hunc
1016 1268 1211 1351 Hieronymus
1226 1289 1274 1332 ar·

127 1380 250 1449 pmauta
263 1368 464 1451 undecunque
477 1371 636 1433 corradens
651 1371 736 1432 etiam
753 1371 832 1434 illum
843 1373 1167 1454 protulitTheophrasti
1178 1374 1275 1435 locum

127 1490 155 1534 u
167 1473 291 1547 amoolo,
306 1481 345 1536 ut
356 1472 404 1548 aii,
417 1473 492 1535 libro
504 1475 541 1536 de
551 1472 670 1554 nuptiis,
685 1473 716 1534 in
728 1490 787 1553 quo
800 1484 962 1555 quaeratur,
978 1493 1015 1537 an
1026 1474 1070 1536 nir
1084 1475 1201 1556 sapiens
1218 1476 1274 1538 du·

127 1583 305 1638 utmorem.
337 1575 455 1638 Scilicet
468 1575 593 1638 dubitari
608 1593 668 1638 nou
679 1582 786 1656 potest,
799 1577 906 1640 iactum
918 1598 934 1640 a
944 1577 1148 1658 Theophrasto
1164 1596 1231 1639 esse
1244 1578 1274 1640 id

127 1678 194 1755 qnod
207 1685 444 1741 cousentaneum
458 1687 520 1740 erat
533 1678 564 1739 in
579 1677 627 1740 tali
642 1678 823 1759 quaestione,
838 1689 872 1742 nt
887 1687 916 1742 et
930 1698 1003 1761 quae
1016 1697 1073 1760 pro
1089 1679 1275 1742 matrimonio

26 1830 28 1843 ι
126 1788 232 1860 equae
251 1790 359 1844 contra
377 1780 519 1862 disputari
539 1789 675 1861 possent,
701 1782 800 1844 omnia
826 1791 1010 1864 congereret:
1032 1798 1127 1862 neque
1153 1801 1188 1843 ex
1209 1781 1275 1855 illis,

26 1870 28 1935 i
127 1900 190 1960 qaae
202 1882 418 1965 Hieronymus,
437 1882 560 1946 consilio
579 1901 635 1946 suo
656 1883 798 1957 seruiens,
814 1903 849 1946 ex
864 1885 951 1947 altera
966 1885 1053 1947 buius
1069 1884 1274 1966 disputationis

126 1994 196 2064 parte
212 1986 376 2066 excerpsit,
396 2003 470 2066 quaa
489 1995 589 2050 eontra
613 1988 833 2049 matrimonium
854 1989 960 2070 scripta
983 1997 1057 2061 erat,
1076 1986 1275 2068 consequitur,

126 2104 178 2148 non
191 2087 276 2150 mam
291 2088 326 2150 in
341 2088 484 2151 diversam
505 2090 695 2164 sententiam,
716 2091 774 2152 hoe
793 2098 840 2152 est
858 2109 913 2171 pro
933 2088 1135 2164 matrimonio,
1154 2089 1276 2151 multaa

125 2186 323 2271 Theophrasto
338 2190 483 2272 disputata
498 2192 596 2265 luisse,
612 2192 717 2273 quibus
731 2192 778 2254 iiia
793 2200 843 2254 aut
853 2193 1074 2255 confutarentur
1087 2199 1137 2253 aut
1150 2190 1276 2252 circum-

26 2360 27 2373 ,
125 2292 323 2357 schaeam.
349 2291 451 2369 Quid?
466 2294 544 2374 quod
563 2294 608 2357 illa
620 2295 693 2375 ipsa,
709 2313 782 2374 quae
792 2294 938 2376 excerpsit
950 2292 1155 2374 Hieronymus,
1166 2309 1228 2353 non
1240 2292 1276 2355 do

26 2414 27 2473 t
125 2396 306 2459 matrimonio
326 2395 357 2457 in
375 2395 558 2471 universum,
577 2396 629 2459 sod
650 2396 685 2458 de
707 2396 898 2459 matrimonio
918 2395 1060 2477 sapientis
1081 2392 1157 2456 dicta
1182 2402 1275 2467 erant,

26 2556 27 2585 ,
125 2496 149 2557 h.
166 2516 189 2558 e.
211 2498 303 2573 eius,
319 2499 368 2580 qui
393 2498 598 2580 philosophiae
619 2506 649 2560 et
670 2498 773 2561 litteris
798 2499 937 2561 studeret.
980 2498 1033 2560 llis
1059 2497 1147 2578 igitur
1170 2496 1275 2559 studiis

26 2640 27 2665 l
126 2598 342 2682 Theophrastus
358 2601 579 2663 matrimonium
596 2601 713 2663 officere
728 2601 877 2664 iudicarit:
896 2618 958 2663 non
977 2619 1069 2681 posse
1091 2599 1178 2662 simui
1191 2599 1275 2662 libris

26 2760 27 2765 ,
124 2704 243 2764 emori
265 2720 388 2783 operam
407 2703 483 2765 dari:
504 2704 612 2765 multos
632 2722 700 2766 esse
717 2721 900 2785 magnosque
919 2704 950 2767 in
969 2720 1092 2766 uxorem
1112 2710 1141 2764 et
1166 2701 1274 2762 liberos

26 2838 27 2845 κ
124 2814 247 2886 mmptus
264 2804 425 2879 radendos,
441 2806 580 2886 plmimaa
596 2807 725 2887 quotidie
738 2807 887 2869 molestias
901 2805 1120 2878 exhauriendas,
1136 2822 1211 2884 quae
1224 2822 1275 2865 ae-

123 2908 251 2986 quitatem
267 2907 359 2970 animi
373 2908 580 2990 perturbarent
593 2919 622 2971 et
637 2908 771 2972 alitteris
786 2915 955 2972 avocarent:
971 2907 1094 2988 denique
1110 2906 1192 2988 pirna
1208 2922 1274 2966 om-

124 3009 185 3072 nino
198 3029 283 3083 esse,
303 3028 377 3090 quae
391 3010 596 3074 dissuaderent
615 3011 796 3093 sapientibus
815 3010 1037 3074 matrimonium
1057 3009 1275 3089 liberorumque

123 3113 366 3191 memnonem,
390 3130 478 3194 mam
500 3132 573 3194 quae
588 3114 843 3188 commendarent,
858 3123 888 3176 et
902 3134 934 3175 cr
950 3113 987 3174 iis
1002 3113 1085 3193 ipsis,
1100 3132 1175 3194 quae
1191 3130 1274 3175 com·

124 3216 312 3280 mundationis
338 3234 426 3279 musa
451 3217 636 3291 afferrentur,
656 3216 781 3297 plurima
801 3217 831 3277 in
851 3216 1025 3278 contrariam
1045 3216 1143 3297 potius
1162 3222 1274 3295 partem

125 3320 244 3382 consuti
258 3336 360 3400 posse
391 3317 450 3380 Sed
465 3319 549 3399 quid,
565 3337 690 3399 quaeso,
705 3319 855 3399 pertinent
868 3319 939 3380 haec
953 3318 987 3380 ad
1004 3318 1145 3380 maiorem
1161 3324 1273 3398 partem

26 3472 27 3505 ,
125 3418 296 3485 bominum?
310 3419 361 3501 qui
375 3420 471 3492 istius,
487 3439 574 3501 quam
591 3420 814 3502 Theophrastus
829 3420 908 3493 dixit,
924 3418 1082 3499 sapientiae
1101 3437 1205 3500 parum
1221 3436 1274 3481 ou·

125 3522 200 3598 nusi,
215 3530 339 3586 naturae
353 3523 452 3603 ponus
466 3541 569 3585 nocent
584 3540 766 3603 sensumque
787 3539 974 3585 communem
995 3530 1165 3602 sequuntur,
1180 3540 1275 3602 neque

127 3625 211 3689 otiosa
225 3625 330 3688 vitain
345 3625 449 3687 umbra
464 3633 494 3687 et
507 3625 583 3688 inter
597 3624 691 3687 libros
706 3625 771 3701 frui,
785 3626 836 3687 sed
846 3624 927 3687 omni
941 3623 994 3685 viri
1008 3623 1080 3686 boni
1095 3642 1129 3686 ac
1143 3624 1212 3686 civis
1228 3624 1275 3685 ol·

125 3727 183 3790 ido
200 3728 316 3791 naviter
334 3727 415 3807 iungi
433 3727 544 3789 volunt
585 3727 660 3790 Nam
681 3727 710 3789 hi
731 3736 814 3802 sunt,
834 3728 954 3808 opinor,
965 3725 1071 3807 quibus
1087 3726 1275 3789 oeconomiae

125 3842 272 3913 praecepta
287 3829 350 3893 dari
366 3829 510 3892 convenit
554 3832 599 3892 iln
621 3830 774 3892 credemus
790 3829 888 3910 ipsum
902 3829 1124 3910 Hieronymum,
1143 3829 1275 3908 quamvis

126 3935 293 3996 amatioreru
309 3933 482 3996 coelibatum
494 3931 684 3995 matrimonio
707 3931 849 4004 crederet,
870 3929 896 3993 si
912 3932 987 3992 lorte
1002 3931 1038 3993 ad
1054 3932 1274 3995 oeconomicam

127 4034 283 4099 docendam
299 4035 486 4109 accessisset,
512 4052 573 4097 non
593 4036 684 4097 luisse
699 4042 796 4095 umen
816 4030 1035 4095 matrimonium
1051 4035 1276 4097 commendatu-

126 4154 200 4213 nun,
218 4148 253 4202 ut
277 4149 306 4201 ot
324 4146 447 4201 naturae
465 4137 641 4200 conveniens
658 4143 687 4198 et
705 4137 741 4198 ad
761 4153 825 4198 rem
844 4135 1036 4197 domesticam
1055 4146 1131 4198 recte
1150 4136 1275 4197 admini-

26 4258 27 4299 t
127 4242 266 4304 suaadam
280 4240 368 4323 plane
380 4238 602 4303 necessarium?
645 4240 686 4301 lta
698 4256 768 4319 crgo
784 4238 870 4301 etiam
883 4238 1105 4319 Theophrastus
1121 4238 1276 4299 matrimo-

26 4330 27 4363 ³
129 4342 212 4418 mum,
226 4345 338 4407 mand
353 4342 477 4424 sapienti
493 4360 548 4405 suo
563 4341 742 4416 dissuaserit,
758 4358 922 4402 oeconomo
938 4348 1015 4401 certe
1030 4358 1089 4400 non
1106 4338 1202 4418 potuit
1216 4354 1277 4398 non

26 4440 28 4471 ÷
129 4446 331 4510 commendare.
363 4446 401 4507 Et
414 4443 446 4505 ‘ut
461 4444 619 4507 domestica
633 4443 886 4506 administratione
901 4441 980 4503 iiluna
996 4440 1103 4518 pariter
1118 4446 1204 4514 atque
1218 4437 1278 4495 llo-
