3266 5140
863 468 925 530 414

792 557 884 565 ..η-..-
903 555 991 562 -υι-

313 658 449 733 detur⁰)‚
467 657 624 738 explicato,
650 658 757 719 addere
775 656 856 731 libet,
882 657 968 717 ctiam
985 654 1111 718 consutis
1124 673 1247 729 nomen,
1268 674 1326 736 quo
1340 657 1468 718 Romani

312 777 463 822 summum
480 759 523 821 rei
542 758 675 840 publicae
693 777 763 822 suae
777 757 982 837 magistratum
996 767 1066 837 post
1081 758 1160 837 leges
1176 758 1229 818 xli
1243 757 1405 821 &hidarum
1415 764 1424 801 ¹
1436 762 1466 836 ⁰)

310 863 501 943 appellarunt,
517 862 649 942 quamvis
665 880 740 923 sono
755 868 784 923 et
798 861 890 941 stirpe
901 861 1056 935 diversum,
1070 861 1096 922 vi
1109 869 1206 922 tamen
1217 870 1246 922 et
1257 861 1467 940 significatione

310 966 379 1028 Osci
394 966 524 1027 nominis
540 965 717 1027 simillimum
734 985 810 1027 esse.
833 964 908 1026 Nam
924 964 999 1026 sicut
1014 964 1163 1025 consulere
1177 971 1206 1024 et
1219 966 1330 1027 mcdm
1342 1001 1384 1011 -
1398 984 1466 1027 rno-

310 1068 348 1129 do
368 1067 519 1148 propriam
540 1086 574 1128 ae
591 1067 767 1146 primitivam
787 1067 873 1128 huius
888 1066 965 1127 verbi
981 1065 1222 1145 significationem
1237 1076 1335 1129 teneas
1349 1102 1393 1112 -
1407 1069 1467 1129 lere

309 1187 471 1250 synonyma
486 1177 564 1243 eunt,
579 1168 618 1230 ita
633 1168 794 1241 consulem,
810 1189 824 1229 a
841 1168 1022 1230 consulendo
1037 1168 1167 1231 dietum¹
1183 1173 1209 1246 ¹)
1229 1171 1350 1251 proprie
1364 1170 1465 1232 itidem

309 1278 340 1334 ut
355 1271 519 1334 Meddicum
537 1271 610 1333 nihil
628 1271 705 1334 alind
725 1290 812 1351 pam
832 1280 998 1332 curatorem
1020 1288 1086 1331 esse
1101 1271 1240 1333 dicemus.
1281 1271 1373 1333 Multo
1388 1279 1466 1333 certe

307 1375 367 1436 veri
394 1373 517 1436 similior
541 1383 586 1436 est
606 1374 679 1436 haec
698 1372 828 1436 nominis
847 1372 1015 1453 explicatio,
1041 1372 1186 1435 retenhus
1209 1374 1296 1435 etiam
1317 1373 1466 1454 plerisque

307 1476 430 1555 probata
440 1482 449 1519 ¹
461 1478 504 1553 ²),
521 1496 607 1557 quam
623 1479 703 1557 quod
718 1476 878 1539 Niebuhrio
893 1475 1014 1554 placuit¹
1026 1477 1066 1552 ³),
1083 1476 1220 1538 consules
1240 1484 1395 1556 propterea
1417 1476 1465 1538 di·

275 1585 291 1634 6
310 1586 387 1652 ctos,
408 1578 474 1659 qnia
490 1579 549 1640 duo
564 1589 663 1641 essent
677 1587 706 1641 et
719 1579 803 1660 quasi
820 1590 983 1653 coement,
1004 1587 1036 1640 ut
1050 1577 1188 1658 collegae,
1211 1596 1226 1639 a
1242 1597 1296 1640 con
1309 1579 1465 1659 praeposi·

308 1680 388 1743 tione
402 1691 431 1744 et
445 1680 505 1755 aul,
526 1683 609 1743 cuius
625 1681 749 1762 syllabae
764 1682 839 1743 hanc
853 1680 911 1742 vim
927 1700 993 1742 esse
1006 1681 1080 1753 vult,
1102 1690 1134 1742 nt
1148 1681 1220 1742 nihil
1234 1681 1310 1742 alind
1326 1681 1384 1743 nisi
1399 1700 1465 1743 cum

307 1786 358 1863 qui
370 1795 411 1845 cat
425 1783 573 1863 significet.
585 1816 628 1829 --
642 1783 737 1845 Porro
752 1784 867 1846 sirecte
882 1785 1049 1846 Muellerus¹
1061 1788 1091 1861 ⁴)
1108 1784 1249 1847 Sabinum
1265 1800 1375 1845 nornen
1390 1783 1465 1845 Met-

306 1895 366 1958 tus,
394 1884 658 1948 Latinum‘Mcttiacs
676 1887 777 1949 eadem
792 1896 878 1967 atque
894 1887 1003 1949 Oscum
1018 1886 1140 1949 Mcdda‘m
1152 1905 1218 1948 esse
1233 1886 1346 1959 statuit,
1371 1886 1466 1948 simile

308 1989 377 2067 quid
397 1988 427 2049 in
447 1989 505 2050 hoe
519 1988 634 2062 accidit,
655 2008 742 2070 quarn
757 1990 836 2069 quod
851 1989 883 2051 in
898 1990 1006 2052 Graeco
1022 1985 1146 2071 μέδων,
1166 1998 1198 2051 nt
1213 1990 1368 2071 proprium
1384 1991 1465 2053 lieret

306 2108 340 2150 er
356 2090 536 2170 appellativo.
569 2091 643 2153 Nam
659 2090 825 2153 Medontem
840 2111 1014 2173 praeconem
1030 2094 1225 2165 ithacensem‚
1245 2100 1296 2154 aut
1310 2090 1389 2154 illurn
1405 2091 1460 2153 Co·

306 2192 352 2253 dri
376 2194 453 2272 regis
478 2193 585 2267 lilium,
612 2194 691 2255 unde
713 2195 946 2258 Medontidarnm
966 2195 1073 2258 tanrilla
1093 2197 1236 2275 originem
1256 2194 1350 2272 duxit,
1375 2213 1463 2257 nemo

306 2296 429 2375 ignorat.

374 2541 398 2605 9)
418 2540 601 2592 Dabitntionern
613 2540 689 2591 alicui
705 2540 815 2591 fortasse
827 2543 935 2593 moverit
950 2543 1075 2605 geminata
1086 2543 1173 2593 littera
1185 2541 1209 2608 d,
1223 2556 1296 2608 quum
1308 2538 1462 2607 irequentins

305 2632 375 2677 certe
392 2626 499 2679 Macota
515 2643 540 2679 v.
558 2625 659 2678 Medulis
676 2640 748 2692 quum
765 2625 855 2678 Medic
871 2628 978 2692 legatur.
1002 2628 1053 2679 Vix
1070 2634 1151 2678 manen
1168 2628 1215 2677 hoc
1226 2627 1313 2677 valere
1326 2630 1419 2693 poterit
1430 2626 1461 2677 ad

305 2712 458 2778 propositam
475 2711 624 2763 sententiam
641 2711 841 2780 convellendam,
857 2713 977 2779 siqnidem
994 2713 1055 2763 nihil
1070 2714 1101 2764 de
1118 2712 1309 2778 orthographiae
1326 2710 1408 2762 Oscae
1420 2724 1461 2761 ra-

305 2797 374 2848 tione
386 2803 539 2863 compertum
559 2802 613 2861 est,
626 2795 667 2846 eni
680 2796 735 2861 quis
747 2801 802 2847 tuto
813 2797 932 2849 insistere
943 2799 1036 2865 possit,
1049 2805 1076 2850 et
1087 2798 1222 2865 simplicem
1234 2796 1341 2863 dipsam
1353 2796 1461 2848 tabulam

304 2882 433 2934 Bantinam
449 2881 541 2932 halare
558 2882 583 2932 in
599 2881 695 2948 aliquot
707 2881 847 2942 vomentis.
864 2898 926 2949 quae
943 2898 999 2934 cum
1014 2883 1104 2934 medic
1119 2889 1224 2947 cognata
1241 2882 1372 2945 videntur,
1385 2895 1462 2948 snpra

303 2968 450 3018 monuimus.
474 2967 624 3019 Produetam
640 2966 743 3032 primum
765 2966 899 3033 syllabam,
912 2983 986 3034 quum
1004 2967 1094 3019 Latina
1109 2969 1219 3019 eiusdem
1237 2967 1323 3035 stirpis
1339 2965 1460 3017 vocabula

303 3053 406 3105 brevem
418 3052 533 3115 habeant,
552 3052 735 3118 comparaveris
749 3067 803 3102 eum
816 3050 913 3103 Graeco
923 3048 1081 3123 pittacum,
1095 3054 1160 3121 quod
1172 3053 1267 3120 pariter
1278 3069 1308 3104 uc
1318 3050 1461 3123 μέδεσθαι,

303 3138 402 3189 dicitnr.

374 3222 413 3287 10)
431 3222 490 3274 Vid.
503 3220 594 3273 Zonar.
607 3221 697 3273 Annei.
709 3220 763 3286 Vll,
778 3222 818 3273 19.

372 3324 412 3389 11)
431 3323 481 3375 Vel
493 3324 576 3391 potius
588 3324 620 3376 nb
632 3339 671 3389 eo,
684 3326 749 3376 unde
763 3326 809 3375 hoe
820 3325 901 3392 ipsum
913 3326 1012 3378 dantum
1025 3334 1072 3391 est,
1090 3326 1168 3378 verbo
1180 3326 1295 3379 absolate
1307 3342 1392 3380 conso.
1422 3326 1459 3379 Gi.

301 3409 377 3461 Voss.
390 3408 475 3477 Btpm.
488 3425 510 3461 s.
522 3426 548 3463 v.
561 3412 699 3464 consentio
721 3409 859 3462 Foroellin.
872 3426 893 3463 s.
906 3426 932 3462 v.
944 3416 1086 3464 ememtes.

372 3513 412 3577 12)
431 3512 513 3564 Carbo
525 3528 564 3580 ap.
578 3513 629 3565 Cic.
641 3515 673 3565 de
686 3529 723 3564 or.
735 3511 765 3576 11,
777 3513 819 3579 39,
834 3512 891 3563 165.
915 3511 985 3564 ntor.
1001 3513 1024 3580 1,
1034 3514 1058 3581 9,
1069 3513 1094 3565 2.
1118 3513 1238 3582 Pompon.
1250 3516 1276 3568 in
1286 3515 1387 3567 Enclir.
1401 3515 1456 3580 ntg.

304 3601 326 3666 1,
336 3598 361 3663 2,
374 3599 399 3663 2,
414 3598 452 3665 ld,
463 3600 580 3650 eonsules
592 3607 728 3666 propterea
740 3600 821 3650 dictos
831 3599 912 3666 aiunt,
931 3600 987 3666 quia
1004 3600 1165 3653 consulerent
1177 3601 1274 3652 civibus
1288 3608 1316 3653 et
1328 3602 1365 3652 rei
1377 3601 1458 3668 publi-

301 3700 358 3736 cae:
371 3685 452 3735 ulnas
464 3684 627 3752 probabiliter
638 3683 721 3738 Varro
739 3684 769 3736 L.
782 3683 812 3735 1..
824 3684 856 3736 V.
875 3683 901 3751 ⁸,
920 3686 977 3752 quia
992 3685 1156 3738 consulerent
1165 3687 1284 3754 populana
1295 3694 1323 3737 et
1334 3694 1457 3738 senatum.

301 3771 453 3837 Quanquam
464 3769 547 3821 Varro
563 3771 618 3838 ipse
629 3771 692 3822 haue
708 3771 859 3821 sententiam
876 3769 1019 3822 debitam
1035 3772 1165 3840 proponit,
1184 3788 1264 3839 neque
1280 3773 1378 3840 spernit
1389 3772 1458 3824 illarn

300 3856 412 3922 alteram,
423 3856 495 3907 cuins
507 3857 583 3908 etiam
594 3856 697 3907 Aedem
713 3862 843 3907 auctorem
859 3856 921 3908 citat
936 3856 961 3908 in
979 3857 1070 3909 Bruto:
1087 3858 1145 3925 „qut
1161 3865 1232 3909 recte
1243 3859 1360 3909 oonsnlat
1371 3859 1458 3910 eoasnl

299 3940 381 3993 inat.“
398 3940 533 4009 Perperam
545 3949 628 3994 antem
640 3940 809 4009 Quintilianus
822 3940 840 3991 1.
854 3940 886 3991 0.
897 3940 919 4007 1,
930 3941 954 4006 6,
967 3941 999 3992 32
1013 3944 1130 3994 causales
1142 3959 1157 3995 a
1171 3944 1326 3996 consulendo
1339 3951 1456 4011 propter-

300 4040 330 4077 ea
347 4027 429 4078 dictos
446 4029 538 4094 eradit,
555 4029 612 4095 qnia
625 4027 757 4081 maculare
772 4034 876 4080 veteres
893 4027 968 4078 etiarn
985 4043 1030 4095 pro
1046 4028 1161 4081 iudicare
1171 4030 1295 4095 dixerint,
1313 4031 1384 4081 caina
1396 4044 1457 4080 nsas

299 4119 471 4177 argumentum
484 4129 541 4164 csse
554 4115 670 4180 opinatur
681 4114 850 4182 loquutionem
862 4114 922 4165 boni
932 4114 1072 4179 consulere,
1085 4116 1174 4182 quippe
1186 4131 1250 4182 quae
1260 4116 1323 4167 idem
1332 4115 1460 4180 signifieat

298 4206 374 4266 atque
387 4201 480 4251 bonna
490 4198 612 4252 inaiiooee.
633 4198 700 4250 llaec
714 4197 825 4250 raietare
837 4214 886 4250 non
904 4200 984 4265 magis
1002 4214 1064 4268 opus
1079 4207 1121 4252 est
1133 4216 1204 4268 quam
1220 4199 1320 4252 ioannis
1332 4200 1398 4269 Lydi
1410 4217 1458 4252 nn-

299 4299 345 4349 gas
357 4286 388 4336 de
400 4285 551 4349 magistratt.
565 4284 588 4346 l,
601 4282 634 4334 30
646 4298 670 4350 p.
684 4283 717 4334 52
729 4282 804 4334 fleas.

370 4387 409 4451 13)
429 4385 707 4454 Hiet.donr.tam.1p.
721 4386 778 4437 543.
793 4386 843 4437 544
855 4388 895 4439 ed.
909 4387 933 4439 2.

369 4473 409 4537 14)
428 4471 529 4523 Etruse.
541 4477 600 4523 tom.
613 4470 624 4522 l
635 4488 659 4539 p.
671 4471 704 4523 23
716 4478 743 4523 et
754 4472 786 4523 ad
797 4471 901 4524 Festum
914 4487 937 4540 p.
953 4473 1009 4526 123.
