3154 5138
883 468 945 536 322

338 670 391 733 ret,
406 659 455 739 qul
468 658 666 721 coniecturam
678 655 805 719 veritatis
817 655 962 719 conficere
972 673 1032 718 uon
1044 656 1197 737 potuisset,
1212 660 1311 716 contra
1326 653 1481 717 aberrare

337 761 545 824 coniectura
559 778 635 834 eum,
649 759 700 841 qui
715 759 784 822 lolsa
796 757 961 823 coniectura
972 777 1034 821 rem
1046 764 1284 839 prosequeretur,
1300 756 1408 835 (voluit,
1422 758 1483 838 opi·

336 882 408 937 nor,
429 864 680 944 persequeretur);
699 862 757 925 hoc
776 879 830 942 ego
850 861 889 923 ita
908 860 1092 942 probandum
1113 878 1233 935 conseo,
1254 859 1279 921 si
1299 859 1485 923 coniecturam

337 965 464 1029 veritatis
478 982 540 1027 non
554 983 619 1028 earn
634 983 700 1027 esse
714 964 816 1037 voluit,
836 982 923 1044 quam
938 962 1137 1044 Wopkensius
1153 962 1224 1025 dixit
1243 981 1261 1026 a
1279 960 1365 1023 bonis
1384 961 1487 1041 princi·

336 1068 393 1148 piis
416 1067 493 1131 benc
512 1067 735 1148 procedentem,
757 1074 861 1147 etqua
881 1064 947 1146 quis
967 1064 1092 1145 proinde
1110 1065 1260 1129 veritatem
1279 1064 1488 1145 adsequeretur,

337 1169 388 1232 sed
404 1187 468 1231 mm
482 1168 665 1249 simpliciter,
685 1187 742 1249 qua
756 1168 822 1249 quis
837 1187 902 1231 sese
917 1167 953 1231 ad
975 1166 1127 1231 veritam
1145 1167 1301 1248 pervenire
1319 1185 1409 1246 posse
1427 1185 1490 1246 spe·

336 1280 428 1346 raum,
448 1271 478 1333 id
494 1270 573 1351 quod
587 1268 619 1331 in
633 1269 793 1350 quamlibet
805 1272 1005 1332 coniecturam
1024 1269 1127 1332 cadere
1145 1277 1284 1351 apparet,
1302 1268 1430 1343 etiamsi,
1446 1267 1492 1349 qni

337 1391 402 1436 cam
417 1372 498 1447 lacit,
513 1390 529 1434 a
545 1372 697 1453 principiis
711 1386 774 1434 non
787 1372 889 1447 bonis,
906 1372 959 1434 sed
974 1390 1048 1452 quae
1061 1370 1120 1452 ipsi
1133 1379 1233 1435 umen
1247 1370 1328 1434 bona
1341 1370 1493 1442 videacw,

337 1475 485 1556 procedat
519 1474 549 1537 ls
563 1473 651 1552 igitur
664 1472 799 1537 abemare
813 1495 830 1537 a
845 1474 1010 1538 molestum
1025 1473 1082 1537 dici
1095 1473 1216 1555 poterit,
1235 1473 1263 1536 si
1277 1480 1413 1553 coelum
1427 1489 1494 1534 con·

339 1577 463 1640 iactandi
476 1577 565 1650 mam,
587 1584 655 1639 ante
669 1594 758 1655 qnam
771 1576 808 1639 ad
823 1577 932 1639 exitum
947 1576 1123 1657 pervenerit,
1142 1576 1262 1639 deserat
1278 1583 1366 1657 atque
1381 1573 1495 1636 omittat

339 1680 524 1759 Quamquam
539 1695 605 1741 vera
620 1678 708 1741 huius
722 1677 903 1759 loquutionis
918 1679 1049 1760 exempla
1063 1678 1141 1760 apud
1156 1685 1272 1741 veteres
1283 1678 1445 1758 scriptores
1455 1675 1497 1737 in·

338 1780 431 1843 veniri
445 1779 493 1842 vix
508 1780 610 1842 credo:
626 1799 699 1861 quae
712 1780 791 1842 enim
806 1797 871 1841 esse
886 1782 1054 1857 creduntur,
1068 1780 1227 1843 manifesto
1245 1782 1320 1844 lnlca
1334 1787 1413 1843 sunt.
1438 1777 1498 1840 Pri·

338 1900 421 1946 mum
436 1891 540 1945 nostro
556 1884 621 1946 loco
636 1882 694 1945 dici
712 1881 844 1961 prolecto
864 1900 927 1945 non
944 1885 1055 1966 potuit,
1072 1883 1151 1958 illos,
1170 1883 1207 1946 dc
1227 1883 1343 1965 quibus
1359 1882 1442 1946 Cotta
1457 1879 1499 1941 lo-

338 1985 450 2066 quitur,
470 1985 629 2048 desciuisse
644 1983 679 2046 ab
695 1983 764 2046 inita
778 1984 943 2048 coniectura
959 1985 1084 2050 veriatis
1104 2004 1232 2067 cunque
1252 1985 1423 2049 deseruisse
1441 1989 1500 2044 anto

339 2106 427 2168 quam
442 2088 587 2150 conficere
606 2086 787 2168 potuissent:
810 2096 1001 2167 perrexerunt
1019 2088 1096 2150 enim
1116 2107 1163 2162 ea,
1184 2107 1245 2170 qua
1267 2094 1445 2169 coeperant,
1463 2083 1502 2146 via

339 2187 530 2252 coniectando
545 2189 715 2269 procedere,
731 2188 824 2251 donco
839 2198 1033 2269 pervenerunt
1047 2191 1082 2253 ud
1094 2190 1335 2266 conclusionem,
1349 2185 1502 2271 quaeipsis

338 2310 404 2354 vora
423 2290 582 2355 videbatur.
617 2291 817 2366 Quamobrem
838 2291 862 2353 si
878 2291 1062 2368 aberrarunt,
1087 2300 1277 2356 nontamen
1298 2302 1380 2357 certe
1400 2312 1417 2355 a
1438 2308 1505 2352 oon-

338 2393 456 2467 iectura,
471 2393 524 2455 sed
540 2393 824 2467 averoaloermrunt,
839 2394 923 2474 isque
937 2412 1022 2457 error
1036 2413 1097 2457 non
1112 2395 1141 2458 in
1153 2415 1190 2459 eo
1203 2405 1340 2470 constat,
1357 2393 1436 2475 quod
1448 2404 1505 2453 non

339 2495 527 2558 conlocarunt
546 2494 757 2569 coniecturam,
782 2495 833 2558 sod
854 2497 909 2559 luit
927 2495 1000 2559 haec
1018 2496 1082 2577 ipsa
1101 2498 1277 2562 coniectura
1298 2496 1447 2561 aberratio
1466 2494 1507 2555 di·

339 2596 537 2677 caudamque
551 2604 632 2659 tanto
644 2596 768 2676 gravior,
785 2606 895 2680 quanto
910 2598 1003 2678 magis
1018 2598 1048 2661 in
1063 2618 1096 2662 ea
1111 2609 1358 2681 perseverarunt.
1389 2598 1507 2661 ahena

338 2705 408 2761 runt
422 2699 510 2779 igitur
524 2699 689 2762 conlectura
705 2699 766 2762 sive
780 2701 971 2764 coniectando
987 2720 1004 2763 a
1020 2700 1146 2764 coiaco
1177 2703 1275 2777 Quod
1293 2711 1397 2766 autem
1414 2701 1443 2762 iu
1462 2718 1509 2761 cc·

338 2800 451 2863 dicibuo
468 2821 488 2863 o
502 2800 668 2864 coniectura
684 2802 825 2883 scriptum
841 2811 895 2877 est,
910 2803 1084 2866 conturbare
1099 2803 1285 2884 prudentem
1299 2804 1439 2869 criticum
1452 2818 1508 2865 uon

336 2904 457 2983 poterit,
473 2901 499 2964 si
518 2903 706 2982 reputaverit,
726 2922 814 2985 quam
833 2904 972 2986 proclivis
992 2923 1077 2967 error
1095 2905 1226 2969 librariis
1249 2908 1359 2983 fuerit,
1379 2906 1431 2988 qui
1450 2921 1509 2966 curo

337 3004 493 3069 odorrandi
508 3004 594 3066 verim
609 3012 731 3086 propter
744 3005 840 3087 ipsam
859 3007 937 3068 hauc
956 3007 1207 3088 praepositionem
1230 3010 1414 3075 necessario
1432 3007 1513 3071 etiarn

336 3125 400 3168 rom
419 3106 539 3168 iudicari
559 3106 665 3168 dehere
684 3106 848 3182 crederent,
869 3107 920 3170 ahs
936 3127 993 3190 qua
1008 3110 1073 3190 quie
1094 3109 1260 3175 aberraret
1297 3113 1416 3176 Eadem
1435 3109 1515 3189 mitur

337 3209 409 3272 lalsa
429 3207 569 3288 opinione
592 3208 702 3271 inducti
727 3211 814 3272 etiam
840 3209 871 3271 in
895 3230 939 3273 or.
959 3211 1087 3292 Philipp.
1106 3211 1169 3285 Xll,
1190 3211 1226 3287 9,
1249 3213 1298 3278 23
1319 3214 1516 3297 scripserunt:

336 3327 442 3385 nunc,
462 3328 607 3390 quaeso,
628 3311 816 3387 attendite,
830 3330 913 3375 num
928 3313 1098 3378 aberrata
1113 3314 1344 3381 coniectura
1359 3313 1516 3398 suspicio

336 3411 486 3493 periculi
506 3413 582 3475 mei.
617 3412 717 3476 Cicero
737 3413 822 3476 dixit:
842 3433 923 3477 num
943 3416 1084 3479 aborret
1099 3415 1342 3483 coniectori.
1379 3419 1455 3483 Nam
1474 3413 1518 3497 qui

335 3513 509 3594 suspicatur,
524 3514 666 3578 coniectat
680 3514 740 3577 sivo
754 3517 950 3580 coniecturam
962 3518 1038 3594 lacit,
1054 3535 1111 3599 qua
1123 3519 1308 3585 coniaemm
1321 3530 1377 3586 aut
1387 3521 1516 3583 morare

335 3635 351 3678 a
366 3635 435 3679 vero
456 3624 506 3679 aut
524 3634 585 3679 non
603 3617 737 3680 aberrare
755 3625 862 3698 potest.
891 3620 978 3693 Quod
992 3627 1090 3683 annm
1105 3620 1142 3685 de
1161 3623 1371 3705 suspicante,
1393 3625 1472 3688 idam
1487 3621 1519 3684 de

335 3718 504 3799 suspicione
518 3718 575 3781 dici
593 3728 704 3799 potest,
725 3720 973 3801 quemadmodum
995 3740 1214 3802 saepenumero
1238 3725 1276 3789 in
1297 3728 1453 3792 actionem
1472 3724 1519 3787 ali·

335 3820 418 3883 cuius
433 3829 483 3883 aut
497 3820 667 3884 attributum
679 3823 896 3885 transferuntur
911 3822 1043 3899 dicendo,
1059 3842 1133 3906 quac
1143 3827 1251 3908 magis
1264 3833 1402 3913 proprie
1412 3831 1450 3893 de
1459 3830 1520 3908 ipsc

337 3921 456 3984 homine
471 3922 589 3985 dicenda
605 3932 696 3987 erant.
732 3924 772 3986 lta
787 3943 842 4006 pro
857 3944 893 3987 eo
905 3926 983 4006 quod
998 3933 1056 3989 ost:
1076 3925 1193 4003 Cicero,
1217 3933 1396 4014 suspicans
1410 3931 1521 4016 pericu·

283 4031 315 4081 27
337 4023 408 4099 lum,
422 4023 536 4087 aberrat
550 4026 740 4089 coniectando
756 4026 816 4088 siva
830 4027 1004 4103 coniectura,
1018 4027 1075 4091 dici
1089 4037 1192 4113 potest
1206 4034 1310 4098 ctiam
1327 4036 1392 4100 sic:
1412 4036 1524 4098 deero

337 4126 384 4189 nis
396 4126 526 4207 suspicio
538 4127 658 4208 periculi
669 4128 784 4191 aberrat
795 4130 986 4194 coniectando
998 4130 1060 4193 siva
1070 4130 1261 4198 coniectura.
1278 4172 1329 4186 -
1357 4138 1435 4203 Vera
1445 4134 1522 4201 toci·

334 4238 445 4293 servata
459 4238 504 4292 est
518 4229 605 4310 inep.
622 4230 658 4292 ad
669 4230 753 4293 Attio.
769 4231 841 4305 xlv,
857 4231 909 4306 22,
924 4234 956 4295 1;
971 4250 1112 4309 vereor,
1126 4251 1169 4296 ne
1186 4238 1295 4303 nihil
1311 4242 1524 4305 coniectori

334 4331 506 4394 aberrem:
527 4350 702 4413 quamquam
722 4332 759 4396 ibi
780 4352 896 4417 qnoque
915 4334 988 4399 lnlsa
1004 4335 1090 4400 lectio
1108 4344 1154 4399 est
1172 4337 1211 4402 in
1234 4342 1450 4411 Cratandrina
1467 4339 1524 4407 edi·
