3164 5138
837 490 1006 553 68·

760 577 962 588 ——-—--

912 604 919 617 ¹
959 598 965 609 Ι

284 675 400 756 quidem
415 675 470 738 iste
490 677 526 738 ad
542 676 716 757 singularem
730 695 887 739 numerum
903 697 919 738 a
934 676 1037 756 plurali
1052 678 1204 754 transitus,
1220 686 1252 741 ut
1272 674 1442 743 πλανᾶται

283 778 396 841 dicator
410 787 438 840 et
452 773 627 864 παρήορος,
651 799 742 860 quum
757 787 840 842 antea
858 780 896 840 sit
914 770 1443 866 ὅνδρας-κειμέναας-βεβηκάῐας-

281 872 430 961 ὑπτίους,
452 899 514 944 non
528 882 617 945 habet
631 884 709 963 quod
725 884 854 962 peritum
867 882 1007 943 lectorem
1023 883 1158 959 ollondat,
1173 892 1203 946 ct
1217 893 1262 947 sat
1275 884 1366 947 multa
1376 883 1441 946 eius

282 985 413 1065 exempla
433 984 552 1053 collecta
572 985 692 1047 suntab
707 986 877 1047 Heindorllo
900 985 935 1046 ad
950 985 1065 1046 Platon.
1092 984 1180 1066 Gorg.
1207 987 1293 1063 ato.
1323 987 1441 1066 Protag.

282 1092 300 1167 b
322 1089 373 1151 28.
417 1087 543 1165 Reisigio
565 1087 693 1151 Coniect.
723 1088 755 1149 in
774 1087 922 1167 Aristoph.
949 1106 978 1167 p.
1003 1087 1076 1162 153,
1097 1087 1267 1155 Hermanno
1287 1088 1323 1151 ad
1343 1089 1441 1169 Vigor.

280 1210 309 1270 p.
326 1189 404 1265 9343
418 1198 545 1253 attamen
556 1190 643 1251 nobis
660 1190 777 1270 quidem
794 1189 891 1270 paullo
908 1188 1082 1254 concinnior
1101 1192 1195 1254 oratio
1215 1192 1338 1254 existere
1356 1191 1439 1253 aide-

280 1300 336 1369 tur,
352 1293 378 1355 si
390 1293 551 1356 scribamus

423 1392 481 1458 καὶ
501 1388 578 1477 βίου
598 1389 705 1481 χρήμή
728 1389 855 1458 πλάναι
875 1416 912 1459 τε
933 1391 991 1458 καὶ
1012 1390 1086 1472 νόος
1108 1392 1285 1483 παρήορος,

280 1508 312 1560 ut
326 1506 422 1578 poeta,
435 1509 629 1579 posteaquam
644 1499 720 1561 mala
734 1499 825 1561 multa
838 1500 974 1562 universe
988 1499 1168 1579 significavit,
1178 1501 1237 1562 iam
1249 1499 1362 1580 singula
1372 1517 1439 1560 ma-

279 1600 377 1663 lorum
391 1618 496 1680 genera
511 1602 638 1663 maxime
652 1602 776 1681 insignia
792 1611 1019 1677 commemoret,
1034 1622 1157 1684 eamque
1177 1600 1438 1666 commemoratio-

279 1722 349 1764 nem
375 1704 511 1784 adiungat
536 1722 590 1785 per
616 1703 807 1784 copulativam
834 1706 1018 1785 particulam,
1044 1707 1123 1787 quod
1150 1706 1269 1786 quidem
1294 1701 1440 1789 συνήθεις

280 1803 389 1890 σχῆμα
411 1826 426 1868 a
447 1806 594 1868 Strabone
616 1806 722 1869 dicitur
735 1806 784 1868 lib.
801 1807 813 1867 l
828 1809 927 1889 capi
947 1829 976 1890 p.
994 1809 1034 1872 63
1052 1810 1195 1885 Tarona„
1212 1808 1359 1888 multaque
1373 1807 1437 1871 eiua

278 1909 394 1988 generis
409 1910 539 1990 exempla
552 1918 581 1970 et
595 1910 750 1972 Homerica
764 1930 780 1971 a
795 1909 955 1986 Strabone,
975 1920 1005 1973 et
1018 1911 1142 1974 aliorum
1161 1912 1198 1974 nb
1212 1911 1277 1974 aliis
1298 1920 1438 1992 congesta

279 2020 363 2087 sunt,
390 2031 516 2093 quorum
538 2013 698 2075 nonnullos
719 2012 871 2075 citavimus
886 2013 922 2074 ad
945 2013 1062 2076 Isaeum
1080 2034 1110 2095 p.
1134 2014 1204 2077 185.
1233 2007 1380 2079 ΥΠλάναι
1399 2032 1438 2074 τε

279 2133 347 2177 cuna
372 2111 541 2178 πλανᾶται
570 2135 658 2196 quam
684 2114 764 2177 lacile
789 2136 806 2177 a
830 2115 955 2178 librariis
981 2118 1139 2195 permutari
1164 2116 1294 2197 potuerit
1319 2113 1438 2179 cuilibet

278 2227 412 2300 apparet3
431 2212 505 2293 νόος
525 2226 623 2280 autem
644 2210 811 2301 παρήορος
830 2236 891 2280 non
908 2218 1008 2280 minus
1022 2227 1102 2281 recte
1116 2219 1230 2296 dicitur,
1245 2238 1334 2302 quam
1357 2210 1437 2303 ἀνήρ

279 2313 448 2404 παρήορος
468 2313 559 2397 νόου,
583 2322 611 2383 it
633 2321 713 2401 qnod
728 2320 771 2381 vel
791 2320 859 2381 illud
873 2321 1039 2383 Archilochi
1058 2322 1093 2383 lr.
1112 2321 1203 2383 Lxxt
1222 2341 1252 2403 p.
1271 2323 1332 2384 176
1353 2320 1436 2383 Lieb.

277 2423 465 2485 manifestum
481 2424 561 2486 lacit:
583 2416 635 2498 τίς
654 2419 715 2497 σὰς
736 2417 899 2506 παρήειρε
920 2417 1049 2508 φρένας.
1100 2425 1183 2486 Conl.
1210 2432 1240 2486 et
1265 2419 1438 2509 παρήορον

278 2514 370 2605 ἶν’μμα
389 2527 467 2606 apud
486 2527 680 2608 Tryphiotlor.
696 2545 721 2587 ν.
735 2525 809 2598 373,
832 2535 861 2586 et
879 2525 932 2587 alia
948 2526 1034 2588 buius
1053 2526 1184 2589 adiectivi
1206 2528 1339 2609 exempla
1357 2527 1437 2609 apud

276 2627 388 2691 lacobs.
413 2629 449 2690 ad
461 2631 576 2693 Anthol.
596 2630 618 2703 l,
642 2631 700 2708 lp.
720 2628 789 2690 160.
800 2628 835 2701 ll,
855 2630 870 2689 1
887 2648 917 2710 p.
937 2628 1281 2693 athamanticum
1301 2631 1433 2712 Aeschyl

278 2732 378 2795 Prona.
394 2752 420 2795 v.
436 2731 498 2795 363
513 2731 611 2812 (371).

245 2842 260 2891 5
363 2834 572 2915 Progredimur
599 2833 637 2895 ad
664 2833 845 2908 Almanam,
879 2835 961 2897 cuius
989 2835 1105 2916 insigne
1133 2838 1329 2916 fragmentum
1357 2844 1436 2899 extat

275 2941 354 3022 apud
390 2936 578 3020 Apollonium
611 2936 680 2997 Lea.
715 2935 801 2997 llom.
837 2956 866 3016 p.
901 2937 963 3000 407
1003 2938 1093 3013 loll,
1134 2940 1212 3019 apud
1246 2939 1436 3005 Welckerum

275 3062 304 3123 p.
335 3042 391 3104 25:

441 3135 605 3206 Εὕόσοσιν
627 3132 757 3221 δόρέων
778 3137 924 3228 κορυφαί
945 3163 982 3205 σε
1002 3139 1060 3205 καὶ
1082 3137 1257 3228 φάραγγες,

520 3240 648 3330 πρῶνές
667 3262 704 3303 τε
725 3239 783 3305 καὶ
803 3238 977 3327 χαράδραι,

442 3344 529 3435 φῦλά
551 3367 587 3409 τε
610 3340 733 3429 ἕρπεεα
754 3336 877 3409 θ’ὅσσα
897 3342 1011 3433 τρέφει
1033 3343 1174 3428 μέλαινα
1196 3350 1284 3432 μαῖα,

522 3443 623 3535 θῆρές
642 3439 675 3510 τ’
692 3440 852 3533 ὀρεσκῷοι
871 3446 929 3511 καὶ
945 3444 1037 3530 γένος
1056 3447 1231 3531 μελισσῶν,

440 3550 497 3618 καὶ
519 3543 658 3615 κνώδαλ)
672 3534 712 3613 ἓν
732 3547 894 3633 βένθεσσι
916 3550 1092 3639 πορφυρᾶς
1114 3546 1201 3629 ἁλός.

361 3658 440 3721 Ηεασ
455 3658 552 3719 omnia
568 3654 735 3737 planissima
751 3664 780 3716 ct
794 3654 962 3735 incorrupta
978 3665 1056 3730 sunt,
1072 3655 1130 3717 nisi
1150 3658 1230 3736 quod
1245 3674 1332 3719 versu
1346 3660 1433 3722 tertio

276 3760 383 3842 aliquid
412 3760 559 3823 turbatum
591 3776 657 3820 csse
681 3757 877 3837 suspicamur.
922 3759 1065 3821 Welclreri
1097 3758 1216 3839 pidem
1245 3760 1431 3838 sententiam,

276 3859 365 3949 φῦλά
386 3883 423 3925 τε
444 3855 566 3945 {bucco}
587 3880 623 3922 τε
648 3878 703 3939 pro
724 3854 811 3944 φῦλα
833 3851 981 3945 {aanor
1002 3862 1181 3941 accipientis,
1202 3864 1329 3925 latemur
1341 3863 1431 3926 nobis

276 3960 433 4028 obscuram
445 3986 525 4028 esse:
541 3962 723 4044 nequeenim
735 3962 947 4043 apparet'quid
958 3963 1027 4025 illud
1039 3964 1163 4026 alterum
1173 3959 1211 4027 τέ
1225 3973 1295 4045 post
1309 3959 1434 4049 ἕρπετα

275 4070 437 4150 significare
451 4068 582 4131 voluerit.
627 4065 665 4126 Ut
680 4082 760 4126 nunc
774 4084 878 4126 versus
889 4066 1017 4145 scriptus
1033 4076 1162 4142 estnon
1176 4075 1274 4147 potest
1294 4069 1433 4149 explicari

275 4172 332 4233 nisi
346 4172 396 4245 sic
407 4179 441 4233 ut
454 4167 541 4256 φῦλα
562 4168 731 4229 universum
747 4185 839 4247 genus
854 4169 1047 4232 animantium
1062 4170 1226 4250 significare
1240 4170 1330 4246 dicas,
1351 4171 1433 4251 quod

274 4293 328 4357 per
355 4270 393 4335 τέ
420 4272 591 4353 particulam
620 4269 753 4343 eumilo,
784 4288 856 4349 quae
881 4272 964 4352 prius
980 4281 1308 4348 commemoratarum,
1328 4264 1432 4355 ὀρέων

271 4369 425 4463 κορυφαί,
448 4369 627 4462 φάραγγες,
650 4368 790 4457 πρῶνες,
811 4367 989 4457 χαράδραι,
1014 4377 1223 4455 coniungatur,
1243 4375 1311 4437 dein
1332 4384 1432 4441 autem

272 4499 375 4547 nuans
390 4479 420 4541 in
435 4486 533 4562 partes
548 4495 617 4539 suas
629 4475 820 4559 dispescatur,
835 4496 960 4560 quarum
978 4479 1074 4561 prima
1092 4481 1152 4543 sint
1172 4472 1315 4569 ἕρπεεα,
1339 4480 1431 4547 altera
