3276 5144
817 474 968 572 jet—

317 662 389 739 498,
407 663 457 725 32.
492 663 549 724 Sed
565 663 594 727 in
610 662 714 735 verbis,
730 681 805 744 quae
821 664 857 726 de
872 664 936 726 adr.
952 683 981 744 p.
998 661 1069 734 544,
1088 662 1115 722 1.
1131 659 1160 721 2.
1176 660 1219 722 εἰσ
1233 659 1341 741 scripta
1354 665 1474 724 extant:

317 757 375 828 οίκ
397 755 545 827 booron
566 751 622 825 οὖν
636 760 692 827 cdv
714 759 826 850 ἕκητι
849 760 1029 845 σύνδεσμον
1044 754 1123 826 ὄντα
1139 808 1146 824 .
1163 809 1195 823 ..
1218 780 1280 824 πει
1293 758 1476 847 στερήσεως

316 864 524 951 γεγενῆσθαι,
540 885 594 948 pro
606 886 665 928 πει
677 868 815 947 equidem
826 869 856 931 in
869 869 968 932 codice
980 886 1033 930 σει
1044 884 1107 928 enee
1119 865 1302 938 crediderim,
1312 867 1475 947 scriptum-

316 969 374 1051 que
394 970 487 1031 fuisse
506 963 541 1031 δν
555 964 719 1032 ,συνθέσει
738 963 928 1054 στερήσεως.
972 970 1048 1032 Nam
1070 963 1221 1051 στέρησις
1240 974 1362 1033 vocatur
1376 969 1475 1049 ipsum

315 1072 385 1134 illud
405 1058 431 1134 α
448 1066 640 1155 οτερητικδν
672 1071 721 1150 (cl.
742 1090 772 1153 p.
788 1074 865 1148 547,
886 1072 966 1149 di),
996 1080 1027 1133 et
1052 1064 1087 1133 ίν
1112 1064 1267 1133 συνθέσει
1292 1064 1476 1165 στερήσεωὲ·

315 1173 471 1255 γίνεσθαι
492 1174 597 1236 eodem
620 1176 710 1238 modo
731 1175 841 1238 dictum
862 1183 907 1237 eet
925 1182 1013 1255 atque
1035 1166 1070 1235 ἐν
1089 1170 1279 1256 προσθέσει
1293 1166 1365 1235 ἐστί
1379 1170 1439 1234 τοῦ
1454 1190 1477 1235 o

314 1273 355 1340 τὸ
376 1269 501 1350 οὕτως
523 1276 639 1359 pute,
659 1275 706 1351 13,
730 1270 764 1338 ἐν
785 1269 941 1361 ἀποβολῇ
961 1277 1021 1343 τοῦ
1036 1262 1063 1352 ἶ
1079 1268 1249 1356 γενόμενον
1261 1271 1301 1338 εδ
1315 1269 1475 1359 ὑπόδρα

315 1398 345 1461 p.
361 1380 432 1451 550,
453 1379 479 1439 l.
500 1376 540 1441 τδ
563 1374 600 1441 td
622 1380 695 1463 ῥεῖα
718 1372 751 1440 lv
771 1376 972 1462 πλεονασμῷ
986 1373 1058 1441 ioci
1072 1365 1204 1459 εοῦῖρ.
1219 1379 1291 1455 562,
1308 1379 1338 1441 9.
1361 1379 1475 1461 aliaque

314 1484 423 1566 passim
438 1483 553 1545 similia.
563 1515 605 1527 -—
619 1481 686 1543 llox
697 1502 724 1543 v.
737 1483 756 1543 5
772 1483 803 1543 in
816 1483 872 1556 hie,
889 1475 920 1545 εί
935 1476 1035 1556 ὅλως
1048 1475 1134 1543 κατὰ
1148 1473 1326 1565 οίπόηνασιν
1340 1475 1477 1566 τὴντῶν

315 1580 536 1665 συνδεομένιον
550 1579 864 1665 παρελαμβάνοντο,
887 1585 971 1646 deest
985 1584 1066 1647 verbi
1085 1584 1251 1646 subiectum
1267 1602 1364 1663 neque
1377 1603 1414 1646 ex
1429 1584 1474 1658 iia,

317 1706 392 1770 quae
406 1697 644 1769 praecesserunt,
660 1687 779 1767 intelligi
795 1694 903 1769 potest.
927 1687 1064 1767 Scripsit,
1087 1687 1206 1767 opinor,
1221 1685 1395 1766 Apollonius
1414 1703 1476 1748 non

317 1791 448 1853 otiosum
467 1791 538 1853 illud
558 1789 728 1852 adverbium
744 1783 837 1864 ὅλως,
864 1789 915 1851 sed
932 1781 950 1852 δ
968 1782 1079 1872 loyce:
1105 1789 1136 1851 oi
1161 1788 1367 1851 enuntiatio
1393 1807 1475 1851 cum

316 1894 512 1976 negatione
538 1893 823 1956 coniunctorum
849 1892 1082 1974 proferatur,
1108 1893 1138 1954 b.
1154 1912 1181 1954 e.
1207 1893 1250 1955 sic
1274 1899 1307 1953 ut
1327 1910 1401 1973 quae
1422 1910 1476 1974 per

317 1997 553 2059 coniunctionem
570 2014 702 2059 connexa
713 2003 784 2058 sunt
793 2004 938 2078 negentur
947 1996 997 2071 (cl.
1010 1996 1046 2058 de
1057 1994 1133 2058 coni.
1147 2014 1175 2075 p.
1188 1994 1259 2068 498,
1273 1995 1343 2074 22),
1359 1987 1477 2076 λόγον

317 2088 389 2161 obed
401 2100 548 2184 συναφής
568 2116 717 2161 connexae
738 2118 791 2181 per
805 2100 1042 2162 coniunctionem
1057 2097 1272 2161 enuntiationes
1287 2097 1427 2161 dicuntur
1439 2097 1477 2159 de

318 2202 394 2265 coni.
410 2221 440 2282 p.
452 2201 525 2276 518,
542 2201 571 2263 ε.

400 2304 434 2366 P.
450 2305 512 2367 445
538 2296 652 2388 ἀέκητι
670 2325 707 2367 er
730 2294 868 2368 είεκασεί
888 2304 1000 2366 lactum
1020 2322 1085 2367 esee
1105 2303 1221 2377 dicitur,
1244 2302 1356 2365 abiecta
1378 2301 1476 2367 littere

318 2391 395 2482 o-,et
409 2394 537 2470 αἰωνίου
548 2393 614 2491 ἰση
627 2414 749 2470 mutata.
793 2408 896 2488 ltaque
911 2426 937 2469 v.
954 2408 973 2468 6
993 2425 1054 2469 σου
1069 2399 1281 2488 ἐνδεήσαντος
1294 2408 1356 2468 τοῦ
1369 2389 1403 2482 ἶ,
1424 2407 1478 2469 sed

317 2503 529 2593 ἐνδεήσαντος
539 2494 829 2573 εοῦσειείίνευδυσε
838 2510 905 2584 fuit,
914 2509 1195 2590 quemadmodumv.
1206 2509 1478 2592 ldrecteseriptum

316 2620 371 2675 est.
391 2646 436 2658 -
454 2613 488 2674 P.
505 2613 576 2687 546,
601 2612 636 2674 9:
662 2609 703 2675 σδ
727 2604 862 2695 ήνορέα,
885 2604 1013 2674 ἁπλοῦν
1034 2605 1210 2690 νοούμενον
1231 2604 1414 2689 δποίνσστε,
1438 2606 1477 2676 οὗ

316 2709 570 2799 καταστήσεται.
612 2715 884 2795 interpunctionem
900 2714 1071 2777 mutandam
1087 2731 1163 2787 esee,
1182 2722 1218 2774 ut
1230 2713 1401 2777 adverbium
1416 2733 1476 2778 non

316 2836 384 2881 cum
404 2818 556 2899 participio
578 2818 714 2880 sedtum
730 2817 819 2880 verbo
841 2825 1044 2891 construatur,
1065 2825 1146 2879 recte
1161 2817 1323 2880 Skrzecaka
1345 2819 1476 2894 monuit3

318 2912 486 2983 δπιίντοεε
500 2928 609 2994 autem,
632 2920 711 2999 quod
726 2919 805 2981 idem
820 2919 864 2981 vir
879 2919 1067 2982 doctissimos
1082 2938 1151 2982 cum
1167 2913 1300 2994 πάντως
1313 2921 1477 3001 permutari

317 3024 423 3097 voluit,
443 3023 561 3085 tolerari
582 3041 671 3104 posse
690 3031 773 3103 puto.
794 3057 838 3067 —
856 3021 924 3085 llox
945 3042 971 3083 v.
991 3024 1029 3084 10
1051 3041 1126 3104 quae
1145 3023 1296 3102 leguntur,
1323 3018 1414 3101 παρὰ
1434 3020 1476 3086 εδ

315 3117 414 3210 ἀνήρ
434 3114 457 3209 ἢ
475 3119 534 3208 τήν
554 3116 696 3207 ἀνέρος
718 3118 854 3208 γενικήν,
877 3114 900 3207 ip*
920 3119 979 3208 τήν
993 3118 1253 3208 σογκεκομμίνην
1268 3117 1414 3207 ἀνδρός
1433 3122 1474 3188 εδ

315 3220 461 3312 ήνορία
483 3221 682 3308 συστήσεται
703 3217 726 3311 ἢ
747 3217 901 3307 ιίνερία,
928 3217 973 3301 οἷς
996 3219 1133 3309 αἰθέρος
1155 3218 1310 3307 αἰθερία,
1333 3246 1395 3289 non
1416 3229 1475 3291 tlu-

314 3332 376 3394 bito
388 3331 459 3412 quin
471 3330 513 3391 sic
523 3330 690 3409 refingenda
701 3331 777 3391 sint:
795 3319 854 3391 οὐκ
865 3319 1009 3412 ήνορία
1024 3323 1232 3411 συστήσεται,
1246 3320 1315 3392 ἀλλ’
1326 3321 1473 3413 οίνερία.

316 3435 452 3497 Ceterum
467 3432 643 3494 conferenda
658 3439 738 3505 eunt,
755 3450 831 3512 quae
846 3431 883 3493 tle
893 3423 1008 3516 ήνορέη
1024 3439 1053 3495 et
1064 3421 1182 3514 c’vdpt'o
1193 3432 1332 3495 dicuntur
1346 3434 1382 3496 de
1397 3434 1475 3497 coni.

315 3556 345 3617 pt
362 3536 434 3608 loo,
451 3534 502 3596 22.
647 3589 652 3597 ,

399 3639 521 3700 Gravior
534 3637 700 3718 corruptela
715 3644 761 3699 eol
774 3658 803 3721 p.
820 3638 892 3710 547,
909 3636 963 3698 21:
992 3626 1077 3698 ἄλλά
1099 3631 1201 3723 φήσει
1223 3657 1274 3713 τις
1289 3629 1353 3712 δἐι,
1376 3628 1475 3721 εἴπερ

316 3735 461 3825 δοίημεν,
480 3733 574 3819 παρὰ
595 3734 634 3800 τδ
649 3735 786 3823 ψευδιῖ
807 3735 864 3801 καὶ
884 3735 998 3823 σαφεῖ
1018 3735 1061 3801 σὰ
1083 3730 1229 3819 ὀνόματα
1251 3733 1383 3820 ἐγίνετο.
1412 3739 1476 3802 Lo-

316 3843 417 3924 quitur
430 3842 600 3924 Apollonius
619 3842 655 3903 de
674 3841 821 3903 adiectivis
836 3837 962 3925 ψευδής
976 3851 1007 3904 et
1021 3836 1139 3927 σαφής,
1161 3861 1237 3923 quae
1256 3844 1319 3923 ipse
1335 3860 1397 3904 non
1410 3843 1476 3924 pri·
1571 3851 1579 3863 ·

315 3946 408 4008 mitus
428 3944 555 4007 everbia
570 3953 644 4018 orla,
661 3944 713 4006 sed
728 3964 765 4006 er
779 3935 929 4026 ἀψευδής
944 3951 974 4006 et
990 3936 1122 4028 ἀσαφής
1135 3945 1211 4007 foeta
1225 3964 1292 4006 esse
1306 3945 1377 4007 vult.
1408 3945 1474 4019 nui,

316 4065 442 4128 quorum
468 4065 548 4109 nunc
573 4047 749 4109 sententiam
771 4045 826 4108 sibi
848 4046 957 4127 opponi
979 4047 1079 4126 lingit,
1101 4046 1280 4127 probabilius
1300 4047 1475 4128 putabanta

315 4149 410 4212 verbis
424 4146 541 4232 ψευδεῖ
555 4156 585 4210 et
599 4149 700 4232 ocpoi
717 4149 766 4213 illa
785 4148 911 4211 derivata
932 4167 1007 4223 esse,
1030 4149 1055 4211 si
1070 4149 1159 4213 modo
1174 4148 1387 4217 concederetur
1401 4149 1477 4213 haec

316 4251 412 4326 verba,
432 4270 507 4333 quiae
527 4269 673 4332 nusquam
695 4258 885 4331 comparent,
906 4251 1065 4332 praesumi.
1110 4251 1173 4315 lloo
1187 4250 1267 4315 euim
1286 4260 1409 4332 apparet
1430 4252 1475 4314 si-

315 4355 445 4438 gnificari
469 4354 565 4417 verbis
591 4343 627 4415 εἴ
649 4346 793 4435 δοίημεν,
817 4370 997 4435 quamquam
1017 4353 1131 4436 planior
1145 4354 1223 4417 foret
1237 4354 1331 4416 oratio
1346 4354 1377 4415 in
1392 4353 1475 4416 huno

316 4458 440 4528 modum
461 4456 661 4523 conformata:
688 4448 751 4530 ὅτι,
776 4446 874 4539 ε’ίπερ
897 4449 1033 4543 δοίημεν
1047 4452 1086 4517 εδ
1108 4451 1244 4540 ψευδεῖ
1266 4452 1324 4537 καί
1343 4452 1474 4542 σοφώ,
