3276 5144
811 487 961 584 Q

305 671 354 759 τῷ
376 667 522 758 αόρίστῳ
545 670 721 756 διδομένου
744 670 891 756 γίγνεται
913 666 1170 756 παρακείμενος,
1201 661 1271 737 οἷον
1293 667 1471 759 ἐποίησα

307 769 398 856 α’ρτι
424 814 468 825 -
496 772 743 861 πεποίηκα·
777 774 836 839 τοῦ
870 774 908 841 dt
933 770 1043 839 πάλαι
1071 769 1338 861 προσνεμομένου
1367 769 1469 858 ὕπερ-

306 876 662 964 constituerimus,
684 867 755 943 οἷον
776 872 959 964 ἐποίησα
981 869 1467 962 πάλαι-ἐπεποιήκειν.

306 983 501 1046 Cboerobosc.
527 1002 556 1065 p.
575 983 671 1057 1281,
701 982 755 1045 18:
790 974 899 1045 ἰστέον
931 977 969 1046 δὲ
997 972 1050 1044 ὅτι
1078 974 1096 1044 ὁ
1125 974 1302 1067 ἀόριστος,
1329 974 1386 1043 tes
1411 977 1471 1062 μὲν

306 1079 483 1172 προσλάβῃ
512 1081 552 1148 τὸ
582 1075 690 1169 ὅρτι,
721 1076 915 1164 ἶσοδονοιμεῖ
940 1081 988 1171 τῷ
1009 1081 1261 1169 παρακειμένῳ,
1282 1119 1326 1130 -
1346 1079 1470 1145 -1ἀν

307 1180 543 1272 δὲ’προσλάβῃ
558 1182 597 1250 τὸ
620 1181 765 1262 πάλαι,
788 1179 984 1268 ἶσοδοναμεῖ
996 1189 1044 1273 τῷ
1060 1179 1334 1270 ὑπερσοντελικῷ.
1367 1187 1470 1267 itaque

305 1291 483 1353 οοε1εο1οοο
495 1290 566 1352 illud
580 1285 666 1351 κατὰ
681 1281 857 1376 ἀπόφασιν
870 1291 940 1353 ferri
955 1309 1015 1353 non
1029 1296 1137 1372 potest,
1152 1289 1311 1371 repetitum
1327 1289 1469 1352 nimirum

305 1390 414 1454 librarii
439 1410 539 1455 errore
563 1412 600 1454 er
625 1409 709 1454 rersn
725 1391 775 1466 29,
793 1392 849 1468 30;
875 1394 1047 1475 Apollonius
1067 1400 1164 1454 autem
1188 1400 1239 1453 aut
1260 1383 1308 1465 εἷς
1322 1382 1471 1474 ἔμφασιν

305 1495 430 1575 scripsit,
457 1502 508 1556 aut
529 1493 652 1556 fortasse
680 1485 727 1568 εἷς
750 1484 935 1578 ἀπόφασιν,
959 1495 1039 1577 quod
1067 1495 1242 1556 vocabulum
1269 1512 1358 1574 quam
1382 1494 1469 1555 facile

306 1615 374 1660 cum
395 1598 486 1660 altero
506 1597 667 1679 permutari
687 1597 817 1677 potuerit
836 1598 867 1659 in
891 1597 991 1660 oculos
1011 1597 1145 1671 incurrit,
1168 1602 1296 1677 suntque
1316 1596 1379 1657 eius
1399 1615 1462 1679 per·

307 1699 478 1762 mutationis
503 1699 636 1779 exempla
662 1698 813 1779 complura
839 1700 1011 1761 aBekbero
1037 1706 1177 1771 correcta,
1203 1698 1281 1759 velut
1295 1685 1338 1758 'de
1358 1705 1469 1761 constr.

307 1821 336 1884 p.
352 1801 425 1873 245,
442 1800 471 1862 3.
489 1800 561 1873 277,
580 1801 608 1862 1.
624 1798 695 1874 279,
712 1801 760 1863 19.
777 1800 849 1876 285,
863 1800 892 1863 3.
907 1835 950 1848 ·-
964 1802 997 1863 P.
1015 1800 1086 1874 536,
1103 1798 1145 1861 28
1160 1800 1350 1880 impugnatur
1363 1819 1469 1862 eorum

308 1904 463 1977 sententia,
489 1903 540 1983 qui
567 1893 662 1980 οἴμοι
683 1910 713 1963 et
738 1893 826 1982 ὤμοι
849 1924 885 1965 ex
911 1895 949 1965 οἵ
967 1912 998 1967 ε1
1021 1893 1048 1966 εἷ’
1070 1921 1138 1965 cum
1165 1902 1261 1963 dativo
1283 1902 1469 1984 pronominis

309 2006 474 2088 composita
488 2025 554 2067 esse
569 2004 743 2067 censebant:
771 1996 811 2068 od
833 2024 920 2090 φασι
940 2001 979 2068 τὸ
1001 1997 1097 2083 οἷ’μοι
1117 1994 1141 2087 ἢ
1161 1992 1410 2082 deotissime,
1433 1995 1470 2066 ἐκ

310 2104 348 2172 δὲ
369 2099 595 2187 ἀντωνομικοῢ
615 2103 675 2170 τοῦ
695 2099 769 2187 μοί
790 2106 847 2171 καὶ
868 2108 928 2170 τοῦ
950 2099 993 2171 οἷ’
1011 2096 1034 2192 ἢ
1055 2096 1084 2168 ὦ
1105 2100 1341 2169 σοντάσσεθαι.
1378 2108 1468 2189 Apol·

308 2212 423 2275 lonium
446 2228 508 2273 non
533 2210 584 2284 sio,
607 2210 658 2273 sed
684 2218 735 2272 aut
759 2211 820 2273 τοῦ
840 2202 932 2290 ἐμοί
953 2216 1004 2272 aut
1024 2210 1148 2272 tortasse
1169 2207 1227 2271 τοῦ
1249 2202 1337 2289 ἐμοί
1357 2198 1381 2293 ἢ
1401 2209 1471 2288 μοί

308 2315 462 2397 scripsisse
476 2313 568 2395 ipsius
584 2312 669 2375 rerba
684 2313 772 2375 fidem
788 2314 899 2376 iaciunt
913 2333 942 2394 p.
954 2311 1026 2385 537,
1040 2311 1073 2373 ³:
1091 2302 1144 2374 ὅτι
1158 2302 1225 2383 κατ’,
1242 2308 1288 2386 ὥς
1303 2303 1468 2393 ἔφαμεν,

308 2414 347 2480 τὰ
370 2411 493 2501 πλῆρες
512 2415 571 2500 τῆς
592 2416 703 2500 φωνῆς
725 2406 901 2478 ἀκούουσιν
922 2404 951 2477 (ii
971 2407 1081 2495 ἐμοί,
1105 2405 1151 2488 ὥς
1172 2406 1240 2492 ἔχει
1262 2410 1357 2498 stopo?
1376 2413 1469 2496 Παρ·

309 2512 428 2602 θενίῳ·
458 2508 486 2580 d
510 2512 580 2598 ἐμὲ
605 2512 676 2601 τὴν
701 2513 751 2579 τοὶ
771 2512 964 2599 περισσά.
1010 2517 1147 2579 Ceterum
1172 2536 1256 2579 suam
1283 2517 1319 2578 de
1344 2517 1391 2578 his
1418 2534 1469 2578 ex-

310 2621 532 2685 clamationibus
547 2621 723 2682 sententiam
739 2621 911 2703 Apollonius
932 2619 1022 2681 etiam
1037 2619 1073 2680 de
1088 2637 1224 2701 pronom.
1244 2640 1274 2701 p.
1291 2620 1331 2680 42
1346 2620 1470 2700 profert,

309 2744 434 2805 eamque
453 2744 470 2787 a
490 2722 636 2805 plerisque
660 2723 813 2803 probatam
836 2742 900 2784 esse
922 2727 1047 2787 constat.
1090 2723 1153 2785 vid.
1174 2723 1360 2804 Epimerism.
1380 2722 1417 2783 il.
1440 2724 1471 2784 in

312 2827 443 2891 Cramcri
464 2825 573 2888 Anecd.
595 2825 687 2887 Paris.
708 2824 757 2899 iii,
778 2844 807 2906 p.
824 2825 897 2887 338.
942 2824 1043 2887 Orion.
1065 2844 1094 2905 p.
1111 2826 1181 2899 171,
1203 2826 1232 2888 6.
1276 2825 1374 2906 Etpm.
1394 2825 1469 2887 Gud.

309 2951 339 3014 p.
356 2930 428 3004 578,
445 2929 495 2991 35.
511 2963 554 2974 -
568 2929 603 2990 Ιο
617 2929 720 2991 eadem
735 2927 932 3008 disputatione
945 2945 975 3008 p.
992 2926 1064 2998 537,
1080 2927 1117 2989 21
1133 2945 1204 3003 non,
1220 2927 1471 3009 quemadmodum

310 3034 461 3096 bekkerus
481 3031 587 3105 edidit,
609 3021 648 3093 o’c'
657 3031 716 3109 μοί
729 3051 805 3111 μοι,
829 3031 880 3093 sed
906 3030 1086 3092 coniunctim
1106 3022 1263 3110 οἷμοιμοῖ
1281 3028 1470 3092 scribendum

309 3136 402 3198 fuisse
418 3153 511 3216 quum
526 3154 563 3196 ex
576 3134 714 3197 universo
730 3133 818 3196 huius
833 3133 889 3196 ioci
904 3139 1053 3205 contextu,
1073 3140 1137 3194 turn
1153 3153 1170 3194 c
1184 3152 1213 3213 p.
1229 3132 1301 3206 588,
1317 3133 1357 3194 25
1374 3134 1471 3195 mani-

310 3239 420 3301 festum
446 3245 504 3299 est:
538 3231 581 3298 τοὶ
608 3230 814 3317 πρωτότοπα
839 3229 934 3298 utto
963 3227 1191 3318 ὁπωσδήποτε
1217 3235 1470 3319 περισπᾶσθαι,
1590 3237 1600 3244 “

310 3333 355 3415 ὣς
368 3331 436 3419 ἔχει
450 3334 489 3401 τὸ
511 3330 708 3418 οἶμοιμοῖ
727 3334 784 3400 καὶ
797 3333 837 3400 τὸ
860 3330 1008 3400 ὀτοτοῖ
1026 3332 1081 3400 καὶ
1095 3334 1135 3398 τὸ
1159 3329 1332 3417 οἰοιοῖβ)
1368 3337 1470 3400 Paullo

310 3442 385 3505 infra
399 3461 428 3524 p.
445 3441 517 3514 537,
533 3440 574 3509 28
589 3441 711 3521 legitur:
728 3432 845 3515 netgo*
869 3432 942 3519 οὐχὶ
957 3435 1015 3502 καὶ
1038 3436 1164 3520 ysicius
1186 3433 1221 3502 ἐν
1240 3440 1291 3523 τῷ
1312 3431 1411 3503 οἷοιοὶ
1433 3434 1471 3502 ἐκ

309 3544 420 3625 τρίτου
441 3536 666 3623 οἷντωνομικοῦ
680 3543 929 3625 παρακεῖσθαιι
945 3544 1062 3625 scripsit
1082 3552 1181 3605 autem
1195 3543 1259 3605 sine
1274 3543 1364 3606 dubio
1378 3543 1470 3625 Apol·

309 3648 407 3711 louius
426 3640 461 3710 ἐν
481 3647 529 3731 τῷ
550 3637 578 3707 oi
585 3665 603 3709 ο
615 3637 675 3707 ιοί
695 3641 735 3708 τὰ
759 3632 800 3708 οἷ
819 3637 854 3708 ἔκ
876 3666 923 3727 τρ.
940 3637 1007 3708 α’ντ.
1024 3666 1103 3726 παρ.
1118 3682 1160 3691 -
1174 3645 1207 3707 Ρ.
1223 3645 1294 3717 338,
1311 3651 1469 3726 postquam

310 3750 498 3833 propositum
521 3755 567 3809 est
587 3748 666 3810 nulia
689 3749 776 3812 verba
796 3767 812 3811 a
828 3747 1054 3831 pronominibus
1068 3749 1181 3830 primae
1195 3754 1225 3810 et
1239 3749 1385 3811 secundae
1400 3766 1470 3829 per·

309 3870 408 3927 sonae‚
432 3842 492 3914 dsc'
514 3843 722 3933 ἀντωννμιῶν
743 3851 807 3914 τῶν
821 3845 906 3914 κατὰ
920 3847 959 3912 cd
976 3848 1108 3934 πρῶτον
1122 3841 1145 3936 ἢ
1160 3844 1318 3933 δεύτερον,
1342 3851 1471 3914 derivata

310 3976 384 4030 esse,
404 3955 552 4019 adduntur
565 3955 650 4018 haec:
673 3951 901 4035 προστέθεικα
916 3947 954 4016 δὲ
977 3951 996 4014 δ
1004 3948 1155 4034 εύτερα,
1181 3947 1255 4016 ἐπεὶ
1270 3948 1329 4016 καὶ
1342 3948 1381 4016 τὸ
1395 3941 1469 4017 dni

310 4051 422 4143 τρίτου
436 4051 669 4143 παραγόμενον
683 4051 869 4139 σύνορθρον
884 4049 955 4118 ἔστι
975 4051 1033 4118 καὶ
1053 4050 1158 4139 ταύτῃ
1179 4045 1311 4137 ἄλογον·
1331 4050 1415 4136 λέγω
1429 4051 1471 4118 td

310 4152 547 4247 σφετερίζω.
582 4161 640 4223 Sed
655 4159 843 4223 scribendum
859 4167 918 4222 est:
942 4152 1168 4242 προστέθεικα
1184 4154 1222 4221 δὲ
1243 4155 1309 4221 καὶ
1331 4152 1472 4221 δεύτε-

379 4418 404 4482 2)
422 4416 448 4469 in
469 4419 555 4470 sedern
575 4419 664 4486 pagins
677 4420 726 4471 588
739 4434 763 4471 ν.
775 4418 809 4471 28
829 4418 907 4472 scribi
924 4417 1011 4470 debuit
1026 4412 1270 4486 perarmemus
1283 4413 1314 4469 rb
1327 4411 1390 4469 ιύοί
1399 4415 1473 4471 κατά

310 4500 393 4557 τοῦτο
406 4499 601 4573 σημειώσεων,
614 4521 662 4557 non
676 4499 743 4558 εὐοῖ.
765 4504 878 4557 Notatur
889 4506 954 4556 enim
966 4505 1048 4556 altera
1060 4505 1195 4573 scriptura,
1207 4513 1236 4556 ut
1248 4520 1295 4555 non
1307 4502 1443 4573 probanda.
