<?xml version="1.0" encoding="UTF-8"?>
<!DOCTYPE html PUBLIC "-//W3C//DTD XHTML 1.0 Transitional//EN"
    "http://www.w3.org/TR/xhtml1/DTD/xhtml1-transitional.dtd">
<html xmlns="http://www.w3.org/1999/xhtml" xml:lang="en" lang="en">
 <head>
  <title>
</title>
<meta http-equiv="Content-Type" content="text/html;charset=utf-8" />
  <meta name='ocr-system' content='tesseract 3.04.00' />
  <meta name='ocr-capabilities' content='ocr_page ocr_carea ocr_par ocr_line ocrx_word'/>
</head>
<body>
  <div class='ocr_page' id='page_1' title='image "./opusculaacademi00schogoog_0031.png"; bbox 0 0 3164 5138; ppageno 0'>
   <div class='ocr_carea' id='block_1_1' title="bbox 800 408 1000 504">
    <p class='ocr_par' dir='ltr' id='par_1_1' title="bbox 800 408 1000 504">
     <span class='ocr_line' id='line_1_1' title="bbox 800 408 1000 504; baseline -0.01 0"><span class='ocrx_word' id='word_1_1' title='bbox 800 408 1000 504; x_wconf 64' lang='lat'>‚²⁰-</span> 
     </span>
    </p>
   </div>
   <div class='ocr_carea' id='block_1_2' title="bbox 320 592 1575 799">
    <p class='ocr_par' dir='ltr' id='par_1_2' title="bbox 320 592 1575 799">
     <span class='ocr_line' id='line_1_2' title="bbox 320 592 1575 695; baseline -0.002 -37"><span class='ocrx_word' id='word_1_2' title='bbox 320 601 383 669; x_wconf 86' lang='lat' dir='ltr'>tur,</span> <span class='ocrx_word' id='word_1_3' title='bbox 398 595 521 675; x_wconf 85' lang='lat' dir='ltr'>ideoque</span> <span class='ocrx_word' id='word_1_4' title='bbox 534 605 568 658; x_wconf 89' lang='lat' dir='ltr'>ut</span> <span class='ocrx_word' id='word_1_5' title='bbox 581 593 617 657; x_wconf 88' lang='lat' dir='ltr'>ab</span> <span class='ocrx_word' id='word_1_6' title='bbox 632 594 840 675; x_wconf 80' lang='lat' dir='ltr'><strong>interpolatore</strong></span> <span class='ocrx_word' id='word_1_7' title='bbox 854 595 994 657; x_wconf 78' lang='lat' dir='ltr'>insertam</span> <span class='ocrx_word' id='word_1_8' title='bbox 1015 593 1104 657; x_wconf 83' lang='lat' dir='ltr'><strong>recidi</strong></span> <span class='ocrx_word' id='word_1_9' title='bbox 1119 594 1189 667; x_wconf 86' lang='lat' dir='ltr'>vult,</span> <span class='ocrx_word' id='word_1_10' title='bbox 1205 612 1232 674; x_wconf 93' lang='lat' dir='ltr'>p.</span> <span class='ocrx_word' id='word_1_11' title='bbox 1257 592 1326 656; x_wconf 80' lang='lat'><strong>129.</strong></span> <span class='ocrx_word' id='word_1_12' title='bbox 1369 593 1478 657; x_wconf 79' lang='lat' dir='ltr'>libuis-</span> <span class='ocrx_word' id='word_1_13' title='bbox 1572 656 1575 695; x_wconf 40' lang='lat' dir='ltr'>l</span> 
     </span>
     <span class='ocr_line' id='line_1_3' title="bbox 322 696 1575 799; baseline -0.003 -38"><span class='ocrx_word' id='word_1_14' title='bbox 322 717 374 761; x_wconf 88' lang='lat' dir='ltr'>sus</span> <span class='ocrx_word' id='word_1_15' title='bbox 386 698 502 759; x_wconf 91' lang='lat' dir='ltr'>tandem</span> <span class='ocrx_word' id='word_1_16' title='bbox 516 717 530 760; x_wconf 86' lang='lat' dir='ltr'>a</span> <span class='ocrx_word' id='word_1_17' title='bbox 544 696 667 761; x_wconf 76' lang='lat' dir='ltr'>Nestore</span> <span class='ocrx_word' id='word_1_18' title='bbox 679 697 829 760; x_wconf 73' lang='lat' dir='ltr'><strong>Patroclus</strong></span> <span class='ocrx_word' id='word_1_19' title='bbox 842 697 986 777; x_wconf 80' lang='lat' dir='ltr'>Eurypylo</span> <span class='ocrx_word' id='word_1_20' title='bbox 1003 698 1130 760; x_wconf 81' lang='lat' dir='ltr'>oectnrit</span> <span class='ocrx_word' id='word_1_21' title='bbox 1144 698 1213 758; x_wconf 91' lang='lat' dir='ltr'>item</span> <span class='ocrx_word' id='word_1_22' title='bbox 1229 697 1337 773; x_wconf 92' lang='lat' dir='ltr'>saucio,</span> <span class='ocrx_word' id='word_1_23' title='bbox 1352 715 1478 777; x_wconf 90' lang='lat' dir='ltr'>eumque</span> <span class='ocrx_word' id='word_1_24' title='bbox 1573 758 1575 799; x_wconf 48' lang='grc'>1</span> 
     </span>
    </p>
   </div>
   <div class='ocr_carea' id='block_1_3' title="bbox 222 798 1576 3443">
    <p class='ocr_par' dir='ltr' id='par_1_3' title="bbox 222 798 1576 3443">
     <span class='ocr_line' id='line_1_4' title="bbox 320 798 1575 901; baseline -0.002 -38"><span class='ocrx_word' id='word_1_25' title='bbox 320 808 468 882; x_wconf 87' lang='lat' dir='ltr'>petentem</span> <span class='ocrx_word' id='word_1_26' title='bbox 488 800 519 862; x_wconf 90' lang='lat' dir='ltr'>in</span> <span class='ocrx_word' id='word_1_27' title='bbox 533 800 626 881; x_wconf 89' lang='lat' dir='ltr'>ipsius</span> <span class='ocrx_word' id='word_1_28' title='bbox 641 801 797 864; x_wconf 89' lang='lat' dir='ltr'>tentorium</span> <span class='ocrx_word' id='word_1_29' title='bbox 815 800 931 862; x_wconf 80' lang='lat' dir='ltr'>deducit</span> <span class='ocrx_word' id='word_1_30' title='bbox 951 798 1119 881; x_wconf 85' lang='lat' dir='ltr'>vulnerique</span> <span class='ocrx_word' id='word_1_31' title='bbox 1135 801 1265 862; x_wconf 93' lang='lat' dir='ltr'>curando</span> <span class='ocrx_word' id='word_1_32' title='bbox 1286 818 1408 879; x_wconf 87' lang='lat' dir='ltr'>operam</span> <span class='ocrx_word' id='word_1_33' title='bbox 1424 799 1480 874; x_wconf 78' lang='lat' dir='ltr'>dat,</span> <span class='ocrx_word' id='word_1_34' title='bbox 1573 862 1575 901; x_wconf 36' lang='lat'><strong><em>¹</em></strong></span> 
     </span>
     <span class='ocr_line' id='line_1_5' title="bbox 320 901 1575 985; baseline -0.002 -19"><span class='ocrx_word' id='word_1_35' title='bbox 320 911 423 985; x_wconf 87' lang='lat' dir='ltr'>utpote</span> <span class='ocrx_word' id='word_1_36' title='bbox 437 922 498 965; x_wconf 92' lang='lat' dir='ltr'>non</span> <span class='ocrx_word' id='word_1_37' title='bbox 510 904 663 985; x_wconf 88' lang='lat' dir='ltr'>imperitus</span> <span class='ocrx_word' id='word_1_38' title='bbox 678 903 822 966; x_wconf 90' lang='lat' dir='ltr'>medendi.</span> <span class='ocrx_word' id='word_1_39' title='bbox 852 903 970 965; x_wconf 84' lang='lat' dir='ltr'>Interim</span> <span class='ocrx_word' id='word_1_40' title='bbox 984 901 1085 965; x_wconf 89' lang='lat' dir='ltr'>Graeci</span> <span class='ocrx_word' id='word_1_41' title='bbox 1100 902 1264 965; x_wconf 79' lang='lat' dir='ltr'>a&#39;lroianis</span> <span class='ocrx_word' id='word_1_42' title='bbox 1276 903 1351 965; x_wconf 88' lang='lat' dir='ltr'>intra</span> <span class='ocrx_word' id='word_1_43' title='bbox 1361 920 1481 964; x_wconf 89' lang='lat' dir='ltr'>murum</span> <span class='ocrx_word' id='word_1_44' title='bbox 1574 968 1575 977; x_wconf 42' lang='lat'>,</span> 
     </span>
     <span class='ocr_line' id='line_1_6' title="bbox 274 998 1575 1087; baseline -0.004 -15"><span class='ocrx_word' id='word_1_45' title='bbox 274 1025 304 1075; x_wconf 76' lang='lat' dir='ltr'>tt</span> <span class='ocrx_word' id='word_1_46' title='bbox 322 1007 550 1087; x_wconf 79' lang='lat' dir='ltr'>compelluntur:</span> <span class='ocrx_word' id='word_1_47' title='bbox 570 1006 600 1068; x_wconf 92' lang='lat' dir='ltr'>hi</span> <span class='ocrx_word' id='word_1_48' title='bbox 616 1005 781 1069; x_wconf 78' lang='lat' dir='ltr'>scurribus</span> <span class='ocrx_word' id='word_1_49' title='bbox 797 1005 932 1068; x_wconf 91' lang='lat' dir='ltr'>desiliunt</span> <span class='ocrx_word' id='word_1_50' title='bbox 950 1006 1024 1067; x_wconf 91' lang='lat' dir='ltr'>etin</span> <span class='ocrx_word' id='word_1_51' title='bbox 1039 1006 1167 1086; x_wconf 90' lang='lat' dir='ltr'>quinque</span> <span class='ocrx_word' id='word_1_52' title='bbox 1185 1006 1299 1085; x_wconf 88' lang='lat' dir='ltr'>agmina</span> <span class='ocrx_word' id='word_1_53' title='bbox 1314 1006 1398 1067; x_wconf 91' lang='lat' dir='ltr'>divisi</span> <span class='ocrx_word' id='word_1_54' title='bbox 1413 1023 1482 1067; x_wconf 89' lang='lat' dir='ltr'>mn·</span> <span class='ocrx_word' id='word_1_55' title='bbox 1574 998 1575 1079; x_wconf 65' lang='lat' dir='ltr'>J</span> 
     </span>
     <span class='ocr_line' id='line_1_7' title="bbox 322 1100 1575 1191; baseline -0.002 -19"><span class='ocrx_word' id='word_1_56' title='bbox 322 1109 449 1172; x_wconf 83' lang='lat' dir='ltr'>nimenta</span> <span class='ocrx_word' id='word_1_57' title='bbox 474 1128 641 1191; x_wconf 81' lang='lat' dir='ltr'>expugnare</span> <span class='ocrx_word' id='word_1_58' title='bbox 661 1117 819 1183; x_wconf 87' lang='lat' dir='ltr'>conantur,</span> <span class='ocrx_word' id='word_1_59' title='bbox 846 1108 901 1169; x_wconf 91' lang='lat' dir='ltr'>alio</span> <span class='ocrx_word' id='word_1_60' title='bbox 922 1107 985 1169; x_wconf 85' lang='lat' dir='ltr'>aliis</span> <span class='ocrx_word' id='word_1_61' title='bbox 1005 1109 1079 1169; x_wconf 90' lang='lat' dir='ltr'>locis</span> <span class='ocrx_word' id='word_1_62' title='bbox 1106 1127 1253 1170; x_wconf 86' lang='lat' dir='ltr'>successu.</span> <span class='ocrx_word' id='word_1_63' title='bbox 1298 1108 1372 1171; x_wconf 92' lang='lat' dir='ltr'>Nam</span> <span class='ocrx_word' id='word_1_64' title='bbox 1393 1108 1482 1170; x_wconf 88' lang='lat' dir='ltr'>Asius</span> <span class='ocrx_word' id='word_1_65' title='bbox 1573 1100 1575 1111; x_wconf 59' lang='lat'><strong>⁴</strong></span> 
     </span>
     <span class='ocr_line' id='line_1_8' title="bbox 322 1210 1576 1317; baseline -0.002 -44"><span class='ocrx_word' id='word_1_66' title='bbox 322 1212 439 1292; x_wconf 90' lang='lat' dir='ltr'>quidem</span> <span class='ocrx_word' id='word_1_67' title='bbox 460 1212 608 1275; x_wconf 90' lang='lat' dir='ltr'>sinistram</span> <span class='ocrx_word' id='word_1_68' title='bbox 631 1220 794 1273; x_wconf 86' lang='lat' dir='ltr'>castrorum</span> <span class='ocrx_word' id='word_1_69' title='bbox 814 1221 926 1292; x_wconf 89' lang='lat' dir='ltr'>partem</span> <span class='ocrx_word' id='word_1_70' title='bbox 942 1211 1064 1272; x_wconf 91' lang='lat' dir='ltr'>adortus</span> <span class='ocrx_word' id='word_1_71' title='bbox 1083 1210 1241 1291; x_wconf 83' lang='lat' dir='ltr'>repellitur,</span> <span class='ocrx_word' id='word_1_72' title='bbox 1259 1211 1368 1272; x_wconf 88' lang='lat' dir='ltr'>lleetor</span> <span class='ocrx_word' id='word_1_73' title='bbox 1384 1219 1483 1272; x_wconf 88' lang='lat' dir='ltr'>autem</span> <span class='ocrx_word' id='word_1_74' title='bbox 1573 1278 1576 1317; x_wconf 40' lang='grc'>1</span> 
     </span>
     <span class='ocr_line' id='line_1_9' title="bbox 322 1311 1576 1395; baseline -0.002 -19"><span class='ocrx_word' id='word_1_75' title='bbox 322 1332 389 1376; x_wconf 89' lang='lat' dir='ltr'>curn</span> <span class='ocrx_word' id='word_1_76' title='bbox 404 1315 481 1389; x_wconf 89' lang='lat' dir='ltr'>suis,</span> <span class='ocrx_word' id='word_1_77' title='bbox 499 1333 594 1395; x_wconf 89' lang='lat' dir='ltr'>neque</span> <span class='ocrx_word' id='word_1_78' title='bbox 614 1315 712 1376; x_wconf 89' lang='lat' dir='ltr'>minus</span> <span class='ocrx_word' id='word_1_79' title='bbox 727 1313 894 1393; x_wconf 85' lang='lat' dir='ltr'>Sarpedon,</span> <span class='ocrx_word' id='word_1_80' title='bbox 910 1313 1064 1394; x_wconf 71' lang='lat' dir='ltr'>Lyciorum</span> <span class='ocrx_word' id='word_1_81' title='bbox 1080 1315 1152 1386; x_wconf 85' lang='lat' dir='ltr'>dux,</span> <span class='ocrx_word' id='word_1_82' title='bbox 1169 1311 1299 1393; x_wconf 88' lang='lat' dir='ltr'>quamvis</span> <span class='ocrx_word' id='word_1_83' title='bbox 1315 1312 1485 1375; x_wconf 89' lang='lat' dir='ltr'>resistenti·</span> <span class='ocrx_word' id='word_1_84' title='bbox 1575 1386 1576 1389; x_wconf 8' lang='grc' dir='ltr'><strong>Ἴ</strong></span> 
     </span>
     <span class='ocr_line' id='line_1_10' title="bbox 321 1416 1486 1496; baseline 0 -18"><span class='ocrx_word' id='word_1_85' title='bbox 321 1416 376 1478; x_wconf 91' lang='lat' dir='ltr'>bus</span> <span class='ocrx_word' id='word_1_86' title='bbox 397 1418 512 1479; x_wconf 84' lang='lat' dir='ltr'>sortiter</span> <span class='ocrx_word' id='word_1_87' title='bbox 530 1417 663 1491; x_wconf 86' lang='lat' dir='ltr'>Graecis,</span> <span class='ocrx_word' id='word_1_88' title='bbox 685 1416 792 1478; x_wconf 90' lang='lat' dir='ltr'>deiecta</span> <span class='ocrx_word' id='word_1_89' title='bbox 812 1425 896 1496; x_wconf 91' lang='lat' dir='ltr'>parte</span> <span class='ocrx_word' id='word_1_90' title='bbox 915 1417 1204 1496; x_wconf 80' lang='lat' dir='ltr'>propugnaculorum</span> <span class='ocrx_word' id='word_1_91' title='bbox 1216 1425 1245 1478; x_wconf 90' lang='lat' dir='ltr'>et</span> <span class='ocrx_word' id='word_1_92' title='bbox 1264 1424 1349 1495; x_wconf 83' lang='lat' dir='ltr'>porta</span> <span class='ocrx_word' id='word_1_93' title='bbox 1365 1416 1486 1477; x_wconf 86' lang='lat' dir='ltr'>eilracta</span> 
     </span>
     <span class='ocr_line' id='line_1_11' title="bbox 322 1517 1487 1600; baseline -0.002 -20"><span class='ocrx_word' id='word_1_94' title='bbox 322 1518 352 1581; x_wconf 93' lang='lat' dir='ltr'>in</span> <span class='ocrx_word' id='word_1_95' title='bbox 374 1527 468 1582; x_wconf 86' lang='lat' dir='ltr'>castra</span> <span class='ocrx_word' id='word_1_96' title='bbox 492 1520 722 1599; x_wconf 87' lang='lat' dir='ltr'>introrumpunt.</span> <span class='ocrx_word' id='word_1_97' title='bbox 776 1518 808 1579; x_wconf 91' lang='lat' dir='ltr'>ln</span> <span class='ocrx_word' id='word_1_98' title='bbox 832 1518 891 1579; x_wconf 90' lang='lat' dir='ltr'>hoc</span> <span class='ocrx_word' id='word_1_99' title='bbox 913 1536 1013 1581; x_wconf 91' lang='lat' dir='ltr'>rernm</span> <span class='ocrx_word' id='word_1_100' title='bbox 1035 1527 1114 1581; x_wconf 90' lang='lat' dir='ltr'>statu</span> <span class='ocrx_word' id='word_1_101' title='bbox 1140 1518 1262 1600; x_wconf 85' lang='lat' dir='ltr'>iupiter,</span> <span class='ocrx_word' id='word_1_102' title='bbox 1284 1517 1487 1580; x_wconf 82' lang='lat' dir='ltr'>Troianorum</span> 
     </span>
     <span class='ocr_line' id='line_1_12' title="bbox 322 1619 1576 1701; baseline -0.001 -20"><span class='ocrx_word' id='word_1_103' title='bbox 322 1622 432 1695; x_wconf 86' lang='lat' dir='ltr'>lautor,</span> <span class='ocrx_word' id='word_1_104' title='bbox 453 1639 543 1701; x_wconf 89' lang='lat' dir='ltr'>quum</span> <span class='ocrx_word' id='word_1_105' title='bbox 563 1621 659 1684; x_wconf 91' lang='lat' dir='ltr'>adbuc</span> <span class='ocrx_word' id='word_1_106' title='bbox 678 1640 713 1681; x_wconf 86' lang='lat' dir='ltr'>ex</span> <span class='ocrx_word' id='word_1_107' title='bbox 731 1620 780 1681; x_wconf 95' lang='lat' dir='ltr'>lda</span> <span class='ocrx_word' id='word_1_108' title='bbox 800 1628 901 1681; x_wconf 89' lang='lat' dir='ltr'>monte</span> <span class='ocrx_word' id='word_1_109' title='bbox 922 1628 1068 1682; x_wconf 87' lang='lat' dir='ltr'>certarnen</span> <span class='ocrx_word' id='word_1_110' title='bbox 1088 1621 1283 1695; x_wconf 82' lang='lat' dir='ltr'>observasset,</span> <span class='ocrx_word' id='word_1_111' title='bbox 1302 1620 1360 1683; x_wconf 87' lang='lat' dir='ltr'>iam</span> <span class='ocrx_word' id='word_1_112' title='bbox 1382 1619 1487 1682; x_wconf 90' lang='lat' dir='ltr'>oculos</span> <span class='ocrx_word' id='word_1_113' title='bbox 1574 1646 1576 1653; x_wconf 52' lang='lat'><strong>⁴</strong></span> 
     </span>
     <span class='ocr_line' id='line_1_13' title="bbox 322 1721 1488 1804; baseline 0 -20"><span class='ocrx_word' id='word_1_114' title='bbox 322 1721 377 1785; x_wconf 88' lang='lat' dir='ltr'>alio</span> <span class='ocrx_word' id='word_1_115' title='bbox 398 1724 552 1797; x_wconf 89' lang='lat' dir='ltr'>convertit,</span> <span class='ocrx_word' id='word_1_116' title='bbox 570 1723 717 1785; x_wconf 89' lang='lat' dir='ltr'>neminem</span> <span class='ocrx_word' id='word_1_117' title='bbox 738 1722 860 1784; x_wconf 91' lang='lat' dir='ltr'>deorum</span> <span class='ocrx_word' id='word_1_118' title='bbox 879 1721 1078 1785; x_wconf 85' lang='lat' dir='ltr'>laborantibus</span> <span class='ocrx_word' id='word_1_119' title='bbox 1097 1723 1214 1785; x_wconf 86' lang='lat' dir='ltr'>Graecis</span> <span class='ocrx_word' id='word_1_120' title='bbox 1235 1742 1323 1804; x_wconf 91' lang='lat' dir='ltr'>opem</span> <span class='ocrx_word' id='word_1_121' title='bbox 1338 1742 1373 1783; x_wconf 89' lang='lat' dir='ltr'>se</span> <span class='ocrx_word' id='word_1_122' title='bbox 1393 1721 1488 1784; x_wconf 89' lang='lat' dir='ltr'>invito</span> 
     </span>
     <span class='ocr_line' id='line_1_14' title="bbox 321 1825 1488 1907; baseline -0.002 -19"><span class='ocrx_word' id='word_1_123' title='bbox 321 1826 447 1888; x_wconf 83' lang='lat' dir='ltr'>laturum</span> <span class='ocrx_word' id='word_1_124' title='bbox 468 1844 535 1887; x_wconf 89' lang='lat' dir='ltr'>esse</span> <span class='ocrx_word' id='word_1_125' title='bbox 554 1842 686 1905; x_wconf 92' lang='lat' dir='ltr'>sperans.</span> <span class='ocrx_word' id='word_1_126' title='bbox 731 1825 789 1886; x_wconf 87' lang='lat' dir='ltr'>Sed</span> <span class='ocrx_word' id='word_1_127' title='bbox 805 1844 871 1886; x_wconf 92' lang='lat' dir='ltr'>ecce</span> <span class='ocrx_word' id='word_1_128' title='bbox 885 1825 1053 1904; x_wconf 91' lang='lat' dir='ltr'>Neptunus,</span> <span class='ocrx_word' id='word_1_129' title='bbox 1070 1825 1120 1906; x_wconf 93' lang='lat' dir='ltr'>qni</span> <span class='ocrx_word' id='word_1_130' title='bbox 1135 1835 1163 1887; x_wconf 93' lang='lat' dir='ltr'>et</span> <span class='ocrx_word' id='word_1_131' title='bbox 1177 1826 1241 1907; x_wconf 89' lang='lat' dir='ltr'>ipse</span> <span class='ocrx_word' id='word_1_132' title='bbox 1257 1825 1293 1887; x_wconf 91' lang='lat' dir='ltr'>de</span> <span class='ocrx_word' id='word_1_133' title='bbox 1308 1825 1488 1886; x_wconf 88' lang='lat' dir='ltr'>Samothra-</span> 
     </span>
     <span class='ocr_line' id='line_1_15' title="bbox 323 1925 1489 2008; baseline -0.002 -18"><span class='ocrx_word' id='word_1_134' title='bbox 323 1927 384 1990; x_wconf 89' lang='lat' dir='ltr'>ciae</span> <span class='ocrx_word' id='word_1_135' title='bbox 399 1927 518 2008; x_wconf 88' lang='lat' dir='ltr'>specula</span> <span class='ocrx_word' id='word_1_136' title='bbox 538 1928 682 2008; x_wconf 91' lang='lat' dir='ltr'>proelium</span> <span class='ocrx_word' id='word_1_137' title='bbox 699 1927 911 2006; x_wconf 84' lang='lat' dir='ltr'>contemplatus</span> <span class='ocrx_word' id='word_1_138' title='bbox 927 1938 1000 2002; x_wconf 88' lang='lat' dir='ltr'>erat,</span> <span class='ocrx_word' id='word_1_139' title='bbox 1019 1929 1174 1990; x_wconf 87' lang='lat' dir='ltr'>occasione</span> <span class='ocrx_word' id='word_1_140' title='bbox 1193 1929 1284 1990; x_wconf 90' lang='lat' dir='ltr'>utitur</span> <span class='ocrx_word' id='word_1_141' title='bbox 1303 1928 1339 1990; x_wconf 90' lang='lat' dir='ltr'>ad</span> <span class='ocrx_word' id='word_1_142' title='bbox 1356 1925 1489 1989; x_wconf 87' lang='lat' dir='ltr'>Graecos</span> 
     </span>
     <span class='ocr_line' id='line_1_16' title="bbox 322 2028 1490 2111; baseline -0.001 -20"><span class='ocrx_word' id='word_1_143' title='bbox 322 2029 473 2092; x_wconf 91' lang='lat' dir='ltr'>iuvandos.</span> <span class='ocrx_word' id='word_1_144' title='bbox 517 2028 625 2091; x_wconf 85' lang='lat' dir='ltr'>Relicta</span> <span class='ocrx_word' id='word_1_145' title='bbox 641 2028 843 2090; x_wconf 84' lang='lat' dir='ltr'>Samothracia</span> <span class='ocrx_word' id='word_1_146' title='bbox 857 2031 950 2109; x_wconf 87' lang='lat' dir='ltr'>Aegas</span> <span class='ocrx_word' id='word_1_147' title='bbox 971 2039 1123 2110; x_wconf 87' lang='lat' dir='ltr'>properat,</span> <span class='ocrx_word' id='word_1_148' title='bbox 1143 2050 1237 2111; x_wconf 89' lang='lat' dir='ltr'>equos</span> <span class='ocrx_word' id='word_1_149' title='bbox 1257 2030 1354 2093; x_wconf 90' lang='lat' dir='ltr'>currui</span> <span class='ocrx_word' id='word_1_150' title='bbox 1381 2029 1490 2108; x_wconf 88' lang='lat' dir='ltr'>iungit,</span> 
     </span>
     <span class='ocr_line' id='line_1_17' title="bbox 321 2130 1490 2213; baseline -0.001 -20"><span class='ocrx_word' id='word_1_151' title='bbox 321 2150 375 2213; x_wconf 90' lang='lat' dir='ltr'>per</span> <span class='ocrx_word' id='word_1_152' title='bbox 389 2149 470 2193; x_wconf 88' lang='lat' dir='ltr'>mare</span> <span class='ocrx_word' id='word_1_153' title='bbox 484 2131 520 2193; x_wconf 93' lang='lat' dir='ltr'>ad</span> <span class='ocrx_word' id='word_1_154' title='bbox 535 2131 615 2193; x_wconf 90' lang='lat' dir='ltr'>littus</span> <span class='ocrx_word' id='word_1_155' title='bbox 631 2130 792 2194; x_wconf 82' lang='lat' dir='ltr'>Troianum</span> <span class='ocrx_word' id='word_1_156' title='bbox 809 2132 972 2207; x_wconf 87' lang='lat' dir='ltr'>advehitur,</span> <span class='ocrx_word' id='word_1_157' title='bbox 991 2132 1089 2213; x_wconf 91' lang='lat' dir='ltr'>ibique</span> <span class='ocrx_word' id='word_1_158' title='bbox 1107 2153 1195 2197; x_wconf 82' lang='lat' dir='ltr'>cmru</span> <span class='ocrx_word' id='word_1_159' title='bbox 1214 2133 1315 2196; x_wconf 89' lang='lat' dir='ltr'>relicto</span> <span class='ocrx_word' id='word_1_160' title='bbox 1334 2132 1490 2212; x_wconf 88' lang='lat' dir='ltr'>proelian-</span> 
     </span>
     <span class='ocr_line' id='line_1_18' title="bbox 322 2232 1492 2315; baseline 0 -19"><span class='ocrx_word' id='word_1_161' title='bbox 322 2234 401 2296; x_wconf 87' lang='lat' dir='ltr'>tibus</span> <span class='ocrx_word' id='word_1_162' title='bbox 416 2253 449 2295; x_wconf 91' lang='lat' dir='ltr'>se</span> <span class='ocrx_word' id='word_1_163' title='bbox 464 2234 570 2296; x_wconf 88' lang='lat' dir='ltr'>miscet</span> <span class='ocrx_word' id='word_1_164' title='bbox 583 2241 612 2295; x_wconf 93' lang='lat' dir='ltr'>et</span> <span class='ocrx_word' id='word_1_165' title='bbox 622 2232 785 2296; x_wconf 87' lang='lat' dir='ltr'>Calchantis</span> <span class='ocrx_word' id='word_1_166' title='bbox 800 2235 898 2314; x_wconf 89' lang='lat' dir='ltr'>specie</span> <span class='ocrx_word' id='word_1_167' title='bbox 912 2244 1065 2315; x_wconf 90' lang='lat' dir='ltr'>assumpta</span> <span class='ocrx_word' id='word_1_168' title='bbox 1077 2235 1204 2299; x_wconf 89' lang='lat' dir='ltr'>Graecos</span> <span class='ocrx_word' id='word_1_169' title='bbox 1218 2238 1361 2309; x_wconf 87' lang='lat' dir='ltr'>hortatur,</span> <span class='ocrx_word' id='word_1_170' title='bbox 1377 2235 1492 2309; x_wconf 83' lang='lat' dir='ltr'>incitat,</span> 
     </span>
     <span class='ocr_line' id='line_1_19' title="bbox 322 2334 1491 2417; baseline 0.001 -20"><span class='ocrx_word' id='word_1_171' title='bbox 322 2335 429 2398; x_wconf 91' lang='lat' dir='ltr'>robore</span> <span class='ocrx_word' id='word_1_172' title='bbox 444 2344 473 2397; x_wconf 89' lang='lat' dir='ltr'>et</span> <span class='ocrx_word' id='word_1_173' title='bbox 486 2334 656 2398; x_wconf 81' lang='lat' dir='ltr'>tortitudine</span> <span class='ocrx_word' id='word_1_174' title='bbox 670 2335 841 2397; x_wconf 89' lang='lat' dir='ltr'>mirabiliter</span> <span class='ocrx_word' id='word_1_175' title='bbox 860 2346 954 2415; x_wconf 90' lang='lat' dir='ltr'>auget.</span> <span class='ocrx_word' id='word_1_176' title='bbox 1003 2337 1103 2417; x_wconf 91' lang='lat' dir='ltr'>Neque</span> <span class='ocrx_word' id='word_1_177' title='bbox 1124 2340 1182 2400; x_wconf 91' lang='lat' dir='ltr'>hoc</span> <span class='ocrx_word' id='word_1_178' title='bbox 1196 2338 1276 2400; x_wconf 87' lang='lat' dir='ltr'>satis.</span> <span class='ocrx_word' id='word_1_179' title='bbox 1320 2338 1396 2398; x_wconf 92' lang='lat' dir='ltr'>Nam</span> <span class='ocrx_word' id='word_1_180' title='bbox 1414 2337 1491 2399; x_wconf 93' lang='lat' dir='ltr'>luno</span> 
     </span>
     <span class='ocr_line' id='line_1_20' title="bbox 321 2436 1492 2520; baseline 0.002 -22"><span class='ocrx_word' id='word_1_181' title='bbox 321 2455 438 2517; x_wconf 90' lang='lat' dir='ltr'>qnoque</span> <span class='ocrx_word' id='word_1_182' title='bbox 457 2437 560 2499; x_wconf 92' lang='lat' dir='ltr'>iisdem</span> <span class='ocrx_word' id='word_1_183' title='bbox 581 2436 713 2516; x_wconf 89' lang='lat' dir='ltr'>partibus</span> <span class='ocrx_word' id='word_1_184' title='bbox 733 2439 831 2499; x_wconf 87' lang='lat' dir='ltr'>larens</span> <span class='ocrx_word' id='word_1_185' title='bbox 851 2437 1006 2499; x_wconf 91' lang='lat' dir='ltr'>consilium</span> <span class='ocrx_word' id='word_1_186' title='bbox 1033 2438 1279 2518; x_wconf 88' lang='lat' dir='ltr'>comminiscitur,</span> <span class='ocrx_word' id='word_1_187' title='bbox 1305 2458 1365 2520; x_wconf 92' lang='lat' dir='ltr'>quo</span> <span class='ocrx_word' id='word_1_188' title='bbox 1393 2440 1492 2501; x_wconf 88' lang='lat' dir='ltr'>tutius</span> 
     </span>
     <span class='ocr_line' id='line_1_21' title="bbox 322 2538 1494 2622; baseline 0.002 -20"><span class='ocrx_word' id='word_1_189' title='bbox 322 2539 367 2602; x_wconf 89' lang='lat' dir='ltr'>ille</span> <span class='ocrx_word' id='word_1_190' title='bbox 381 2540 519 2620; x_wconf 87' lang='lat' dir='ltr'>perficere</span> <span class='ocrx_word' id='word_1_191' title='bbox 534 2539 613 2620; x_wconf 93' lang='lat' dir='ltr'>quod</span> <span class='ocrx_word' id='word_1_192' title='bbox 635 2547 769 2621; x_wconf 90' lang='lat' dir='ltr'>coeperat</span> <span class='ocrx_word' id='word_1_193' title='bbox 788 2538 892 2619; x_wconf 88' lang='lat' dir='ltr'>possit.</span> <span class='ocrx_word' id='word_1_194' title='bbox 936 2540 1034 2620; x_wconf 90' lang='lat' dir='ltr'>ltaque</span> <span class='ocrx_word' id='word_1_195' title='bbox 1053 2541 1201 2622; x_wconf 80' lang='lat' dir='ltr'>cingulum</span> <span class='ocrx_word' id='word_1_196' title='bbox 1216 2542 1335 2604; x_wconf 85' lang='lat' dir='ltr'>Veneris</span> <span class='ocrx_word' id='word_1_197' title='bbox 1351 2549 1494 2605; x_wconf 84' lang='lat' dir='ltr'>mutuata</span> 
     </span>
     <span class='ocr_line' id='line_1_22' title="bbox 321 2642 1493 2726; baseline 0.004 -23"><span class='ocrx_word' id='word_1_198' title='bbox 321 2642 420 2704; x_wconf 89' lang='lat' dir='ltr'>lovem</span> <span class='ocrx_word' id='word_1_199' title='bbox 439 2642 499 2704; x_wconf 89' lang='lat' dir='ltr'>adit</span> <span class='ocrx_word' id='word_1_200' title='bbox 517 2642 547 2703; x_wconf 92' lang='lat' dir='ltr'>in</span> <span class='ocrx_word' id='word_1_201' title='bbox 562 2642 612 2704; x_wconf 94' lang='lat' dir='ltr'>lda</span> <span class='ocrx_word' id='word_1_202' title='bbox 632 2643 795 2713; x_wconf 88' lang='lat' dir='ltr'>sedentem,</span> <span class='ocrx_word' id='word_1_203' title='bbox 817 2659 941 2722; x_wconf 87' lang='lat' dir='ltr'>eumque</span> <span class='ocrx_word' id='word_1_204' title='bbox 956 2642 1062 2722; x_wconf 89' lang='lat' dir='ltr'>cingub</span> <span class='ocrx_word' id='word_1_205' title='bbox 1081 2644 1144 2706; x_wconf 90' lang='lat' dir='ltr'>eins</span> <span class='ocrx_word' id='word_1_206' title='bbox 1161 2645 1264 2707; x_wconf 90' lang='lat' dir='ltr'>virtute</span> <span class='ocrx_word' id='word_1_207' title='bbox 1285 2645 1316 2706; x_wconf 89' lang='lat' dir='ltr'>ln</span> <span class='ocrx_word' id='word_1_208' title='bbox 1331 2645 1493 2726; x_wconf 84' lang='lat' dir='ltr'>amplexus</span> 
     </span>
     <span class='ocr_line' id='line_1_23' title="bbox 222 2743 1494 2827; baseline 0.002 -21"><span class='ocrx_word' id='word_1_209' title='bbox 222 2758 227 2766; x_wconf 83' lang='lat'><strong>·</strong></span> <span class='ocrx_word' id='word_1_210' title='bbox 322 2762 394 2806; x_wconf 90' lang='lat' dir='ltr'>suos</span> <span class='ocrx_word' id='word_1_211' title='bbox 410 2744 501 2818; x_wconf 87' lang='lat' dir='ltr'>illicit,</span> <span class='ocrx_word' id='word_1_212' title='bbox 520 2764 553 2806; x_wconf 92' lang='lat' dir='ltr'>ao</span> <span class='ocrx_word' id='word_1_213' title='bbox 567 2743 633 2806; x_wconf 90' lang='lat' dir='ltr'>dein</span> <span class='ocrx_word' id='word_1_214' title='bbox 649 2764 666 2806; x_wconf 87' lang='lat' dir='ltr'>a</span> <span class='ocrx_word' id='word_1_215' title='bbox 681 2745 810 2815; x_wconf 87' lang='lat' dir='ltr'>Somno,</span> <span class='ocrx_word' id='word_1_216' title='bbox 826 2762 913 2823; x_wconf 92' lang='lat' dir='ltr'>quem</span> <span class='ocrx_word' id='word_1_217' title='bbox 929 2745 1043 2807; x_wconf 89' lang='lat' dir='ltr'>socium</span> <span class='ocrx_word' id='word_1_218' title='bbox 1059 2747 1210 2823; x_wconf 87' lang='lat' dir='ltr'>asciverat,</span> <span class='ocrx_word' id='word_1_219' title='bbox 1225 2747 1380 2827; x_wconf 85' lang='lat' dir='ltr'>consopiri</span> <span class='ocrx_word' id='word_1_220' title='bbox 1397 2757 1494 2810; x_wconf 87' lang='lat' dir='ltr'>curat.</span> 
     </span>
     <span class='ocr_line' id='line_1_24' title="bbox 322 2845 1496 2930; baseline 0.002 -21"><span class='ocrx_word' id='word_1_221' title='bbox 322 2846 372 2909; x_wconf 90' lang='lat' dir='ltr'>Sic</span> <span class='ocrx_word' id='word_1_222' title='bbox 391 2845 586 2909; x_wconf 86' lang='lat' dir='ltr'>confidentius</span> <span class='ocrx_word' id='word_1_223' title='bbox 608 2846 761 2926; x_wconf 89' lang='lat' dir='ltr'>Neptunus</span> <span class='ocrx_word' id='word_1_224' title='bbox 777 2845 892 2907; x_wconf 90' lang='lat' dir='ltr'>Graecis</span> <span class='ocrx_word' id='word_1_225' title='bbox 914 2847 1047 2927; x_wconf 90' lang='lat' dir='ltr'>opitulari</span> <span class='ocrx_word' id='word_1_226' title='bbox 1068 2850 1175 2930; x_wconf 90' lang='lat' dir='ltr'>pergit,</span> <span class='ocrx_word' id='word_1_227' title='bbox 1202 2866 1263 2911; x_wconf 93' lang='lat' dir='ltr'>non</span> <span class='ocrx_word' id='word_1_228' title='bbox 1289 2849 1444 2912; x_wconf 89' lang='lat' dir='ltr'>hortando</span> <span class='ocrx_word' id='word_1_229' title='bbox 1465 2858 1496 2911; x_wconf 87' lang='lat' dir='ltr'>et</span> 
     </span>
     <span class='ocr_line' id='line_1_25' title="bbox 323 2947 1495 3028; baseline 0.003 -18"><span class='ocrx_word' id='word_1_230' title='bbox 323 2949 481 3021; x_wconf 86' lang='lat' dir='ltr'>monendo,</span> <span class='ocrx_word' id='word_1_231' title='bbox 498 2957 531 3011; x_wconf 90' lang='lat' dir='ltr'>ut</span> <span class='ocrx_word' id='word_1_232' title='bbox 542 2956 632 3022; x_wconf 84' lang='lat' dir='ltr'>antea,</span> <span class='ocrx_word' id='word_1_233' title='bbox 647 2947 699 3009; x_wconf 89' lang='lat' dir='ltr'>sed</span> <span class='ocrx_word' id='word_1_234' title='bbox 714 2948 856 3028; x_wconf 83' lang='lat' dir='ltr'>ipserum</span> <span class='ocrx_word' id='word_1_235' title='bbox 871 2947 928 3010; x_wconf 89' lang='lat' dir='ltr'>telo</span> <span class='ocrx_word' id='word_1_236' title='bbox 943 2950 1049 3025; x_wconf 88' lang='lat' dir='ltr'>divino,</span> <span class='ocrx_word' id='word_1_237' title='bbox 1064 2961 1093 3014; x_wconf 92' lang='lat' dir='ltr'>et</span> <span class='ocrx_word' id='word_1_238' title='bbox 1107 2952 1153 3014; x_wconf 90' lang='lat' dir='ltr'>cui</span> <span class='ocrx_word' id='word_1_239' title='bbox 1167 2952 1264 3015; x_wconf 90' lang='lat' dir='ltr'>resisti</span> <span class='ocrx_word' id='word_1_240' title='bbox 1279 2971 1294 3014; x_wconf 93' lang='lat' dir='ltr'>a</span> <span class='ocrx_word' id='word_1_241' title='bbox 1309 2953 1495 3015; x_wconf 90' lang='lat' dir='ltr'>mortalibus</span> 
     </span>
     <span class='ocr_line' id='line_1_26' title="bbox 323 3050 1497 3131; baseline 0.005 -19"><span class='ocrx_word' id='word_1_242' title='bbox 323 3067 384 3112; x_wconf 93' lang='lat' dir='ltr'>non</span> <span class='ocrx_word' id='word_1_243' title='bbox 399 3059 506 3131; x_wconf 91' lang='lat' dir='ltr'>potest,</span> <span class='ocrx_word' id='word_1_244' title='bbox 519 3050 663 3112; x_wconf 82' lang='lat' dir='ltr'>Troianos</span> <span class='ocrx_word' id='word_1_245' title='bbox 679 3050 860 3129; x_wconf 89' lang='lat' dir='ltr'>aggrediens.</span> <span class='ocrx_word' id='word_1_246' title='bbox 897 3051 938 3112; x_wconf 91' lang='lat' dir='ltr'>lta</span> <span class='ocrx_word' id='word_1_247' title='bbox 952 3051 1017 3113; x_wconf 87' lang='lat' dir='ltr'>belli</span> <span class='ocrx_word' id='word_1_248' title='bbox 1037 3055 1155 3117; x_wconf 84' lang='lat' dir='ltr'>fortuna</span> <span class='ocrx_word' id='word_1_249' title='bbox 1170 3054 1363 3117; x_wconf 86' lang='lat' dir='ltr'>convertitur:</span> <span class='ocrx_word' id='word_1_250' title='bbox 1379 3054 1497 3118; x_wconf 88' lang='lat' dir='ltr'>llector</span> 
     </span>
     <span class='ocr_line' id='line_1_27' title="bbox 323 3152 1496 3233; baseline 0.005 -18"><span class='ocrx_word' id='word_1_251' title='bbox 323 3152 387 3233; x_wconf 89' lang='lat' dir='ltr'>ipse</span> <span class='ocrx_word' id='word_1_252' title='bbox 407 3153 444 3215; x_wconf 88' lang='lat' dir='ltr'>ab</span> <span class='ocrx_word' id='word_1_253' title='bbox 460 3153 544 3215; x_wconf 89' lang='lat' dir='ltr'>Aiace</span> <span class='ocrx_word' id='word_1_254' title='bbox 563 3152 729 3214; x_wconf 88' lang='lat' dir='ltr'>vulneratus</span> <span class='ocrx_word' id='word_1_255' title='bbox 749 3153 905 3232; x_wconf 90' lang='lat' dir='ltr'>animoque</span> <span class='ocrx_word' id='word_1_256' title='bbox 924 3153 1059 3218; x_wconf 82' lang='lat' dir='ltr'>delicians</span> <span class='ocrx_word' id='word_1_257' title='bbox 1080 3157 1115 3220; x_wconf 88' lang='lat' dir='ltr'>ad</span> <span class='ocrx_word' id='word_1_258' title='bbox 1131 3157 1279 3220; x_wconf 85' lang='lat' dir='ltr'>Xanthum</span> <span class='ocrx_word' id='word_1_259' title='bbox 1299 3158 1429 3220; x_wconf 84' lang='lat' dir='ltr'>fluvium</span> <span class='ocrx_word' id='word_1_260' title='bbox 1444 3177 1496 3221; x_wconf 91' lang='lat' dir='ltr'>re·</span> 
     </span>
     <span class='ocr_line' id='line_1_28' title="bbox 323 3254 1496 3340; baseline 0.006 -23"><span class='ocrx_word' id='word_1_261' title='bbox 323 3264 464 3337; x_wconf 90' lang='lat' dir='ltr'>portatur,</span> <span class='ocrx_word' id='word_1_262' title='bbox 477 3254 597 3316; x_wconf 84' lang='lat' dir='ltr'>Troiani</span> <span class='ocrx_word' id='word_1_263' title='bbox 611 3262 709 3316; x_wconf 87' lang='lat' dir='ltr'>autem</span> <span class='ocrx_word' id='word_1_264' title='bbox 723 3256 827 3317; x_wconf 82' lang='lat' dir='ltr'>eastris</span> <span class='ocrx_word' id='word_1_265' title='bbox 842 3256 945 3318; x_wconf 86' lang='lat' dir='ltr'>cedere</span> <span class='ocrx_word' id='word_1_266' title='bbox 964 3268 1118 3339; x_wconf 80' lang='lat' dir='ltr'>eogrmtur.</span> <span class='ocrx_word' id='word_1_267' title='bbox 1152 3261 1235 3322; x_wconf 74' lang='lat' dir='ltr'>Tarne</span> <span class='ocrx_word' id='word_1_268' title='bbox 1248 3259 1362 3340; x_wconf 92' lang='lat' dir='ltr'>lupiter</span> <span class='ocrx_word' id='word_1_269' title='bbox 1378 3279 1496 3325; x_wconf 90' lang='lat' dir='ltr'>somno</span> 
     </span>
     <span class='ocr_line' id='line_1_29' title="bbox 323 3357 1498 3443; baseline 0.006 -24"><span class='ocrx_word' id='word_1_270' title='bbox 323 3358 438 3421; x_wconf 87' lang='lat' dir='ltr'>solutus</span> <span class='ocrx_word' id='word_1_271' title='bbox 469 3357 712 3437; x_wconf 87' lang='lat' dir='ltr'>conspicatusque</span> <span class='ocrx_word' id='word_1_272' title='bbox 742 3357 818 3419; x_wconf 88' lang='lat' dir='ltr'>hanc</span> <span class='ocrx_word' id='word_1_273' title='bbox 844 3366 953 3421; x_wconf 87' lang='lat' dir='ltr'>tantam</span> <span class='ocrx_word' id='word_1_274' title='bbox 982 3379 1082 3425; x_wconf 89' lang='lat' dir='ltr'>rerum</span> <span class='ocrx_word' id='word_1_275' title='bbox 1110 3362 1334 3425; x_wconf 86' lang='lat' dir='ltr'>conversionem</span> <span class='ocrx_word' id='word_1_276' title='bbox 1361 3366 1498 3443; x_wconf 90' lang='lat' dir='ltr'>graviter</span> 
     </span>
    </p>
   </div>
   <div class='ocr_carea' id='block_1_4' title="bbox 1574 1484 1576 1523">
    <p class='ocr_par' dir='ltr' id='par_1_4' title="bbox 1574 1484 1576 1523">
     <span class='ocr_line' id='line_1_30' title="bbox 1574 1484 1576 1523; baseline 0 0"><span class='ocrx_word' id='word_1_277' title='bbox 1574 1484 1576 1523; x_wconf 89' lang='lat' dir='ltr'>l</span> 
     </span>
    </p>
   </div>
   <div class='ocr_carea' id='block_1_5' title="bbox 320 3459 1502 4475">
    <p class='ocr_par' dir='ltr' id='par_1_5' title="bbox 320 3459 1502 4475">
     <span class='ocr_line' id='line_1_31' title="bbox 323 3459 1499 3543; baseline 0.008 -22"><span class='ocrx_word' id='word_1_278' title='bbox 323 3478 444 3522; x_wconf 88' lang='lat' dir='ltr'>uxorem</span> <span class='ocrx_word' id='word_1_279' title='bbox 463 3459 606 3538; x_wconf 87' lang='lat' dir='ltr'>increpat,</span> <span class='ocrx_word' id='word_1_280' title='bbox 626 3459 794 3539; x_wconf 88' lang='lat' dir='ltr'>Neptunum</span> <span class='ocrx_word' id='word_1_281' title='bbox 816 3462 914 3524; x_wconf 89' lang='lat' dir='ltr'>statim</span> <span class='ocrx_word' id='word_1_282' title='bbox 932 3464 1046 3543; x_wconf 92' lang='lat' dir='ltr'>proelio</span> <span class='ocrx_word' id='word_1_283' title='bbox 1061 3465 1199 3528; x_wconf 78' lang='lat' dir='ltr'>excedere</span> <span class='ocrx_word' id='word_1_284' title='bbox 1217 3464 1310 3539; x_wconf 86' lang='lat' dir='ltr'>iubet,</span> <span class='ocrx_word' id='word_1_285' title='bbox 1326 3466 1499 3530; x_wconf 88' lang='lat' dir='ltr'>Hectorem</span> 
     </span>
     <span class='ocr_line' id='line_1_32' title="bbox 323 3560 1498 3646; baseline 0.008 -22"><span class='ocrx_word' id='word_1_286' title='bbox 323 3570 420 3625; x_wconf 89' lang='lat' dir='ltr'>autem</span> <span class='ocrx_word' id='word_1_287' title='bbox 439 3560 519 3623; x_wconf 87' lang='lat' dir='ltr'>retici</span> <span class='ocrx_word' id='word_1_288' title='bbox 539 3560 574 3622; x_wconf 90' lang='lat' dir='ltr'>ab</span> <span class='ocrx_word' id='word_1_289' title='bbox 594 3561 726 3641; x_wconf 77' lang='lat' dir='ltr'>Apolline</span> <span class='ocrx_word' id='word_1_290' title='bbox 745 3571 774 3624; x_wconf 92' lang='lat' dir='ltr'>et</span> <span class='ocrx_word' id='word_1_291' title='bbox 791 3565 900 3628; x_wconf 89' lang='lat' dir='ltr'>viribus</span> <span class='ocrx_word' id='word_1_292' title='bbox 922 3569 1019 3646; x_wconf 90' lang='lat' dir='ltr'>augeri</span> <span class='ocrx_word' id='word_1_293' title='bbox 1040 3579 1129 3632; x_wconf 86' lang='lat' dir='ltr'>curat</span> <span class='ocrx_word' id='word_1_294' title='bbox 1179 3569 1229 3632; x_wconf 90' lang='lat' dir='ltr'>Sic</span> <span class='ocrx_word' id='word_1_295' title='bbox 1247 3569 1344 3631; x_wconf 93' lang='lat' dir='ltr'>denuo</span> <span class='ocrx_word' id='word_1_296' title='bbox 1366 3570 1498 3632; x_wconf 86' lang='lat' dir='ltr'>Troiani</span> 
     </span>
     <span class='ocr_line' id='line_1_33' title="bbox 322 3663 1498 3754; baseline 0.009 -29"><span class='ocrx_word' id='word_1_297' title='bbox 322 3663 489 3744; x_wconf 89' lang='lat' dir='ltr'>superiores</span> <span class='ocrx_word' id='word_1_298' title='bbox 504 3663 591 3738; x_wconf 88' lang='lat' dir='ltr'>liunt,</span> <span class='ocrx_word' id='word_1_299' title='bbox 609 3671 704 3726; x_wconf 89' lang='lat' dir='ltr'>castra</span> <span class='ocrx_word' id='word_1_300' title='bbox 724 3664 831 3729; x_wconf 91' lang='lat' dir='ltr'>iterum</span> <span class='ocrx_word' id='word_1_301' title='bbox 846 3669 1031 3743; x_wconf 90' lang='lat' dir='ltr'>adoriuntur,</span> <span class='ocrx_word' id='word_1_302' title='bbox 1051 3671 1154 3734; x_wconf 84' lang='lat' dir='ltr'>vallum</span> <span class='ocrx_word' id='word_1_303' title='bbox 1174 3672 1211 3734; x_wconf 83' lang='lat' dir='ltr'>ab</span> <span class='ocrx_word' id='word_1_304' title='bbox 1226 3670 1362 3754; x_wconf 73' lang='lat' dir='ltr'>Apolline</span> <span class='ocrx_word' id='word_1_305' title='bbox 1378 3690 1498 3751; x_wconf 91' lang='lat' dir='ltr'>proru-</span> 
     </span>
     <span class='ocr_line' id='line_1_34' title="bbox 321 3765 1499 3855; baseline 0.009 -29"><span class='ocrx_word' id='word_1_306' title='bbox 321 3773 384 3827; x_wconf 90' lang='lat' dir='ltr'>turn</span> <span class='ocrx_word' id='word_1_307' title='bbox 404 3765 485 3827; x_wconf 81' lang='lat' dir='ltr'>facile</span> <span class='ocrx_word' id='word_1_308' title='bbox 502 3766 742 3840; x_wconf 83' lang='lat' dir='ltr'>transscendent‚</span> <span class='ocrx_word' id='word_1_309' title='bbox 765 3789 928 3853; x_wconf 88' lang='lat' dir='ltr'>magnaque</span> <span class='ocrx_word' id='word_1_310' title='bbox 945 3771 975 3832; x_wconf 92' lang='lat' dir='ltr'>in</span> <span class='ocrx_word' id='word_1_311' title='bbox 996 3773 1070 3854; x_wconf 88' lang='lat' dir='ltr'>ipsis</span> <span class='ocrx_word' id='word_1_312' title='bbox 1091 3775 1192 3837; x_wconf 80' lang='lat' dir='ltr'>castris</span> <span class='ocrx_word' id='word_1_313' title='bbox 1213 3783 1310 3852; x_wconf 80' lang='lat' dir='ltr'>strage</span> <span class='ocrx_word' id='word_1_314' title='bbox 1324 3771 1407 3836; x_wconf 89' lang='lat' dir='ltr'>edita</span> <span class='ocrx_word' id='word_1_315' title='bbox 1435 3793 1499 3855; x_wconf 89' lang='lat' dir='ltr'>po·</span> 
     </span>
     <span class='ocr_line' id='line_1_35' title="bbox 323 3867 1499 3954; baseline 0.01 -25"><span class='ocrx_word' id='word_1_316' title='bbox 323 3874 433 3929; x_wconf 88' lang='lat' dir='ltr'>stremo</span> <span class='ocrx_word' id='word_1_317' title='bbox 459 3867 555 3947; x_wconf 92' lang='lat' dir='ltr'>ignem</span> <span class='ocrx_word' id='word_1_318' title='bbox 576 3867 699 3930; x_wconf 87' lang='lat' dir='ltr'>navibus</span> <span class='ocrx_word' id='word_1_319' title='bbox 725 3869 843 3934; x_wconf 89' lang='lat' dir='ltr'>iniicere</span> <span class='ocrx_word' id='word_1_320' title='bbox 866 3883 978 3954; x_wconf 90' lang='lat' dir='ltr'>parant.</span> <span class='ocrx_word' id='word_1_321' title='bbox 1022 3876 1107 3939; x_wconf 91' lang='lat' dir='ltr'>Nunc</span> <span class='ocrx_word' id='word_1_322' title='bbox 1132 3878 1250 3941; x_wconf 90' lang='lat' dir='ltr'>demum</span> <span class='ocrx_word' id='word_1_323' title='bbox 1270 3875 1435 3939; x_wconf 86' lang='lat' dir='ltr'>Patroclus</span> <span class='ocrx_word' id='word_1_324' title='bbox 1459 3879 1499 3941; x_wconf 89' lang='lat' dir='ltr'>ad</span> 
     </span>
     <span class='ocr_line' id='line_1_36' title="bbox 322 3968 1499 4058; baseline 0.012 -28"><span class='ocrx_word' id='word_1_325' title='bbox 322 3968 461 4030; x_wconf 77' lang='lat' dir='ltr'>Achillem</span> <span class='ocrx_word' id='word_1_326' title='bbox 475 3969 563 4043; x_wconf 89' lang='lat' dir='ltr'>redit,</span> <span class='ocrx_word' id='word_1_327' title='bbox 579 3971 735 4053; x_wconf 90' lang='lat' dir='ltr'>multisque</span> <span class='ocrx_word' id='word_1_328' title='bbox 750 3992 817 4035; x_wconf 92' lang='lat' dir='ltr'>cum</span> <span class='ocrx_word' id='word_1_329' title='bbox 832 3976 959 4038; x_wconf 84' lang='lat' dir='ltr'>lacrimis</span> <span class='ocrx_word' id='word_1_330' title='bbox 978 3979 1110 4058; x_wconf 81' lang='lat' dir='ltr'>exposita</span> <span class='ocrx_word' id='word_1_331' title='bbox 1125 3980 1301 4043; x_wconf 90' lang='lat' dir='ltr'>Graecorum</span> <span class='ocrx_word' id='word_1_332' title='bbox 1324 3976 1412 4041; x_wconf 88' lang='lat' dir='ltr'>clade</span> <span class='ocrx_word' id='word_1_333' title='bbox 1435 3981 1499 4044; x_wconf 91' lang='lat' dir='ltr'>im·</span> 
     </span>
     <span class='ocr_line' id='line_1_37' title="bbox 320 4074 1502 4160; baseline 0.014 -29"><span class='ocrx_word' id='word_1_334' title='bbox 320 4078 428 4152; x_wconf 74' lang='lat' dir='ltr'>petru,</span> <span class='ocrx_word' id='word_1_335' title='bbox 452 4078 484 4133; x_wconf 90' lang='lat' dir='ltr'>nt</span> <span class='ocrx_word' id='word_1_336' title='bbox 503 4091 570 4134; x_wconf 85' lang='lat' dir='ltr'>cunr</span> <span class='ocrx_word' id='word_1_337' title='bbox 589 4074 820 4154; x_wconf 71' lang='lat' dir='ltr'>Myrmidonibus</span> <span class='ocrx_word' id='word_1_338' title='bbox 839 4076 875 4138; x_wconf 90' lang='lat' dir='ltr'>ad</span> <span class='ocrx_word' id='word_1_339' title='bbox 896 4098 983 4160; x_wconf 91' lang='lat' dir='ltr'>opem</span> <span class='ocrx_word' id='word_1_340' title='bbox 1008 4082 1157 4145; x_wconf 79' lang='lat' dir='ltr'>ferendam</span> <span class='ocrx_word' id='word_1_341' title='bbox 1184 4081 1356 4145; x_wconf 84' lang='lat' dir='ltr'>dimittatur.</span> <span class='ocrx_word' id='word_1_342' title='bbox 1414 4083 1502 4147; x_wconf 89' lang='lat' dir='ltr'>Haec</span> 
     </span>
     <span class='ocr_line' id='line_1_38' title="bbox 322 4172 1499 4261; baseline 0.013 -26"><span class='ocrx_word' id='word_1_343' title='bbox 322 4182 368 4235; x_wconf 80' lang='lat' dir='ltr'>ost</span> <span class='ocrx_word' id='word_1_344' title='bbox 380 4172 476 4236; x_wconf 91' lang='lat' dir='ltr'>brevis</span> <span class='ocrx_word' id='word_1_345' title='bbox 495 4192 611 4237; x_wconf 89' lang='lat' dir='ltr'>summa</span> <span class='ocrx_word' id='word_1_346' title='bbox 631 4194 729 4238; x_wconf 91' lang='lat' dir='ltr'>rerum</span> <span class='ocrx_word' id='word_1_347' title='bbox 750 4196 803 4257; x_wconf 90' lang='lat' dir='ltr'>per</span> <span class='ocrx_word' id='word_1_348' title='bbox 818 4189 955 4259; x_wconf 88' lang='lat' dir='ltr'>quattuor</span> <span class='ocrx_word' id='word_1_349' title='bbox 973 4181 1078 4259; x_wconf 90' lang='lat' dir='ltr'>libros,</span> <span class='ocrx_word' id='word_1_350' title='bbox 1097 4184 1263 4261; x_wconf 82' lang='lat' dir='ltr'>lli—XIV,</span> <span class='ocrx_word' id='word_1_351' title='bbox 1283 4191 1499 4249; x_wconf 89' lang='lat' dir='ltr'>narratarum:</span> 
     </span>
     <span class='ocr_line' id='line_1_39' title="bbox 320 4277 1502 4373; baseline 0.017 -35"><span class='ocrx_word' id='word_1_352' title='bbox 320 4293 389 4339; x_wconf 89' lang='lat' dir='ltr'>nam</span> <span class='ocrx_word' id='word_1_353' title='bbox 404 4277 659 4358; x_wconf 87' lang='lat' dir='ltr'>praetermittenda</span> <span class='ocrx_word' id='word_1_354' title='bbox 672 4280 788 4341; x_wconf 85' lang='lat' dir='ltr'>luerunt</span> <span class='ocrx_word' id='word_1_355' title='bbox 802 4282 927 4361; x_wconf 89' lang='lat' dir='ltr'>plurima</span> <span class='ocrx_word' id='word_1_356' title='bbox 943 4285 1126 4366; x_wconf 88' lang='lat' dir='ltr'>singulorum</span> <span class='ocrx_word' id='word_1_357' title='bbox 1139 4288 1305 4363; x_wconf 90' lang='lat' dir='ltr'>certamina,</span> <span class='ocrx_word' id='word_1_358' title='bbox 1320 4288 1352 4352; x_wconf 91' lang='lat' dir='ltr'>in</span> <span class='ocrx_word' id='word_1_359' title='bbox 1369 4294 1502 4373; x_wconf 89' lang='lat' dir='ltr'>quibus,</span> 
     </span>
     <span class='ocr_line' id='line_1_40' title="bbox 320 4378 1502 4475; baseline 0.018 -34"><span class='ocrx_word' id='word_1_360' title='bbox 320 4378 407 4475; x_wconf 78' lang='lat' dir='ltr'>etiam</span> <span class='ocrx_word' id='word_1_361' title='bbox 427 4378 452 4440; x_wconf 91' lang='lat' dir='ltr'>si</span> <span class='ocrx_word' id='word_1_362' title='bbox 473 4378 509 4441; x_wconf 87' lang='lat' dir='ltr'>ad</span> <span class='ocrx_word' id='word_1_363' title='bbox 528 4379 618 4442; x_wconf 85' lang='lat' dir='ltr'>totins</span> <span class='ocrx_word' id='word_1_364' title='bbox 638 4380 740 4460; x_wconf 86' lang='lat' dir='ltr'>proelii</span> <span class='ocrx_word' id='word_1_365' title='bbox 765 4392 900 4447; x_wconf 89' lang='lat' dir='ltr'>eventum</span> <span class='ocrx_word' id='word_1_366' title='bbox 921 4388 1030 4452; x_wconf 88' lang='lat' dir='ltr'>nullius</span> <span class='ocrx_word' id='word_1_367' title='bbox 1054 4397 1104 4452; x_wconf 89' lang='lat' dir='ltr'>aut</span> <span class='ocrx_word' id='word_1_368' title='bbox 1122 4389 1215 4470; x_wconf 82' lang='lat' dir='ltr'>exigui</span> <span class='ocrx_word' id='word_1_369' title='bbox 1240 4394 1389 4456; x_wconf 91' lang='lat' dir='ltr'>momenti</span> <span class='ocrx_word' id='word_1_370' title='bbox 1411 4410 1502 4475; x_wconf 85' lang='lat' dir='ltr'>sunt,</span> 
     </span>
    </p>
   </div>
   <div class='ocr_carea' id='block_1_6' title="bbox 0 0 1590 5138">
    <p class='ocr_par' dir='ltr' id='par_1_6' title="bbox 0 0 1590 5138">
     <span class='ocr_line' id='line_1_41' title="bbox 0 0 1590 5138; baseline 0 0"><span class='ocrx_word' id='word_1_371' title='bbox 0 0 1590 5138; x_wconf 95' lang='lat' dir='ltr'> </span> 
     </span>
    </p>
   </div>
  </div>
 </body>
</html>
