3164 5138
884 421 907 485 t

315 603 373 671 τὸν
394 602 433 673 dd
451 600 571 682 σκότος
592 596 674 677 dece
694 600 851 691 κάλοψσο
896 604 1074 671 Scholiastae
1095 606 1215 687 quidem
1233 605 1321 671 etbm
1345 605 1475 669 murtea

316 711 370 777 iste
390 711 587 791 Hypereuntis
606 705 692 773 κατὰ
712 705 753 772 τὸ
776 700 993 788 σιωπώμενον
1014 709 1214 775 subaudienda
1237 726 1316 784 esse,
1342 709 1472 790 moniis

315 813 493 887 dubitanter,
520 813 715 894 suspicantur.
768 810 862 874 Nobis
887 810 1067 890 probabilius
1094 811 1219 886 ridetur,
1247 812 1338 875 fuisse
1362 811 1393 873 ia
1417 811 1472 874 alio

315 917 456 996 quopiam
482 915 610 981 carmina
634 914 843 978 accuratiorem
869 914 906 976 de
930 913 1128 997 Hyperenoris
1154 914 1240 977 caede
1265 912 1472 985 narrationem,

315 1037 391 1098 quae
416 1036 506 1099 muns
532 1036 596 1081 non
621 1026 738 1099 recepta
763 1025 842 1079 esset
865 1016 897 1077 in
916 1016 1132 1096 compositione
1146 1016 1256 1091 Iliadis,
1281 1017 1361 1079 bimo
1378 1025 1474 1080 tamen

314 1121 413 1185 buum
431 1121 500 1185 libri
517 1120 602 1194 XVll,
622 1119 672 1200 qui
691 1120 760 1182 illuc
774 1119 943 1200 respiceret,
962 1136 1016 1197 per
1034 1117 1241 1198 negligentiam
1258 1118 1408 1198 quandam
1426 1118 1473 1179 iu·

315 1231 426 1289 uotum
439 1230 473 1285 ut
485 1229 548 1285 erat
565 1220 697 1283 relietum
717 1239 793 1283 csse.
809 1255 851 1265 ·-
865 1219 960 1281 Porro
979 1219 1028 1282 lib
1043 1219 1107 1281 xvl
1121 1239 1147 1281 v.
1162 1219 1225 1283 432
1243 1220 1352 1300 iupiter
1364 1219 1473 1300 Sarpe-

314 1326 424 1387 donem
449 1323 638 1404 conspicatus
663 1340 730 1387 uum
756 1323 891 1385 Patroclo
917 1338 1111 1401 congressum
1139 1322 1283 1385 Ιοοσοοιο
1307 1321 1471 1403 aloquitur,

314 1444 404 1507 seque
427 1426 578 1506 ambigere
602 1426 766 1507 profitetur,
791 1425 933 1506 eripietne
957 1426 1034 1488 lateii
1052 1426 1142 1488 morti
1160 1425 1265 1499 lilium,
1290 1443 1328 1485 au
1348 1423 1472 1486 occidis

314 1528 608 1609 retractantium,
634 1544 724 1609 quam
741 1529 788 1591 illa
813 1529 979 1592 orationem
998 1529 1181 1591 vehementer
1205 1526 1378 1606 improbans
1404 1545 1472 1606 per-

313 1631 418 1697 suadet
437 1630 541 1695 manto
555 1648 596 1692 ne
614 1630 679 1693 istis
699 1630 834 1695 obsistat
877 1633 1005 1711 Apparet
1023 1650 1058 1693 er
1077 1631 1136 1691 boc
1149 1629 1309 1710 uslloqtds,
1323 1629 1380 1690 bos
1396 1629 1472 1693 datos

314 1751 393 1799 nuuc
413 1750 470 1797 uua
488 1750 563 1807 ease,
582 1732 747 1813 etquidem
773 1733 804 1795 in
828 1731 880 1794 lda
903 1740 1017 1805 monte,
1044 1750 1103 1813 quo
1123 1750 1155 1793 se
1175 1731 1287 1811 iupiter
1311 1731 1473 1793 contudisse

311 1837 407 1901 diettu
427 1844 474 1901 ast
491 1835 540 1909 lli,
564 1834 632 1910 183,
650 1853 745 1915 neque
762 1834 858 1897 adbuc
876 1835 944 1897 inde
960 1834 995 1897 in
1011 1833 1167 1914 Olympum
1186 1834 1317 1905 revertit,
1342 1835 1372 1896 id
1392 1834 1473 1914 quod

312 1938 376 1999 tvl
391 1958 416 1998 v.
433 1938 495 2000 677
511 1939 703 2001 demonstrat.
745 1936 834 2017 Atqui
853 1935 926 1999 luno
940 1936 1105 1997 visitaverat
1116 1937 1235 2017 quidem
1254 1937 1286 1998 in
1299 1936 1349 1999 lda
1364 1938 1473 1998 seden-

313 2051 386 2115 tem,
406 2040 480 2111 xlv,
500 2038 573 2114 283,
593 2040 646 2103 sed
665 2039 777 2103 eodum
797 2038 832 2099 ab
851 2057 887 2100 eo
906 2038 937 2099 in
957 2037 1115 2118 Olympium
1133 2039 1472 2114 mutuaenutuae.

312 2142 363 2218 tt,
378 2144 457 2206 unde
470 2162 537 2207 eam
551 2152 622 2222 post
636 2143 743 2205 iterum
755 2142 788 2205 in
800 2141 884 2205 ldam
892 2158 1039 2205 revmmm
1052 2160 1119 2204 esse
1128 2159 1275 2222 nusquam
1290 2150 1377 2222 poeta
1391 2141 1471 2203 dixit.

311 2241 394 2305 Hanc
408 2241 447 2305 ob
461 2261 579 2307 cauum
594 2245 763 2309 zenodotus
778 2252 873 2307 totum
887 2244 948 2306 boe
964 2243 1040 2306 loris
1061 2262 1128 2306 eum
1148 2244 1262 2306 lunone
1282 2244 1472 2324 colloquium,

312 2363 327 2405 a
343 2364 369 2406 v.
384 2344 574 2422 tat-459,
589 2365 721 2429 pugnare
739 2364 806 2409 mm
824 2346 938 2427 reliqua
952 2346 1120 2409 narratione
1134 2346 1259 2427 ideoque
1272 2365 1329 2427 pro
1344 2346 1473 2407 insiticio

312 2446 480 2511 babendum
495 2468 561 2513 esse
575 2450 723 2523 iudicarit,
737 2450 784 2512 cui
799 2449 933 2531 equidem
947 2448 1084 2513 assentiri
1097 2448 1186 2522 malo,
1201 2467 1288 2529 quam
1303 2450 1473 2511 Austarcho

311 2547 392 2611 illum
410 2551 649 2630 reprehendenti,
667 2553 749 2631 quod
766 2551 904 2615 mseient
923 2544 978 2614 dac
1003 2546 1114 2614 πολλὰ
1138 2547 1225 2612 κατὰ
1251 2545 1474 2635 συμπέρασμα

310 2644 399 2732 λέγει
418 2642 437 2714 ὁ
459 2648 603 2737 ποιητὴς
617 2648 784 2736 γεγονότα,
805 2648 865 2716 καὶ
877 2646 916 2718 οὐ
938 2648 1015 2716 δέον
1029 2648 1208 2737 ἐπιζητεῖν,
1230 2650 1305 2727 πῶς
1320 2642 1340 2738 ἡ
1355 2650 1475 2736 μικρὸν

312 2742 507 2836 ἔμπροσθεν
536 2745 596 2817 ἐπὶ
627 2750 685 2819 ado
704 2747 880 2836 ’Όλυμποο
909 2755 1206 2841 παροκοχωρηκοῖα
1237 2753 1292 2818 νῦν
1322 2751 1383 2817 ἐπὶ
1413 2752 1475 2840 τῆς

313 2843 406 2938 '‘ldqg
427 2848 509 2917 ἐστι’.
551 2855 619 2917 Non
633 2856 789 2921 defuerunt
808 2866 906 2919 umen
923 2879 958 2920 eu
972 2858 1196 2933 remotioribus,
1212 2860 1319 2939 quibus
1334 2859 1406 2920 baec
1421 2860 1475 2921 de-

311 2956 406 3019 fensio
419 2956 607 3031 satisfaceret,
621 2976 747 3037 quorum
759 2977 837 3021 unus
848 2961 975 3042 insuper
983 2962 1100 3037 addidit,
1115 2970 1175 3022 mm
1187 2970 1279 3024 artam
1291 2961 1472 3024 Graecorum

311 3058 452 3138 opinione
475 3059 715 3123 couiunebonern
734 3061 856 3123 lunonis
880 3081 947 3125 oum
966 3064 1034 3126 leve
1053 3064 1220 3140 iniereat,
1242 3063 1308 3125 licet
1321 3063 1368 3126 illa
1387 3074 1472 3128 antea

310 3160 482 3223 discessisse
502 3161 538 3224 ab
558 3181 593 3223 eo
609 3162 685 3225 dicta
706 3164 759 3237 sit,
778 3164 869 3227 nibilo
889 3165 990 3228 minus
1009 3176 1108 3228 nmen
1127 3184 1207 3229 nunc
1225 3167 1309 3247 quasi
1328 3186 1472 3247 praesens

309 3262 407 3325 induci
421 3263 559 3343 potuerit.
604 3265 677 3328 Tam
692 3275 850 3346 promptos
868 3268 905 3330 ad
920 3270 1098 3331 credendum
1112 3270 1228 3331 aniame
1243 3270 1280 3331 dc
1298 3269 1472 3332 huiusmodi

309 3366 537 3446 propugnaculis
559 3366 681 3430 deiieeoe
704 3369 813 3430 trinua
837 3371 962 3432 moeris.
1011 3371 1146 3434 Ceterum
1166 3374 1303 3436 cohaeret
1320 3371 1369 3434 bic
1386 3372 1471 3436 locus

311 3485 379 3529 cum
398 3467 488 3531 alteru
509 3470 587 3531 baud
607 3471 707 3533 minus
727 3482 881 3551 suspecto,
901 3471 973 3547 xvl
993 3473 1064 3548 666,
1084 3474 1115 3535 in
1135 3492 1194 3554 quo
1214 3475 1285 3538 item
1301 3474 1471 3539 denodatus

309 3586 371 3633 non
392 3569 496 3633 iniuria
515 3571 680 3647 haesitavit,
696 3573 764 3635 licet
782 3575 956 3637 medicinam
976 3592 1038 3637 nen
1057 3577 1128 3639 satis
1146 3596 1291 3659 prospere
1305 3579 1469 3641 tennverit.
1568 3592 1569 3595 ’

307 3671 416 3751 iupiter
440 3674 534 3748 euim,
553 3676 802 3754 quemadmodum
822 3678 919 3757 paullo
940 3684 1007 3740 mla
1028 3678 1187 3754 lamonem,
1213 3681 1257 3743 sic
1276 3698 1356 3743 nunc
1375 3679 1469 3743 iuter·

307 3774 383 3836 iectu
398 3774 570 3855 Sarpedone
584 3760 749 3858 Apollinem
762 3780 930 3861 alloquitur,
949 3800 1037 3860 quem
1051 3782 1082 3843 ie
1100 3782 1152 3844 lda
1166 3783 1274 3845 versari
1293 3801 1355 3845 nen
1374 3786 1468 3864 magis

306 3893 396 3955 quam
410 3876 488 3940 illam
505 3888 589 3958 poeta
605 3879 749 3944 iudicarit.
778 3881 854 3944 ilinc
864 3882 1032 3945 medetur
1046 3903 1102 3964 pro
1117 3904 1153 3947 co
1166 3886 1246 3967 (prod
1260 3902 1340 3948 nuuc
1353 3886 1468 3966 legitur,

305 3972 363 4039 καὶ
394 3971 467 4041 τότ)
492 3972 690 4046 Ἀπόλλωνα
716 3980 871 4071 προσέφη
902 3980 1135 4071 νεφεληγερέτα
1164 3983 1261 4063 Ζεὺς,
1294 3989 1338 4051 sic
1366 3991 1468 4071 potins
1568 4060 1569 4071 q

306 4081 493 4144 scribendum
512 4085 613 4159 suasit,
635 4081 694 4148 xci
712 4078 782 4149 τάπ’
799 4077 852 4170 dp'
867 4081 905 4164 ἐξ
920 4077 1013 4173 Ἴδης
1034 4084 1186 4175 προσέφη
1206 4086 1289 4165 Ζούς
1311 4081 1349 4155 ὃν
1369 4085 1470 4177 φίλον

304 4173 390 4262 υἱόν,
410 4185 504 4247 deleto
524 4187 611 4249 simul
631 4208 719 4251 versu
734 4187 811 4264 677,
833 4208 892 4270 quo
906 4190 943 4252 ab
957 4190 1007 4253 lda
1026 4192 1220 4256 descendisse
1232 4194 1337 4274 Apollo
1352 4194 1466 4258 dicitur.

305 4285 346 4347 lle
372 4289 554 4351 correctione
580 4291 634 4353 ista
661 4292 837 4354 contendere
861 4295 1002 4357 nooman
1026 4313 1093 4357 urm
1118 4295 1292 4359 adversariis
1315 4299 1467 4375 Zenodoti,

305 4389 423 4470 quibos.
434 4391 590 4455 ridiculum
604 4393 767 4468 ridebatur,
786 4395 883 4459 lovem
904 4417 938 4460 ex
954 4397 1003 4460 ida
1018 4407 1121 4460 moute
1133 4399 1296 4479 Apollinem
1315 4401 1467 4465 absentem
