3276 5144
827 450 977 548 ..².⁵.⁰...

323 630 358 699 ἐν
388 622 439 711 οἷς
466 636 612 721 ψυχικῆς
644 629 889 721 παρεμφάσεως
913 625 953 720 ἦν
978 631 1149 721 ἐμφατικά
1173 630 1216 698 τά
1241 627 1480 719 άπαρέμφατα,

323 731 401 803 eride*
414 734 545 824 ῥήματα
559 732 731 821 ἐγκλίσεως
740 735 975 824 μεμοιραμένα,
988 730 1134 819 ὀνόματα
1146 732 1183 801 δέ
1194 735 1258 800 τῶν
1268 730 1479 823 πραγμάτων.

323 843 375 906 sed
395 862 443 906 res
462 843 525 923 ipsa
544 843 630 905 docet
651 834 710 905 οόκ
732 830 771 928 ἦν
792 836 959 927 ἐμφατιιιά
979 842 1167 905 scribendum
1187 861 1262 903 esse.
1304 832 1356 901 Ἐν
1370 825 1423 914 οἷς
1443 838 1479 903 ab

322 946 477 1026 Apollonio
496 962 711 1027 nonnunquam
726 946 769 1009 sic
782 953 950 1029 usurpatur,
971 952 1005 1008 ut
1024 962 1144 1007 causam
1159 952 1189 1005 et
1202 944 1346 1006 rationem
1361 942 1479 1015 indicet,

323 1068 382 1131 quo
402 1066 492 1110 sensu
511 1050 587 1128 apud
607 1049 787 1129 antiquiores
808 1044 842 1111 ἐν
858 1036 895 1133 ᾧ,
918 1051 1070 1111 innostro
1091 1047 1246 1110 vernaculo
1265 1062 1404 1107 sermone
1423 1044 1480 1106 in·

323 1152 398 1212 dem
415 1151 529 1213 dicitur.
573 1150 615 1212 Cf.
632 1170 660 1232 p.
677 1151 749 1226 530,
768 1153 816 1213 17.
833 1152 905 1225 549,
924 1150 972 1213 13.
1017 1151 1078 1212 lam
1100 1169 1168 1212 vero
1188 1148 1393 1230 proximorum
1413 1164 1480 1209 ver-

323 1253 430 1316 borum
452 1253 562 1315 nuiiam
582 1254 832 1316 constructionem
851 1273 914 1315 esse
929 1259 1059 1335 apparet,
1078 1253 1135 1315 nisi
1151 1253 1299 1314 inseratur
1320 1250 1480 1312 infinitivus

323 1345 418 1432 εἶναι,
440 1356 572 1436 pendens
587 1356 634 1418 iile
648 1375 665 1417 a
679 1356 768 1418 verbo
785 1346 982 1441 ἀπεδείχθη,
1003 1356 1054 1418 εεδ
1070 1373 1086 1415 a
1101 1354 1226 1417 librariis
1242 1353 1381 1427 omissus,
1403 1352 1481 1414 inter

323 1453 455 1543 ῥήματα
469 1465 498 1518 et
511 1450 695 1538 ἐγκλίσεως.
739 1456 805 1520 Mox
821 1465 920 1520 autem
935 1460 965 1521 in
980 1459 1037 1532 his,
1059 1456 1130 1531 τοῖς
1145 1452 1182 1519 δὲ
1198 1447 1341 1533 ὀνόμασι
1355 1450 1482 1533 μᾶλλον

321 1556 365 1623 τά
380 1554 510 1643 ῥήματα
525 1553 682 1622 συνοιστά
696 1553 795 1629 ἐστιν,
817 1553 861 1636 ὡς
876 1555 911 1624 ἐν
924 1562 998 1636 ταῖς
1012 1554 1179 1643 ἐγκλίσεσι
1192 1556 1256 1621 τόν
1271 1551 1425 1641 ῥημάτων
1437 1551 1480 1617 τά

323 1656 549 1745 ἐπιρρήματα,
581 1664 759 1743 praepositio
789 1657 823 1724 ἐν
848 1681 950 1726 vereor
974 1670 1009 1725 ut
1033 1663 1151 1725 defendi
1175 1660 1271 1743 possit
1297 1658 1438 1740 exemplis
1463 1678 1480 1721 a

322 1765 485 1828 Skrzeezka
504 1764 606 1838 allatis,
628 1765 664 1827 de
680 1773 790 1827 constr.
805 1785 835 1847 p.
851 1765 923 1840 233,
941 1767 959 1826 7
976 1773 1007 1827 et
1022 1765 1093 1838 250,
1114 1764 1162 1837 13,
1184 1782 1257 1844 quae
1277 1770 1309 1825 et
1328 1761 1392 1844 ipsa
1412 1779 1479 1824 cor·

323 1874 409 1950 rupta
425 1885 489 1929 esse
504 1884 572 1929 cum
587 1866 720 1928 Bektaero
735 1867 848 1930 iudico:
863 1885 960 1949 neque
975 1867 1112 1929 iniuriam
1123 1867 1277 1948 Apollonio
1288 1867 1385 1929 facere
1395 1869 1478 1945 puto,

321 1970 348 2031 si
372 1987 442 2031 eum
467 1959 511 2043 ιδς
535 1958 575 2030 dv
595 1972 640 2032 vel
665 1959 754 2033 όσόν
773 1970 925 2051 scripsisse
945 1971 1086 2052 suspicer,
1113 1969 1207 2033 abusu
1221 1968 1309 2031 huius
1322 1968 1481 2049 particulae

323 2073 399 2154 apud
414 2072 538 2135 labentis
552 2074 716 2152 graecitatis
737 2074 896 2154 scriptores
910 2074 981 2135 satis
995 2074 1143 2155 frequenti
1157 2074 1189 2135 in
1203 2071 1480 2154 comparationibus,

324 2176 406 2237 cuius
420 2175 478 2236 iem
500 2175 578 2257 apud
594 2175 748 2257 Polybium
763 2193 824 2237 non
839 2194 930 2257 pauca
944 2176 1077 2257 exempla
1093 2177 1305 2258 deprehendes,
1320 2175 1373 2238 sed
1387 2173 1480 2254 magis

323 2277 400 2358 apud
415 2278 594 2340 recentiores
608 2285 773 2359 pervagato,
789 2279 868 2341 unde
882 2280 972 2341 etiam
987 2279 1121 2342 hodierni
1137 2279 1239 2341 Graeci
1253 2297 1342 2341 suum
1357 2271 1429 2349 σάν,
1444 2294 1481 2339 ex

323 2370 413 2443 όσόν
428 2381 623 2455 decurtatum,
642 2380 728 2461 piane
742 2399 797 2461 pro
812 2374 926 2466 ὥσπερ
940 2389 1095 2463 usurpant.
1110 2418 1154 2428 -
1167 2382 1200 2444 P.
1216 2382 1288 2455 552,
1309 2381 1345 2441 19
1359 2386 1482 2461 propter

324 2490 514 2563 augmentum
530 2482 561 2567 iu
576 2473 645 2544 ἔδει
661 2483 853 2545 manifestum
874 2503 937 2545 esse
953 2484 1060 2547 dicitur
1079 2480 1119 2548 τδ
1141 2481 1193 2546 δεῖ
1213 2476 1267 2547 ότι
1286 2476 1377 2567 ῥῆμά
1400 2473 1481 2553 ἐστι,

322 2580 382 2647 καί
393 2577 495 2659 οὕτως
506 2577 604 2647 ὥστε
615 2578 653 2646 τό
664 2580 899 2667 συγκεχυμένον
908 2582 973 2648 τῶν
983 2581 1106 2669 χρόνων
1118 2582 1330 2651 διαστέλλειν.
1347 2584 1482 2666 Scripsit,

325 2689 440 2770 opinor,
468 2687 649 2769 Apollonius,
675 2683 733 2749 καὶ
755 2681 859 2765 οὕτως
881 2676 1045 2753 οἷόντε-
1059 2686 1277 2753 διαστίλλειντ
1308 2688 1482 2769 quoniam

323 2792 473 2853 verbum
502 2795 560 2854 est
589 2787 663 2864 dei,
693 2791 777 2853 hinc
804 2793 865 2867 iit,
894 2797 936 2854 ut
963 2799 1132 2873 tempora
1161 2792 1389 2873 distinguere
1418 2807 1484 2870 per
1616 2800 1617 2825 ¹

323 2901 557 2974 augmentum
584 2893 910 2974 possit-reta,
929 2894 976 2958 12.
1003 2904 1197 2976 posteaquem
1222 2895 1259 2955 de
1284 2886 1344 2975 χρή
1369 2892 1483 2955 dictum

323 3006 368 3061 est
388 3003 423 3059 ut
443 3014 497 3077 per
517 3013 669 3077 apocopen
685 3015 701 3058 e
716 2992 812 3077 χρῆσι
827 2996 977 3059 decurtato
1000 2998 1050 3077 (cf.
1067 2998 1102 3059 de
1117 3002 1227 3059 constr.
1241 2997 1291 3070 111,
1310 2997 1348 3058 15
1363 3013 1392 3077 p.
1409 2993 1483 3065 238,

324 3100 377 3177 23)
393 3100 531 3179 leguntur
544 3098 630 3162 haec:
657 3092 742 3178 όπερ
757 3092 968 3179 ἐπίμεμπτον
982 3092 1016 3162 ἐν
1030 3097 1070 3184 τῇ
1083 3094 1168 3161 κατὰ
1181 3095 1240 3161 τδν
1254 3093 1484 3182 παρατατικδν

323 3202 483 3285 προφορᾷ
503 3197 588 3263 κατά
609 3196 716 3275 τάσιν,
739 3194 842 3285 ἐχρῆν,
866 3193 921 3264 ότι
945 3198 1001 3264 καὶ
1020 3197 1078 3264 ode
1097 3203 1146 3285 τῷ
1160 3221 1178 3262 ν
1192 3195 1331 3281 λέγεται,
1353 3194 1481 3285 ἐχρῆν.

324 3305 423 3368 Semel
438 3305 495 3367 hoc
509 3297 603 3388 ἐχρῆν
616 3304 687 3386 poni
701 3305 772 3366 satis
787 3312 863 3381 erat3
884 3306 988 3368 deinde
1005 3325 1057 3387 pro
1074 3298 1127 3368 ότι
1141 3299 1199 3367 καὶ
1213 3321 1274 3366 non
1288 3303 1391 3365 dubito
1408 3304 1480 3383 quin

323 3403 378 3469 xci
395 3399 449 3469 δτι
463 3406 649 3469 scribendum
664 3407 712 3478 sit,
728 3413 758 3468 ct
771 3408 869 3489 paullo
884 3416 951 3470 ante
966 3416 1017 3473 aut
1030 3403 1088 3470 καὶ
1106 3403 1192 3469 κατὰ
1205 3400 1310 3479 τόσιν,
1326 3406 1481 3468 autetiam

323 3503 409 3571 κατά
427 3529 465 3571 τε
482 3503 590 3582 τάσιν,
617 3527 685 3571 cum
705 3508 849 3573 Betikero.
894 3513 951 3574 Sed
974 3511 1061 3573 etism
1083 3502 1176 3590 ὅπερ,
1203 3527 1296 3590 quum
1316 3509 1388 3570 nihil
1407 3527 1481 3589 pro·

324 3613 444 3675 cesserit
467 3631 526 3693 quo
547 3612 650 3674 referri
670 3613 778 3692 possit,
801 3631 868 3675 oum
891 3598 1011 3693 διόπερ
1031 3614 1207 3676 mutandum
1230 3613 1296 3673 erit.
1340 3611 1482 3673 Similiter

323 3721 483 3797 peccarunt
506 3714 615 3777 librarii
629 3733 669 3794 ·p.
686 3713 757 3788 578,
784 3714 825 3775 27
851 3721 881 3777 et
906 3714 1024 3797 ptos,
1042 3714 1092 3789 19,
1117 3715 1174 3776 nisi
1199 3714 1267 3795 quis
1291 3714 1331 3775 ibi
1353 3732 1421 3775 cum
1444 3714 1479 3775 0.

325 3819 502 3882 Schneidero
532 3818 579 3894 (N.
604 3816 679 3880 Mus.
706 3818 799 3880 Rhen.
827 3818 866 3880 ΙΙΙ
890 3838 918 3900 p.
946 3817 1020 3897 448)
1046 3809 1296 3902 μετεγράψαντο
1322 3834 1377 3897 pro
1403 3835 1481 3894 μετ-

324 3917 475 4006 έγραψαν
495 3914 535 3982 τό
560 3920 687 3983 scribere
708 3920 806 3995 meiit3
832 3940 1009 4001 quamquam
1029 3921 1156 3983 activum
1177 3919 1312 4000 equidem
1332 3925 1482 4000 proestare

324 4033 407 4108 puto.

409 4127 445 4189 ln
463 4126 595 4207 proxima
614 4126 810 4209 disputatione
830 4127 866 4189 de
887 4126 1022 4190 adverbio
1046 4119 1137 4209 ἐιητι
1157 4145 1186 4206 p.
1203 4125 1275 4197 545,
1296 4123 1334 4185 81
1355 4122 1479 4203 tegitur:

325 4219 358 4293 oi
378 4225 416 4291 dd
434 4222 613 4309 σύνδεσμοι
633 4218 758 4291 οίίποτε
776 4218 852 4291 κατ’
872 4221 962 4291 ίδίαν
981 4218 1178 4314 σημαίνουσί
1190 4246 1234 4297 τι,
1256 4221 1429 4288 συνδέουσι
1443 4220 1483 4289 δέ

324 4327 401 4406 τούς
422 4325 539 4411 λόγους
561 4323 830 4408 ἐξετάζοντες,
853 4326 912 4394 καὶ
934 4322 1037 4407 οὕτως
1051 4323 1239 4403 συνδέοντες
1252 4323 1312 4390 καὶ
1326 4318 1481 4405 ἐνοῦντες.

325 4435 385 4497 Sed
399 4434 471 4498 iilud
486 4425 688 4512 ἐξετάζοντες
702 4434 772 4516 quid
787 4434 949 4516 significare
964 4435 1065 4519 possit,
1080 4451 1170 4496 nemo
1185 4431 1298 4495 dixerit.
1321 4431 1484 4514 Scripsisse
