<?xml version="1.0" encoding="UTF-8"?>
<!DOCTYPE html PUBLIC "-//W3C//DTD XHTML 1.0 Transitional//EN"
    "http://www.w3.org/TR/xhtml1/DTD/xhtml1-transitional.dtd">
<html xmlns="http://www.w3.org/1999/xhtml" xml:lang="en" lang="en">
 <head>
  <title>
</title>
<meta http-equiv="Content-Type" content="text/html;charset=utf-8" />
  <meta name='ocr-system' content='tesseract 3.04.00' />
  <meta name='ocr-capabilities' content='ocr_page ocr_carea ocr_par ocr_line ocrx_word'/>
</head>
<body>
  <div class='ocr_page' id='page_1' title='image "./opusculaacademi00schogoog_0684.png"; bbox 0 0 3284 5152; ppageno 0'>
   <div class='ocr_carea' id='block_1_1' title="bbox 688 465 841 562">
    <p class='ocr_par' dir='ltr' id='par_1_1' title="bbox 688 465 841 562">
     <span class='ocr_line' id='line_1_1' title="bbox 688 465 841 562; baseline -0.007 -36"><span class='ocrx_word' id='word_1_1' title='bbox 688 465 841 562; x_wconf 57' lang='lat' dir='ltr'><strong>„ffl-</strong></span> 
     </span>
    </p>
   </div>
   <div class='ocr_carea' id='block_1_2' title="bbox 187 648 1432 4524">
    <p class='ocr_par' dir='ltr' id='par_1_2' title="bbox 188 648 1432 942">
     <span class='ocr_line' id='line_1_2' title="bbox 188 648 1432 741; baseline -0.009 -21"><span class='ocrx_word' id='word_1_2' title='bbox 188 678 204 721; x_wconf 90' lang='lat' dir='ltr'><strong>a</strong></span> <span class='ocrx_word' id='word_1_3' title='bbox 222 656 366 741; x_wconf 87' lang='lat' dir='ltr'><strong>Sophocle</strong></span> <span class='ocrx_word' id='word_1_4' title='bbox 381 656 494 719; x_wconf 82' lang='lat' dir='ltr'><strong>dotum</strong></span> <span class='ocrx_word' id='word_1_5' title='bbox 508 672 572 717; x_wconf 89' lang='lat' dir='ltr'><strong>esse</strong></span> <span class='ocrx_word' id='word_1_6' title='bbox 587 654 646 716; x_wconf 90' lang='lat' dir='ltr'><strong>iam</strong></span> <span class='ocrx_word' id='word_1_7' title='bbox 667 653 716 716; x_wconf 88' lang='lat' dir='ltr'><strong>alii</strong></span> <span class='ocrx_word' id='word_1_8' title='bbox 737 658 929 725; x_wconf 86' lang='lat' dir='ltr'><strong>monuerunt,</strong></span> <span class='ocrx_word' id='word_1_9' title='bbox 945 670 961 712; x_wconf 90' lang='grc' dir='ltr'><em>ε</em></span> <span class='ocrx_word' id='word_1_10' title='bbox 978 651 1096 715; x_wconf 87' lang='lat' dir='ltr'><strong>Stobae.</strong></span> <span class='ocrx_word' id='word_1_11' title='bbox 1114 652 1178 714; x_wconf 85' lang='lat' dir='ltr'><strong>dor.</strong></span> <span class='ocrx_word' id='word_1_12' title='bbox 1193 648 1293 724; x_wconf 81' lang='lat' dir='ltr'><strong>xviii,</strong></span> <span class='ocrx_word' id='word_1_13' title='bbox 1321 651 1348 710; x_wconf 89' lang='lat' dir='ltr'><strong>i.</strong></span> <span class='ocrx_word' id='word_1_14' title='bbox 1387 694 1392 702; x_wconf 91' lang='lat'><em>.</em></span> <span class='ocrx_word' id='word_1_15' title='bbox 1426 728 1432 735; x_wconf 31' lang='grc' dir='ltr'>Ι</span> 
     </span>
     <span class='ocr_line' id='line_1_3' title="bbox 188 746 1350 839; baseline -0.008 -16"><span class='ocrx_word' id='word_1_16' title='bbox 188 762 245 823; x_wconf 83' lang='lat' dir='ltr'><strong>Pro</strong></span> <span class='ocrx_word' id='word_1_17' title='bbox 265 750 350 833; x_wconf 75' lang='grc' dir='ltr'><strong><em>τάδ’,</em></strong></span> <span class='ocrx_word' id='word_1_18' title='bbox 366 757 445 839; x_wconf 89' lang='lat' dir='ltr'><strong>quod</strong></span> <span class='ocrx_word' id='word_1_19' title='bbox 459 756 491 820; x_wconf 90' lang='lat' dir='ltr'><strong>in</strong></span> <span class='ocrx_word' id='word_1_20' title='bbox 505 756 654 821; x_wconf 75' lang='lat' dir='ltr'>codicibus</span> <span class='ocrx_word' id='word_1_21' title='bbox 668 764 722 829; x_wconf 87' lang='lat' dir='ltr'><strong>est,</strong></span> <span class='ocrx_word' id='word_1_22' title='bbox 737 746 815 833; x_wconf 80' lang='grc' dir='ltr'><strong><em>τάχ’</em></strong></span> <span class='ocrx_word' id='word_1_23' title='bbox 829 754 1035 838; x_wconf 87' lang='lat' dir='ltr'><strong>reponendum</strong></span> <span class='ocrx_word' id='word_1_24' title='bbox 1051 752 1178 816; x_wconf 79' lang='lat' dir='ltr'><strong>asserir</strong></span> <span class='ocrx_word' id='word_1_25' title='bbox 1193 752 1350 833; x_wconf 81' lang='lat' dir='ltr'><strong>quisquam</strong></span> 
     </span>
     <span class='ocr_line' id='line_1_4' title="bbox 188 861 313 942; baseline -0.016 -18"><span class='ocrx_word' id='word_1_26' title='bbox 188 861 313 942; x_wconf 82' lang='lat' dir='ltr'><strong>negabit.</strong></span> 
     </span>
    </p>

    <p class='ocr_par' dir='ltr' id='par_1_3' title="bbox 187 956 1351 1130">
     <span class='ocr_line' id='line_1_5' title="bbox 274 956 1351 1041; baseline -0.005 -17"><span class='ocrx_word' id='word_1_27' title='bbox 274 964 305 1025; x_wconf 84' lang='lat' dir='ltr'><strong>V.</strong></span> <span class='ocrx_word' id='word_1_28' title='bbox 330 963 410 1026; x_wconf 86' lang='grc'>1000</span> <span class='ocrx_word' id='word_1_29' title='bbox 431 962 540 1041; x_wconf 82' lang='grc'>(1051)</span> <span class='ocrx_word' id='word_1_30' title='bbox 556 963 581 1024; x_wconf 93' lang='lat' dir='ltr'><strong>si</strong></span> <span class='ocrx_word' id='word_1_31' title='bbox 601 960 734 1027; x_wconf 86' lang='lat' dir='ltr'><strong>librarios</strong></span> <span class='ocrx_word' id='word_1_32' title='bbox 751 961 888 1025; x_wconf 78' lang='lat' dir='ltr'><strong>audimus</strong></span> <span class='ocrx_word' id='word_1_33' title='bbox 910 959 1071 1025; x_wconf 83' lang='lat' dir='ltr'><strong>Cassandra</strong></span> <span class='ocrx_word' id='word_1_34' title='bbox 1091 958 1215 1020; x_wconf 91' lang='lat' dir='ltr'><strong>domum</strong></span> <span class='ocrx_word' id='word_1_35' title='bbox 1231 956 1351 1020; x_wconf 80' lang='lat' dir='ltr'><strong>hirida-</strong></span> 
     </span>
     <span class='ocr_line' id='line_1_6' title="bbox 187 1073 354 1130; baseline -0.012 0"><span class='ocrx_word' id='word_1_36' title='bbox 187 1086 255 1130; x_wconf 83' lang='lat' dir='ltr'><strong>rnm</strong></span> <span class='ocrx_word' id='word_1_37' title='bbox 271 1073 354 1129; x_wconf 78' lang='lat' dir='ltr'><strong>coeat</strong></span> 
     </span>
    </p>

    <p class='ocr_par' dir='ltr' id='par_1_4' title="bbox 187 1157 1354 2887">
     <span class='ocr_line' id='line_1_7' title="bbox 387 1157 1079 1250; baseline -0.006 -21"><span class='ocrx_word' id='word_1_38' title='bbox 387 1158 505 1249; x_wconf 73' lang='grc' dir='ltr'><em>ἀνδρὸς</em></span> <span class='ocrx_word' id='word_1_39' title='bbox 524 1161 671 1250; x_wconf 80' lang='grc' dir='ltr'><em>σφάγιον</em></span> <span class='ocrx_word' id='word_1_40' title='bbox 691 1164 748 1230; x_wconf 81' lang='grc' dir='ltr'><strong>καὶ</strong></span> <span class='ocrx_word' id='word_1_41' title='bbox 769 1160 875 1229; x_wconf 78' lang='grc' dir='ltr'><em>πέδον</em></span> <span class='ocrx_word' id='word_1_42' title='bbox 897 1157 1079 1249; x_wconf 76' lang='grc' dir='ltr'><em>ραντήριον.</em></span> 
     </span>
     <span class='ocr_line' id='line_1_8' title="bbox 188 1264 1351 1356; baseline -0.006 -22"><span class='ocrx_word' id='word_1_43' title='bbox 188 1274 222 1336; x_wconf 93' lang='lat' dir='ltr'><strong>ln</strong></span> <span class='ocrx_word' id='word_1_44' title='bbox 235 1272 282 1333; x_wconf 89' lang='lat' dir='ltr'><strong>his</strong></span> <span class='ocrx_word' id='word_1_45' title='bbox 296 1265 442 1356; x_wconf 84' lang='grc' dir='ltr'><em>σφάγιον</em></span> <span class='ocrx_word' id='word_1_46' title='bbox 455 1269 576 1351; x_wconf 89' lang='lat' dir='ltr'><strong>quidem</strong></span> <span class='ocrx_word' id='word_1_47' title='bbox 590 1271 622 1331; x_wconf 92' lang='lat' dir='ltr'><strong>in</strong></span> <span class='ocrx_word' id='word_1_48' title='bbox 636 1269 795 1354; x_wconf 73' lang='grc' dir='ltr'><em>σφαγεῖον</em></span> <span class='ocrx_word' id='word_1_49' title='bbox 809 1268 984 1331; x_wconf 86' lang='lat' dir='ltr'><strong>mutandum</strong></span> <span class='ocrx_word' id='word_1_50' title='bbox 998 1283 1063 1329; x_wconf 84' lang='lat' dir='ltr'><strong>esse</strong></span> <span class='ocrx_word' id='word_1_51' title='bbox 1078 1264 1209 1348; x_wconf 75' lang='lat' dir='ltr'>plerique</span> <span class='ocrx_word' id='word_1_52' title='bbox 1223 1281 1351 1329; x_wconf 86' lang='lat' dir='ltr'><strong>eonsen-</strong></span> 
     </span>
     <span class='ocr_line' id='line_1_9' title="bbox 187 1368 1351 1451; baseline -0.005 -14"><span class='ocrx_word' id='word_1_53' title='bbox 187 1375 275 1449; x_wconf 85' lang='lat' dir='ltr'><strong>tinnt,</strong></span> <span class='ocrx_word' id='word_1_54' title='bbox 289 1392 350 1436; x_wconf 89' lang='lat' dir='ltr'><strong>non</strong></span> <span class='ocrx_word' id='word_1_55' title='bbox 370 1390 459 1435; x_wconf 90' lang='lat' dir='ltr'><strong>sensu</strong></span> <span class='ocrx_word' id='word_1_56' title='bbox 480 1378 596 1435; x_wconf 73' lang='lat' dir='ltr'><strong>mnium</strong></span> <span class='ocrx_word' id='word_1_57' title='bbox 616 1372 668 1433; x_wconf 88' lang='lat' dir='ltr'><strong>sed</strong></span> <span class='ocrx_word' id='word_1_58' title='bbox 691 1373 780 1435; x_wconf 86' lang='lat' dir='ltr'><strong>etiam</strong></span> <span class='ocrx_word' id='word_1_59' title='bbox 801 1378 897 1433; x_wconf 88' lang='lat' dir='ltr'><strong>metro</strong></span> <span class='ocrx_word' id='word_1_60' title='bbox 919 1368 1115 1451; x_wconf 78' lang='lat' dir='ltr'>corruptelam</span> <span class='ocrx_word' id='word_1_61' title='bbox 1136 1374 1292 1448; x_wconf 79' lang='lat' dir='ltr'><strong>arguente3</strong></span> <span class='ocrx_word' id='word_1_62' title='bbox 1313 1369 1351 1431; x_wconf 84' lang='lat' dir='ltr'><strong>da</strong></span> 
     </span>
     <span class='ocr_line' id='line_1_10' title="bbox 188 1469 1351 1561; baseline -0.006 -22"><span class='ocrx_word' id='word_1_63' title='bbox 188 1477 344 1561; x_wconf 86' lang='lat' dir='ltr'><strong>postremis</strong></span> <span class='ocrx_word' id='word_1_64' title='bbox 352 1484 459 1538; x_wconf 15' lang='lat' dir='ltr'><strong>sautem</strong></span> <span class='ocrx_word' id='word_1_65' title='bbox 472 1474 587 1537; x_wconf 91' lang='lat' dir='ltr'><strong>duobus</strong></span> <span class='ocrx_word' id='word_1_66' title='bbox 602 1473 696 1537; x_wconf 86' lang='lat' dir='ltr'><strong>verbis</strong></span> <span class='ocrx_word' id='word_1_67' title='bbox 711 1473 782 1554; x_wconf 91' lang='lat' dir='ltr'><strong>quid</strong></span> <span class='ocrx_word' id='word_1_68' title='bbox 792 1473 961 1537; x_wconf 61' lang='lat' dir='ltr'><strong>iacendum</strong></span> <span class='ocrx_word' id='word_1_69' title='bbox 972 1472 1011 1535; x_wconf 92' lang='lat' dir='ltr'><strong>sit</strong></span> <span class='ocrx_word' id='word_1_70' title='bbox 1023 1487 1128 1550; x_wconf 89' lang='lat' dir='ltr'><strong>magna</strong></span> <span class='ocrx_word' id='word_1_71' title='bbox 1139 1476 1186 1532; x_wconf 92' lang='lat' dir='ltr'><strong>est</strong></span> <span class='ocrx_word' id='word_1_72' title='bbox 1197 1469 1351 1532; x_wconf 79' lang='lat' dir='ltr'><strong>dimensio.</strong></span> 
     </span>
     <span class='ocr_line' id='line_1_11' title="bbox 188 1564 1350 1655; baseline -0.007 -14"><span class='ocrx_word' id='word_1_73' title='bbox 188 1573 301 1642; x_wconf 77' lang='grc' dir='ltr'><em>Πέδον</em></span> <span class='ocrx_word' id='word_1_74' title='bbox 319 1580 356 1641; x_wconf 88' lang='lat' dir='ltr'><strong>dc</strong></span> <span class='ocrx_word' id='word_1_75' title='bbox 371 1579 461 1641; x_wconf 90' lang='lat' dir='ltr'><strong>domo</strong></span> <span class='ocrx_word' id='word_1_76' title='bbox 475 1577 587 1639; x_wconf 90' lang='lat' dir='ltr'><strong>dictum</strong></span> <span class='ocrx_word' id='word_1_77' title='bbox 602 1576 709 1640; x_wconf 85' lang='lat' dir='ltr'><strong>merito</strong></span> <span class='ocrx_word' id='word_1_78' title='bbox 723 1576 852 1651; x_wconf 78' lang='lat' dir='ltr'><strong>offendit,</strong></span> <span class='ocrx_word' id='word_1_79' title='bbox 869 1593 926 1637; x_wconf 84' lang='lat' dir='ltr'><strong>nec</strong></span> <span class='ocrx_word' id='word_1_80' title='bbox 946 1575 1045 1636; x_wconf 78' lang='lat' dir='ltr'><strong>minius</strong></span> <span class='ocrx_word' id='word_1_81' title='bbox 1065 1564 1251 1655; x_wconf 78' lang='grc' dir='ltr'><em>ῥαντήριον,</em></span> <span class='ocrx_word' id='word_1_82' title='bbox 1270 1570 1350 1652; x_wconf 85' lang='lat' dir='ltr'><strong>quod</strong></span> 
     </span>
     <span class='ocr_line' id='line_1_12' title="bbox 189 1674 1351 1761; baseline -0.003 -18"><span class='ocrx_word' id='word_1_83' title='bbox 189 1682 248 1743; x_wconf 88' lang='lat' dir='ltr'><strong>sire</strong></span> <span class='ocrx_word' id='word_1_84' title='bbox 263 1681 328 1761; x_wconf 87' lang='lat' dir='ltr'><strong>quis</strong></span> <span class='ocrx_word' id='word_1_85' title='bbox 343 1682 379 1743; x_wconf 91' lang='lat' dir='ltr'><strong>de</strong></span> <span class='ocrx_word' id='word_1_86' title='bbox 394 1679 544 1742; x_wconf 89' lang='lat' dir='ltr'><strong>lustranda</strong></span> <span class='ocrx_word' id='word_1_87' title='bbox 560 1679 649 1740; x_wconf 92' lang='lat' dir='ltr'><strong>domo</strong></span> <span class='ocrx_word' id='word_1_88' title='bbox 671 1679 733 1740; x_wconf 85' lang='lat' dir='ltr'><strong>sive</strong></span> <span class='ocrx_word' id='word_1_89' title='bbox 754 1679 791 1740; x_wconf 89' lang='lat' dir='ltr'><strong>de</strong></span> <span class='ocrx_word' id='word_1_90' title='bbox 813 1678 964 1760; x_wconf 87' lang='lat' dir='ltr'><strong>inquinata</strong></span> <span class='ocrx_word' id='word_1_91' title='bbox 986 1683 1016 1738; x_wconf 91' lang='lat' dir='ltr'><strong>et</strong></span> <span class='ocrx_word' id='word_1_92' title='bbox 1035 1674 1178 1755; x_wconf 79' lang='lat' dir='ltr'><strong>smguns</strong></span> <span class='ocrx_word' id='word_1_93' title='bbox 1194 1690 1351 1756; x_wconf 81' lang='lat' dir='ltr'><strong>conspersa</strong></span> 
     </span>
     <span class='ocr_line' id='line_1_13' title="bbox 189 1776 1353 1866; baseline -0.006 -21"><span class='ocrx_word' id='word_1_94' title='bbox 189 1783 310 1864; x_wconf 77' lang='lat' dir='ltr'>cogitet,</span> <span class='ocrx_word' id='word_1_95' title='bbox 332 1784 449 1866; x_wconf 80' lang='lat' dir='ltr'><strong>passivo</strong></span> <span class='ocrx_word' id='word_1_96' title='bbox 468 1799 559 1844; x_wconf 90' lang='lat' dir='ltr'><strong>sensu</strong></span> <span class='ocrx_word' id='word_1_97' title='bbox 580 1780 781 1861; x_wconf 87' lang='lat' dir='ltr'><strong>accipiendum</strong></span> <span class='ocrx_word' id='word_1_98' title='bbox 803 1781 860 1843; x_wconf 90' lang='lat' dir='ltr'><strong>erit</strong></span> <span class='ocrx_word' id='word_1_99' title='bbox 880 1788 981 1843; x_wconf 72' lang='grc' dir='ltr'><em>εοεαε</em></span> <span class='ocrx_word' id='word_1_100' title='bbox 999 1777 1161 1857; x_wconf 76' lang='lat' dir='ltr'><strong>analogiam</strong></span> <span class='ocrx_word' id='word_1_101' title='bbox 1181 1776 1353 1841; x_wconf 91' lang='lat' dir='ltr'><strong>huiusmodi</strong></span> 
     </span>
     <span class='ocr_line' id='line_1_14' title="bbox 188 1879 1353 1965; baseline -0.004 -19"><span class='ocrx_word' id='word_1_102' title='bbox 188 1887 363 1948; x_wconf 81' lang='lat' dir='ltr'><strong>formarum.</strong></span> <span class='ocrx_word' id='word_1_103' title='bbox 393 1888 523 1949; x_wconf 83' lang='lat' dir='ltr'><strong>hetivam</strong></span> <span class='ocrx_word' id='word_1_104' title='bbox 539 1885 627 1965; x_wconf 85' lang='lat' dir='ltr'><strong>igitur</strong></span> <span class='ocrx_word' id='word_1_105' title='bbox 641 1885 882 1965; x_wconf 85' lang='lat' dir='ltr'><strong>significationem</strong></span> <span class='ocrx_word' id='word_1_106' title='bbox 893 1883 1079 1945; x_wconf 86' lang='lat' dir='ltr'><strong>Hermannus</strong></span> <span class='ocrx_word' id='word_1_107' title='bbox 1090 1884 1223 1943; x_wconf 88' lang='lat' dir='ltr'><strong>statuens</strong></span> <span class='ocrx_word' id='word_1_108' title='bbox 1235 1879 1353 1960; x_wconf 80' lang='lat' dir='ltr'><strong>scripsit</strong></span> 
     </span>
     <span class='ocr_line' id='line_1_15' title="bbox 190 1979 1352 2069; baseline -0.003 -23"><span class='ocrx_word' id='word_1_109' title='bbox 190 1983 246 2047; x_wconf 82' lang='grc' dir='ltr'><strong>καὶ</strong></span> <span class='ocrx_word' id='word_1_110' title='bbox 267 1979 367 2047; x_wconf 74' lang='grc' dir='ltr'><em>πέδοι</em></span> <span class='ocrx_word' id='word_1_111' title='bbox 388 1979 570 2069; x_wconf 74' lang='grc' dir='ltr'><em>ῥανοήριον,</em></span> <span class='ocrx_word' id='word_1_112' title='bbox 598 1987 686 2068; x_wconf 84' lang='lat' dir='ltr'><strong>idque</strong></span> <span class='ocrx_word' id='word_1_113' title='bbox 715 1987 874 2050; x_wconf 73' lang='lat' dir='ltr'><strong>eonvertn:</strong></span> <span class='ocrx_word' id='word_1_114' title='bbox 904 1985 977 2047; x_wconf 83' lang='lat' dir='ltr'><strong>viri</strong></span> <span class='ocrx_word' id='word_1_115' title='bbox 1007 1982 1219 2061; x_wconf 87' lang='lat' dir='ltr'><strong>sanguinem</strong></span> <span class='ocrx_word' id='word_1_116' title='bbox 1248 1980 1352 2043; x_wconf 91' lang='lat' dir='ltr'><strong>humi</strong></span> 
     </span>
     <span class='ocr_line' id='line_1_16' title="bbox 190 2075 1353 2171; baseline -0.003 -23"><span class='ocrx_word' id='word_1_117' title='bbox 190 2086 429 2170; x_wconf 82' lang='lat' dir='ltr'><strong>profundens,</strong></span> <span class='ocrx_word' id='word_1_118' title='bbox 453 2087 622 2160; x_wconf 84' lang='lat' dir='ltr'><strong>coniuncto,</strong></span> <span class='ocrx_word' id='word_1_119' title='bbox 649 2088 761 2167; x_wconf 79' lang='lat' dir='ltr'><strong>inquit,</strong></span> <span class='ocrx_word' id='word_1_120' title='bbox 783 2080 954 2171; x_wconf 68' lang='lat' dir='ltr'><strong>descriptos</strong></span> <span class='ocrx_word' id='word_1_121' title='bbox 976 2103 1045 2148; x_wconf 90' lang='lat' dir='ltr'><strong>eum</strong></span> <span class='ocrx_word' id='word_1_122' title='bbox 1065 2075 1186 2164; x_wconf 73' lang='grc' dir='ltr'><em>α’νδρός</em></span> <span class='ocrx_word' id='word_1_123' title='bbox 1206 2101 1299 2162; x_wconf 85' lang='lat' dir='ltr'><strong>aeque</strong></span> <span class='ocrx_word' id='word_1_124' title='bbox 1318 2089 1353 2147; x_wconf 89' lang='lat' dir='ltr'><strong>ut</strong></span> 
     </span>
     <span class='ocr_line' id='line_1_17' title="bbox 189 2185 1352 2274; baseline -0.002 -23"><span class='ocrx_word' id='word_1_125' title='bbox 189 2188 358 2274; x_wconf 73' lang='grc' dir='ltr'><strong><em>σφαγεῖον.</em></strong></span> <span class='ocrx_word' id='word_1_126' title='bbox 395 2188 650 2268; x_wconf 84' lang='lat' dir='ltr'><strong>blagisdisertam</strong></span> <span class='ocrx_word' id='word_1_127' title='bbox 675 2190 824 2271; x_wconf 80' lang='lat' dir='ltr'><strong>sanguinis</strong></span> <span class='ocrx_word' id='word_1_128' title='bbox 845 2189 1027 2251; x_wconf 82' lang='lat' dir='ltr'><strong>mentionem</strong></span> <span class='ocrx_word' id='word_1_129' title='bbox 1045 2186 1200 2267; x_wconf 82' lang='lat' dir='ltr'><strong>requirens</strong></span> <span class='ocrx_word' id='word_1_130' title='bbox 1220 2185 1352 2266; x_wconf 84' lang='lat' dir='ltr'><strong>Engerus</strong></span> 
     </span>
     <span class='ocr_line' id='line_1_18' title="bbox 189 2283 1353 2377; baseline -0.003 -24"><span class='ocrx_word' id='word_1_131' title='bbox 189 2284 464 2377; x_wconf 77' lang='grc' dir='ltr'><em>φονορραντήριον</em></span> <span class='ocrx_word' id='word_1_132' title='bbox 483 2291 595 2373; x_wconf 89' lang='lat' dir='ltr'><strong>posuit,</strong></span> <span class='ocrx_word' id='word_1_133' title='bbox 615 2292 763 2373; x_wconf 90' lang='lat' dir='ltr'><strong>simulque</strong></span> <span class='ocrx_word' id='word_1_134' title='bbox 792 2283 1069 2375; x_wconf 70' lang='grc' dir='ltr'><em>ἀνδροσφαγεῖον,</em></span> <span class='ocrx_word' id='word_1_135' title='bbox 1091 2289 1128 2350; x_wconf 87' lang='lat' dir='ltr'><strong>ab</strong></span> <span class='ocrx_word' id='word_1_136' title='bbox 1149 2287 1211 2351; x_wconf 88' lang='lat' dir='ltr'><strong>aliis</strong></span> <span class='ocrx_word' id='word_1_137' title='bbox 1234 2304 1353 2370; x_wconf 85' lang='lat' dir='ltr'><strong>quoque</strong></span> 
     </span>
     <span class='ocr_line' id='line_1_19' title="bbox 190 2390 1353 2476; baseline -0.003 -19"><span class='ocrx_word' id='word_1_138' title='bbox 190 2394 440 2466; x_wconf 85' lang='lat' dir='ltr'><strong>commendatum,</strong></span> <span class='ocrx_word' id='word_1_139' title='bbox 454 2400 620 2476; x_wconf 86' lang='lat' dir='ltr'><strong>propterea,</strong></span> <span class='ocrx_word' id='word_1_140' title='bbox 638 2395 751 2476; x_wconf 81' lang='lat' dir='ltr'><strong>opinor,</strong></span> <span class='ocrx_word' id='word_1_141' title='bbox 768 2395 847 2474; x_wconf 89' lang='lat' dir='ltr'><strong>quod</strong></span> <span class='ocrx_word' id='word_1_142' title='bbox 861 2412 923 2456; x_wconf 90' lang='lat' dir='ltr'><strong>non</strong></span> <span class='ocrx_word' id='word_1_143' title='bbox 937 2393 973 2455; x_wconf 91' lang='lat' dir='ltr'><strong>de</strong></span> <span class='ocrx_word' id='word_1_144' title='bbox 988 2392 1076 2455; x_wconf 90' lang='lat' dir='ltr'><strong>unius</strong></span> <span class='ocrx_word' id='word_1_145' title='bbox 1086 2397 1204 2454; x_wconf 87' lang='lat' dir='ltr'><strong>tantum</strong></span> <span class='ocrx_word' id='word_1_146' title='bbox 1214 2390 1270 2453; x_wconf 88' lang='lat' dir='ltr'><strong>riri</strong></span> <span class='ocrx_word' id='word_1_147' title='bbox 1282 2407 1353 2453; x_wconf 88' lang='lat' dir='ltr'><strong>san·</strong></span> 
     </span>
     <span class='ocr_line' id='line_1_20' title="bbox 192 2493 1354 2577; baseline -0.003 -19"><span class='ocrx_word' id='word_1_148' title='bbox 192 2498 279 2577; x_wconf 89' lang='lat' dir='ltr'><strong>guine</strong></span> <span class='ocrx_word' id='word_1_149' title='bbox 295 2495 482 2577; x_wconf 87' lang='lat' dir='ltr'><strong>cogitandum</strong></span> <span class='ocrx_word' id='word_1_150' title='bbox 498 2515 563 2559; x_wconf 87' lang='lat' dir='ltr'><strong>esse</strong></span> <span class='ocrx_word' id='word_1_151' title='bbox 578 2497 740 2559; x_wconf 89' lang='lat' dir='ltr'><strong>crederent.</strong></span> <span class='ocrx_word' id='word_1_152' title='bbox 767 2496 842 2559; x_wconf 93' lang='lat' dir='ltr'><strong>Nolo</strong></span> <span class='ocrx_word' id='word_1_153' title='bbox 858 2503 1023 2559; x_wconf 86' lang='lat' dir='ltr'><strong>ceterorum</strong></span> <span class='ocrx_word' id='word_1_154' title='bbox 1043 2495 1226 2559; x_wconf 81' lang='lat' dir='ltr'><strong>muiectnras</strong></span> <span class='ocrx_word' id='word_1_155' title='bbox 1244 2493 1354 2557; x_wconf 78' lang='lat' dir='ltr'><strong>seleno</strong></span> 
     </span>
     <span class='ocr_line' id='line_1_21' title="bbox 190 2595 1351 2680; baseline -0.002 -19"><span class='ocrx_word' id='word_1_156' title='bbox 190 2601 259 2662; x_wconf 91' lang='lat' dir='ltr'><strong>satis</strong></span> <span class='ocrx_word' id='word_1_157' title='bbox 284 2599 437 2680; x_wconf 87' lang='lat' dir='ltr'><strong>diligenter</strong></span> <span class='ocrx_word' id='word_1_158' title='bbox 461 2599 492 2661; x_wconf 90' lang='lat' dir='ltr'><strong>in</strong></span> <span class='ocrx_word' id='word_1_159' title='bbox 518 2599 625 2680; x_wconf 83' lang='lat' dir='ltr'><strong>Eugen&#39;</strong></span> <span class='ocrx_word' id='word_1_160' title='bbox 650 2599 838 2662; x_wconf 75' lang='lat' dir='ltr'><strong>annotatione</strong></span> <span class='ocrx_word' id='word_1_161' title='bbox 862 2604 1118 2660; x_wconf 87' lang='lat' dir='ltr'><strong>commemoratas.</strong></span> <span class='ocrx_word' id='word_1_162' title='bbox 1151 2596 1195 2659; x_wconf 82' lang='lat' dir='ltr'><strong>hd</strong></span> <span class='ocrx_word' id='word_1_163' title='bbox 1216 2595 1351 2659; x_wconf 86' lang='lat' dir='ltr'><strong>codicum</strong></span> 
     </span>
     <span class='ocr_line' id='line_1_22' title="bbox 191 2699 1105 2785; baseline -0.004 -22"><span class='ocrx_word' id='word_1_164' title='bbox 191 2702 347 2765; x_wconf 88' lang='lat' dir='ltr'><strong>lectionem</strong></span> <span class='ocrx_word' id='word_1_165' title='bbox 363 2702 496 2785; x_wconf 84' lang='lat' dir='ltr'><strong>proxime</strong></span> <span class='ocrx_word' id='word_1_166' title='bbox 512 2702 623 2765; x_wconf 87' lang='lat' dir='ltr'><strong>accedit</strong></span> <span class='ocrx_word' id='word_1_167' title='bbox 638 2703 717 2783; x_wconf 89' lang='lat' dir='ltr'><strong>quod</strong></span> <span class='ocrx_word' id='word_1_168' title='bbox 733 2702 806 2764; x_wconf 89' lang='lat' dir='ltr'><strong>mihi</strong></span> <span class='ocrx_word' id='word_1_169' title='bbox 820 2702 851 2764; x_wconf 93' lang='lat' dir='ltr'><strong>in</strong></span> <span class='ocrx_word' id='word_1_170' title='bbox 867 2706 1000 2763; x_wconf 75' lang='lat' dir='ltr'><strong>menmm</strong></span> <span class='ocrx_word' id='word_1_171' title='bbox 1016 2699 1105 2773; x_wconf 87' lang='lat' dir='ltr'><strong>venit,</strong></span> 
     </span>
     <span class='ocr_line' id='line_1_23' title="bbox 390 2795 1125 2887; baseline -0.007 -21"><span class='ocrx_word' id='word_1_172' title='bbox 390 2797 512 2887; x_wconf 78' lang='grc' dir='ltr'><em>α’νδρός</em></span> <span class='ocrx_word' id='word_1_173' title='bbox 534 2806 694 2886; x_wconf 78' lang='grc' dir='ltr'><em>σφαγεῖον</em></span> <span class='ocrx_word' id='word_1_174' title='bbox 716 2799 775 2866; x_wconf 83' lang='grc' dir='ltr'><strong>καὶ</strong></span> <span class='ocrx_word' id='word_1_175' title='bbox 797 2798 910 2864; x_wconf 78' lang='grc' dir='ltr'><em>πεδῶν</em></span> <span class='ocrx_word' id='word_1_176' title='bbox 932 2795 1125 2885; x_wconf 78' lang='grc' dir='ltr'><em>ῥαπτήριον,</em></span> 
     </span>
    </p>

    <p class='ocr_par' dir='ltr' id='par_1_5' title="bbox 189 2902 1355 4524">
     <span class='ocr_line' id='line_1_24' title="bbox 191 2902 1353 2989; baseline -0.007 -19"><span class='ocrx_word' id='word_1_177' title='bbox 191 2927 265 2989; x_wconf 89' lang='lat' dir='ltr'><strong>quac</strong></span> <span class='ocrx_word' id='word_1_178' title='bbox 286 2907 374 2970; x_wconf 87' lang='lat' dir='ltr'><strong>verba</strong></span> <span class='ocrx_word' id='word_1_179' title='bbox 392 2907 429 2968; x_wconf 91' lang='lat' dir='ltr'><strong>ad</strong></span> <span class='ocrx_word' id='word_1_180' title='bbox 444 2907 603 2970; x_wconf 82' lang='lat' dir='ltr'><strong>instantem</strong></span> <span class='ocrx_word' id='word_1_181' title='bbox 624 2905 853 2988; x_wconf 78' lang='lat' dir='ltr'><strong>Agamemnonis</strong></span> <span class='ocrx_word' id='word_1_182' title='bbox 873 2904 993 2967; x_wconf 87' lang='lat' dir='ltr'><strong>caedem</strong></span> <span class='ocrx_word' id='word_1_183' title='bbox 1015 2902 1162 2984; x_wconf 85' lang='lat' dir='ltr'><strong>pertinere</strong></span> <span class='ocrx_word' id='word_1_184' title='bbox 1182 2917 1271 2964; x_wconf 89' lang='lat' dir='ltr'><strong>nemo</strong></span> <span class='ocrx_word' id='word_1_185' title='bbox 1291 2917 1353 2963; x_wconf 94' lang='lat' dir='ltr'><strong>non</strong></span> 
     </span>
     <span class='ocr_line' id='line_1_25' title="bbox 191 3000 1352 3094; baseline -0.007 -22"><span class='ocrx_word' id='word_1_186' title='bbox 191 3010 341 3090; x_wconf 87' lang='lat' dir='ltr'><strong>intelliget.</strong></span> <span class='ocrx_word' id='word_1_187' title='bbox 360 3010 435 3072; x_wconf 89' lang='lat' dir='ltr'><strong>Nam</strong></span> <span class='ocrx_word' id='word_1_188' title='bbox 451 3000 565 3094; x_wconf 67' lang='lat' dir='ltr'><strong>dodae,</strong></span> <span class='ocrx_word' id='word_1_189' title='bbox 579 3010 630 3072; x_wconf 86' lang='lat' dir='ltr'><strong>ubi</strong></span> <span class='ocrx_word' id='word_1_190' title='bbox 645 3010 682 3072; x_wconf 88' lang='lat' dir='ltr'><strong>da</strong></span> <span class='ocrx_word' id='word_1_191' title='bbox 697 3010 788 3072; x_wconf 92' lang='lat' dir='ltr'><strong>domo</strong></span> <span class='ocrx_word' id='word_1_192' title='bbox 803 3027 903 3070; x_wconf 80' lang='lat' dir='ltr'><strong>rernm</strong></span> <span class='ocrx_word' id='word_1_193' title='bbox 918 3013 973 3080; x_wconf 85' lang='lat' dir='ltr'><strong>est,</strong></span> <span class='ocrx_word' id='word_1_194' title='bbox 989 3023 1050 3068; x_wconf 92' lang='lat' dir='ltr'><strong>non</strong></span> <span class='ocrx_word' id='word_1_195' title='bbox 1064 3010 1164 3086; x_wconf 87' lang='lat' dir='ltr'><strong>potest</strong></span> <span class='ocrx_word' id='word_1_196' title='bbox 1178 3002 1235 3064; x_wconf 91' lang='lat' dir='ltr'><strong>nisi</strong></span> <span class='ocrx_word' id='word_1_197' title='bbox 1251 3002 1288 3065; x_wconf 86' lang='lat' dir='ltr'><strong>de</strong></span> <span class='ocrx_word' id='word_1_198' title='bbox 1298 3001 1352 3064; x_wconf 90' lang='lat' dir='ltr'><strong>do-</strong></span> 
     </span>
     <span class='ocr_line' id='line_1_26' title="bbox 190 3105 1352 3196; baseline -0.005 -22"><span class='ocrx_word' id='word_1_199' title='bbox 190 3113 273 3174; x_wconf 89' lang='lat' dir='ltr'><strong>mino</strong></span> <span class='ocrx_word' id='word_1_200' title='bbox 288 3113 350 3174; x_wconf 88' lang='lat' dir='ltr'><strong>eius</strong></span> <span class='ocrx_word' id='word_1_201' title='bbox 365 3113 472 3175; x_wconf 89' lang='lat' dir='ltr'><strong>domus</strong></span> <span class='ocrx_word' id='word_1_202' title='bbox 487 3114 587 3196; x_wconf 85' lang='lat' dir='ltr'><strong>accipi.</strong></span> <span class='ocrx_word' id='word_1_203' title='bbox 615 3108 736 3173; x_wconf 79' lang='grc' dir='ltr'><em>Πεδῶν</em></span> <span class='ocrx_word' id='word_1_204' title='bbox 750 3112 787 3173; x_wconf 89' lang='lat' dir='ltr'><strong>ab</strong></span> <span class='ocrx_word' id='word_1_205' title='bbox 801 3111 944 3191; x_wconf 71' lang='lat' dir='ltr'><strong>Aeschylo</strong></span> <span class='ocrx_word' id='word_1_206' title='bbox 959 3110 1065 3172; x_wconf 83' lang='lat' dir='ltr'><strong>iisdem</strong></span> <span class='ocrx_word' id='word_1_207' title='bbox 1084 3106 1189 3169; x_wconf 82' lang='lat' dir='ltr'><strong>litteris</strong></span> <span class='ocrx_word' id='word_1_208' title='bbox 1208 3105 1352 3187; x_wconf 85' lang='lat' dir='ltr'><strong>scriptum</strong></span> 
     </span>
     <span class='ocr_line' id='line_1_27' title="bbox 189 3208 1353 3298; baseline -0.005 -22"><span class='ocrx_word' id='word_1_209' title='bbox 189 3214 247 3276; x_wconf 81' lang='lat' dir='ltr'><strong>luit</strong></span> <span class='ocrx_word' id='word_1_210' title='bbox 260 3222 350 3295; x_wconf 85' lang='lat' dir='ltr'><strong>atque</strong></span> <span class='ocrx_word' id='word_1_211' title='bbox 364 3208 479 3289; x_wconf 78' lang='grc' dir='ltr'><em>πέδον,</em></span> <span class='ocrx_word' id='word_1_212' title='bbox 495 3215 629 3276; x_wconf 93' lang='lat' dir='ltr'><strong>nondum</strong></span> <span class='ocrx_word' id='word_1_213' title='bbox 646 3232 703 3275; x_wconf 91' lang='lat' dir='ltr'><strong>usu</strong></span> <span class='ocrx_word' id='word_1_214' title='bbox 717 3222 834 3298; x_wconf 87' lang='lat' dir='ltr'><strong>recepta</strong></span> <span class='ocrx_word' id='word_1_215' title='bbox 848 3213 945 3275; x_wconf 84' lang='lat' dir='ltr'><strong>littera</strong></span> <span class='ocrx_word' id='word_1_216' title='bbox 959 3232 987 3272; x_wconf 86' lang='grc' dir='ltr'>ω</span> <span class='ocrx_word' id='word_1_217' title='bbox 999 3228 1097 3290; x_wconf 88' lang='lat' dir='ltr'><strong>neque</strong></span> <span class='ocrx_word' id='word_1_218' title='bbox 1111 3208 1237 3271; x_wconf 79' lang='lat' dir='ltr'><strong>inventis</strong></span> <span class='ocrx_word' id='word_1_219' title='bbox 1248 3225 1353 3271; x_wconf 87' lang='lat' dir='ltr'><strong>acoen-</strong></span> 
     </span>
     <span class='ocr_line' id='line_1_28' title="bbox 191 3300 1354 3397; baseline -0.005 -18"><span class='ocrx_word' id='word_1_220' title='bbox 191 3324 276 3379; x_wconf 87' lang='lat' dir='ltr'><strong>tunm</strong></span> <span class='ocrx_word' id='word_1_221' title='bbox 298 3317 397 3397; x_wconf 88' lang='lat' dir='ltr'><strong>signis.</strong></span> <span class='ocrx_word' id='word_1_222' title='bbox 429 3316 492 3377; x_wconf 87' lang='lat' dir='ltr'><strong>Hoc</strong></span> <span class='ocrx_word' id='word_1_223' title='bbox 517 3316 605 3397; x_wconf 88' lang='lat' dir='ltr'><strong>igitur</strong></span> <span class='ocrx_word' id='word_1_224' title='bbox 619 3315 853 3379; x_wconf 80' lang='lat' dir='ltr'><strong>describentibus</strong></span> <span class='ocrx_word' id='word_1_225' title='bbox 868 3332 998 3377; x_wconf 87' lang='lat' dir='ltr'><strong>errorem</strong></span> <span class='ocrx_word' id='word_1_226' title='bbox 1020 3311 1127 3375; x_wconf 82' lang='lat' dir='ltr'><strong>iniecit.</strong></span> <span class='ocrx_word' id='word_1_227' title='bbox 1156 3300 1354 3394; x_wconf 73' lang='grc' dir='ltr'><em>Ῥαπεήριον</em></span> 
     </span>
     <span class='ocr_line' id='line_1_29' title="bbox 191 3407 1353 3500; baseline -0.005 -20"><span class='ocrx_word' id='word_1_228' title='bbox 191 3417 318 3497; x_wconf 91' lang='lat' dir='ltr'><strong>denique</strong></span> <span class='ocrx_word' id='word_1_229' title='bbox 332 3425 364 3479; x_wconf 88' lang='lat' dir='ltr'><strong>et</strong></span> <span class='ocrx_word' id='word_1_230' title='bbox 377 3411 551 3500; x_wconf 79' lang='grc' dir='ltr'><em>ῥαντήριον</em></span> <span class='ocrx_word' id='word_1_231' title='bbox 573 3434 631 3480; x_wconf 87' lang='lat' dir='ltr'><strong>una</strong></span> <span class='ocrx_word' id='word_1_232' title='bbox 646 3422 762 3479; x_wconf 86' lang='lat' dir='ltr'><strong>tantum</strong></span> <span class='ocrx_word' id='word_1_233' title='bbox 777 3416 906 3479; x_wconf 84' lang='lat' dir='ltr'><strong>litterula</strong></span> <span class='ocrx_word' id='word_1_234' title='bbox 921 3416 1041 3478; x_wconf 87' lang='lat' dir='ltr'><strong>distant.</strong></span> <span class='ocrx_word' id='word_1_235' title='bbox 1070 3407 1353 3487; x_wconf 73' lang='lat' dir='ltr'><strong>Hidegdessandra</strong></span> 
     </span>
     <span class='ocr_line' id='line_1_30' title="bbox 192 3516 1355 3601; baseline -0.003 -22"><span class='ocrx_word' id='word_1_236' title='bbox 192 3520 350 3581; x_wconf 71' lang='lat' dir='ltr'><strong>vaunnam</strong></span> <span class='ocrx_word' id='word_1_237' title='bbox 365 3536 426 3581; x_wconf 93' lang='lat' dir='ltr'><strong>non</strong></span> <span class='ocrx_word' id='word_1_238' title='bbox 441 3518 539 3600; x_wconf 86' lang='lat' dir='ltr'><strong>inepte</strong></span> <span class='ocrx_word' id='word_1_239' title='bbox 554 3520 675 3600; x_wconf 87' lang='lat' dir='ltr'><strong>peplum</strong></span> <span class='ocrx_word' id='word_1_240' title='bbox 690 3519 772 3582; x_wconf 90' lang='lat' dir='ltr'><strong>illum</strong></span> <span class='ocrx_word' id='word_1_241' title='bbox 795 3518 891 3580; x_wconf 86' lang='lat' dir='ltr'><strong>dicere</strong></span> <span class='ocrx_word' id='word_1_242' title='bbox 910 3518 1024 3601; x_wconf 90' lang='lat' dir='ltr'><strong>potuit,</strong></span> <span class='ocrx_word' id='word_1_243' title='bbox 1043 3535 1104 3599; x_wconf 85' lang='lat' dir='ltr'><strong>quo</strong></span> <span class='ocrx_word' id='word_1_244' title='bbox 1123 3516 1355 3596; x_wconf 78' lang='lat' dir='ltr'><strong>Clytaemnestra</strong></span> 
     </span>
     <span class='ocr_line' id='line_1_31' title="bbox 192 3617 1353 3701; baseline -0.003 -18"><span class='ocrx_word' id='word_1_245' title='bbox 192 3622 287 3683; x_wconf 67' lang='lat' dir='ltr'><strong>mum</strong></span> <span class='ocrx_word' id='word_1_246' title='bbox 302 3628 443 3700; x_wconf 84' lang='lat' dir='ltr'><strong>tanquam</strong></span> <span class='ocrx_word' id='word_1_247' title='bbox 457 3621 579 3683; x_wconf 87' lang='lat' dir='ltr'><strong>vinculis</strong></span> <span class='ocrx_word' id='word_1_248' title='bbox 594 3621 790 3684; x_wconf 78' lang='lat' dir='ltr'><strong>constristare</strong></span> <span class='ocrx_word' id='word_1_249' title='bbox 805 3628 876 3693; x_wconf 88' lang='lat' dir='ltr'><strong>erat,</strong></span> <span class='ocrx_word' id='word_1_250' title='bbox 893 3620 1144 3701; x_wconf 86' lang='lat' dir='ltr'><strong>quemadmodum</strong></span> <span class='ocrx_word' id='word_1_251' title='bbox 1167 3617 1247 3679; x_wconf 88' lang='lat' dir='ltr'><strong>idem</strong></span> <span class='ocrx_word' id='word_1_252' title='bbox 1265 3636 1353 3679; x_wconf 83' lang='lat' dir='ltr'><strong>roca·</strong></span> 
     </span>
     <span class='ocr_line' id='line_1_32' title="bbox 193 3720 1352 3805; baseline -0.005 -18"><span class='ocrx_word' id='word_1_253' title='bbox 193 3725 294 3787; x_wconf 92' lang='lat' dir='ltr'><strong>bulum</strong></span> <span class='ocrx_word' id='word_1_254' title='bbox 310 3731 470 3805; x_wconf 81' lang='lat' dir='ltr'><strong>usupatnr</strong></span> <span class='ocrx_word' id='word_1_255' title='bbox 484 3722 613 3805; x_wconf 88' lang='lat' dir='ltr'><strong>Choeph.</strong></span> <span class='ocrx_word' id='word_1_256' title='bbox 629 3743 656 3784; x_wconf 84' lang='lat' dir='ltr'><strong>r.</strong></span> <span class='ocrx_word' id='word_1_257' title='bbox 673 3723 734 3786; x_wconf 84' lang='grc'><strong>403</strong></span> <span class='ocrx_word' id='word_1_258' title='bbox 751 3732 780 3784; x_wconf 89' lang='lat' dir='ltr'><strong>ct</strong></span> <span class='ocrx_word' id='word_1_259' title='bbox 799 3743 826 3784; x_wconf 81' lang='lat' dir='ltr'><strong>a.</strong></span> <span class='ocrx_word' id='word_1_260' title='bbox 848 3721 924 3797; x_wconf 78' lang='lat'><strong>982,</strong></span> <span class='ocrx_word' id='word_1_261' title='bbox 946 3723 1025 3803; x_wconf 87' lang='lat' dir='ltr'><strong>apud</strong></span> <span class='ocrx_word' id='word_1_262' title='bbox 1045 3720 1223 3805; x_wconf 81' lang='lat' dir='ltr'><strong>Sophoclem</strong></span> <span class='ocrx_word' id='word_1_263' title='bbox 1241 3725 1352 3793; x_wconf 72' lang='lat' dir='ltr'><strong>autem</strong></span> 
     </span>
     <span class='ocr_line' id='line_1_33' title="bbox 192 3822 1354 3905; baseline -0.007 -15"><span class='ocrx_word' id='word_1_264' title='bbox 192 3827 326 3890; x_wconf 80' lang='lat' dir='ltr'><strong>Trachin.</strong></span> <span class='ocrx_word' id='word_1_265' title='bbox 350 3846 376 3885; x_wconf 84' lang='lat' dir='ltr'><strong>v.</strong></span> <span class='ocrx_word' id='word_1_266' title='bbox 400 3826 490 3898; x_wconf 86' lang='grc'>1057,</span> <span class='ocrx_word' id='word_1_267' title='bbox 512 3826 547 3887; x_wconf 86' lang='grc' dir='ltr'><em>οο</em></span> <span class='ocrx_word' id='word_1_268' title='bbox 569 3831 649 3887; x_wconf 85' lang='lat' dir='ltr'><strong>vaste</strong></span> <span class='ocrx_word' id='word_1_269' title='bbox 671 3827 756 3889; x_wconf 88' lang='lat' dir='ltr'><strong>Nessi</strong></span> <span class='ocrx_word' id='word_1_270' title='bbox 775 3844 880 3888; x_wconf 85' lang='lat' dir='ltr'><strong>eruore</strong></span> <span class='ocrx_word' id='word_1_271' title='bbox 900 3825 1024 3899; x_wconf 85' lang='lat' dir='ltr'><strong>imbuta,</strong></span> <span class='ocrx_word' id='word_1_272' title='bbox 1044 3842 1102 3905; x_wconf 79' lang='lat' dir='ltr'><strong>qua</strong></span> <span class='ocrx_word' id='word_1_273' title='bbox 1122 3822 1259 3884; x_wconf 73' lang='lat' dir='ltr'><strong>Rutulos</strong></span> <span class='ocrx_word' id='word_1_274' title='bbox 1278 3838 1354 3884; x_wconf 88' lang='lat' dir='ltr'><strong>con-</strong></span> 
     </span>
     <span class='ocr_line' id='line_1_34' title="bbox 192 3918 1354 4011; baseline -0.007 -17"><span class='ocrx_word' id='word_1_275' title='bbox 192 3930 311 3994; x_wconf 78' lang='lat' dir='ltr'><strong>stsietus</strong></span> <span class='ocrx_word' id='word_1_276' title='bbox 326 3927 463 4009; x_wconf 82' lang='lat' dir='ltr'><strong>expedire</strong></span> <span class='ocrx_word' id='word_1_277' title='bbox 478 3946 510 3989; x_wconf 89' lang='lat' dir='ltr'><strong>se</strong></span> <span class='ocrx_word' id='word_1_278' title='bbox 525 3927 674 4008; x_wconf 81' lang='lat' dir='ltr'><strong>nequibat,</strong></span> <span class='ocrx_word' id='word_1_279' title='bbox 692 3918 851 4011; x_wconf 81' lang='grc' dir='ltr'><em>ἆφράστφ</em></span> <span class='ocrx_word' id='word_1_280' title='bbox 873 3924 953 4011; x_wconf 78' lang='grc' dir='ltr'><strong>τῇδε</strong></span> <span class='ocrx_word' id='word_1_281' title='bbox 973 3920 1150 4010; x_wconf 73' lang='grc' dir='ltr'><em>χειρωθεὶς</em></span> <span class='ocrx_word' id='word_1_282' title='bbox 1164 3918 1266 4009; x_wconf 71' lang='lat' dir='ltr'><strong>adop.</strong></span> <span class='ocrx_word' id='word_1_283' title='bbox 1293 3923 1354 3989; x_wconf 87' lang='lat' dir='ltr'><strong>Nee</strong></span> 
     </span>
     <span class='ocr_line' id='line_1_35' title="bbox 191 4027 1353 4117; baseline -0.008 -19"><span class='ocrx_word' id='word_1_284' title='bbox 191 4042 291 4117; x_wconf 69' lang='lat' dir='ltr'><strong>inepte</strong></span> <span class='ocrx_word' id='word_1_285' title='bbox 304 4033 421 4102; x_wconf 87' lang='lat' dir='ltr'><strong>domus,</strong></span> <span class='ocrx_word' id='word_1_286' title='bbox 436 4031 468 4092; x_wconf 93' lang='lat' dir='ltr'><strong>in</strong></span> <span class='ocrx_word' id='word_1_287' title='bbox 478 4048 537 4110; x_wconf 83' lang='lat' dir='ltr'><strong>qua</strong></span> <span class='ocrx_word' id='word_1_288' title='bbox 547 4029 604 4092; x_wconf 90' lang='lat' dir='ltr'><strong>hoc</strong></span> <span class='ocrx_word' id='word_1_289' title='bbox 614 4028 797 4090; x_wconf 87' lang='lat' dir='ltr'><strong>vinculorum</strong></span> <span class='ocrx_word' id='word_1_290' title='bbox 809 4047 901 4109; x_wconf 85' lang='lat' dir='ltr'><strong>genus</strong></span> <span class='ocrx_word' id='word_1_291' title='bbox 912 4027 1124 4110; x_wconf 73' lang='lat' dir='ltr'><strong>Agamemnoni</strong></span> <span class='ocrx_word' id='word_1_292' title='bbox 1134 4033 1270 4109; x_wconf 84' lang='lat' dir='ltr'><strong>paratum</strong></span> <span class='ocrx_word' id='word_1_293' title='bbox 1281 4032 1353 4100; x_wconf 79' lang='lat' dir='ltr'><strong>erat,</strong></span> 
     </span>
     <span class='ocr_line' id='line_1_36' title="bbox 193 4125 1354 4223; baseline -0.007 -22"><span class='ocrx_word' id='word_1_294' title='bbox 193 4130 379 4223; x_wconf 64' lang='lat' dir='ltr'><strong>denariatas</strong></span> <span class='ocrx_word' id='word_1_295' title='bbox 392 4138 458 4216; x_wconf 89' lang='lat' dir='ltr'><strong>(pro</strong></span> <span class='ocrx_word' id='word_1_296' title='bbox 474 4125 698 4217; x_wconf 74' lang='grc' dir='ltr'><em>ἐργαστήριον)</em></span> <span class='ocrx_word' id='word_1_297' title='bbox 714 4131 771 4194; x_wconf 86' lang='lat' dir='ltr'><strong>diei</strong></span> <span class='ocrx_word' id='word_1_298' title='bbox 785 4131 890 4212; x_wconf 88' lang='lat' dir='ltr'><strong>potuit,</strong></span> <span class='ocrx_word' id='word_1_299' title='bbox 906 4150 966 4193; x_wconf 88' lang='lat' dir='ltr'><strong>uon</strong></span> <span class='ocrx_word' id='word_1_300' title='bbox 980 4134 1077 4195; x_wconf 88' lang='lat' dir='ltr'><strong>solum</strong></span> <span class='ocrx_word' id='word_1_301' title='bbox 1094 4131 1161 4212; x_wconf 83' lang='lat' dir='ltr'><strong>qnia</strong></span> <span class='ocrx_word' id='word_1_302' title='bbox 1181 4129 1354 4193; x_wconf 84' lang='lat' dir='ltr'><strong>constabant</strong></span> 
     </span>
     <span class='ocr_line' id='line_1_37' title="bbox 192 4232 1353 4319; baseline -0.006 -17"><span class='ocrx_word' id='word_1_303' title='bbox 192 4260 227 4302; x_wconf 90' lang='lat' dir='ltr'><strong>ea</strong></span> <span class='ocrx_word' id='word_1_304' title='bbox 241 4239 355 4302; x_wconf 79' lang='lat' dir='ltr'><strong>vincula</strong></span> <span class='ocrx_word' id='word_1_305' title='bbox 369 4237 464 4319; x_wconf 88' lang='lat' dir='ltr'><strong>peplo,</strong></span> <span class='ocrx_word' id='word_1_306' title='bbox 481 4234 531 4317; x_wconf 89' lang='lat' dir='ltr'><strong>qui</strong></span> <span class='ocrx_word' id='word_1_307' title='bbox 546 4233 715 4298; x_wconf 87' lang='lat' dir='ltr'><strong>consuendo</strong></span> <span class='ocrx_word' id='word_1_308' title='bbox 731 4232 929 4296; x_wconf 86' lang='lat' dir='ltr'><strong>conficiendos</strong></span> <span class='ocrx_word' id='word_1_309' title='bbox 942 4235 1048 4308; x_wconf 83' lang='lat' dir='ltr'><strong>fuerat,</strong></span> <span class='ocrx_word' id='word_1_310' title='bbox 1063 4234 1114 4296; x_wconf 89' lang='lat' dir='ltr'><strong>sed</strong></span> <span class='ocrx_word' id='word_1_311' title='bbox 1131 4234 1219 4296; x_wconf 86' lang='lat' dir='ltr'><strong>etiam</strong></span> <span class='ocrx_word' id='word_1_312' title='bbox 1237 4232 1305 4314; x_wconf 89' lang='lat' dir='ltr'><strong>quia</strong></span> <span class='ocrx_word' id='word_1_313' title='bbox 1321 4234 1353 4295; x_wconf 93' lang='lat' dir='ltr'><strong>in</strong></span> 
     </span>
     <span class='ocr_line' id='line_1_38' title="bbox 193 4333 1352 4423; baseline -0.002 -20"><span class='ocrx_word' id='word_1_314' title='bbox 193 4341 284 4404; x_wconf 77' lang='lat' dir='ltr'><strong>verbo</strong></span> <span class='ocrx_word' id='word_1_315' title='bbox 305 4333 446 4423; x_wconf 75' lang='grc' dir='ltr'><em>ῥάπτειν</em></span> <span class='ocrx_word' id='word_1_316' title='bbox 459 4340 619 4403; x_wconf 81' lang='lat' dir='ltr'><strong>haud-raro</strong></span> <span class='ocrx_word' id='word_1_317' title='bbox 640 4336 728 4400; x_wconf 86' lang='lat' dir='ltr'><strong>etiarn</strong></span> <span class='ocrx_word' id='word_1_318' title='bbox 748 4336 865 4399; x_wconf 88' lang='lat' dir='ltr'><strong>dolosae</strong></span> <span class='ocrx_word' id='word_1_319' title='bbox 885 4342 916 4397; x_wconf 86' lang='lat' dir='ltr'><strong>et</strong></span> <span class='ocrx_word' id='word_1_320' title='bbox 934 4337 1109 4399; x_wconf 83' lang='lat' dir='ltr'><strong>artificiosae</strong></span> <span class='ocrx_word' id='word_1_321' title='bbox 1128 4336 1352 4401; x_wconf 84' lang='lat' dir='ltr'><strong>machinationis</strong></span> 
     </span>
     <span class='ocr_line' id='line_1_39' title="bbox 194 4442 785 4524; baseline -0.007 -19"><span class='ocrx_word' id='word_1_322' title='bbox 194 4442 363 4524; x_wconf 80' lang='lat' dir='ltr'><strong>significatio</strong></span> <span class='ocrx_word' id='word_1_323' title='bbox 379 4442 464 4504; x_wconf 85' lang='lat' dir='ltr'><strong>inest</strong></span> <span class='ocrx_word' id='word_1_324' title='bbox 783 4448 785 4451; x_wconf 83' lang='lat'>&#39;</span> 
     </span>
    </p>
   </div>
   <div class='ocr_carea' id='block_1_3' title="bbox 0 0 1650 5152">
    <p class='ocr_par' dir='ltr' id='par_1_6' title="bbox 0 0 1650 5152">
     <span class='ocr_line' id='line_1_40' title="bbox 0 0 1650 5152; baseline 0 0"><span class='ocrx_word' id='word_1_325' title='bbox 0 0 1650 5152; x_wconf 95' lang='lat' dir='ltr'><strong> </strong></span> 
     </span>
    </p>
   </div>
  </div>
 </body>
</html>
