3290 5142
690 485 841 584 ..2⁹-

265 671 373 748 Loeus,
388 672 439 736 uhi
449 673 590 738 (irenem
603 672 707 754 Apollo
722 671 939 755 compresserit,
954 669 1156 734 indieatnrlnis
1170 670 1284 735 verbis:

637 769 722 840 ἔνθα
743 767 971 860 προσβόρρους
992 768 1118 860 πέτρας

343 871 523 953 Παλλάδος
543 867 602 939 ὑπ’
624 868 720 961 όχόῳ
741 878 799 962 τῆς
826 870 1009 963 Ἀθηναίων
1029 871 1152 955 χθονός

343 976 490 1065 Μακρὰς
510 977 649 1043 καλοῦσι
671 981 730 1065 γῆς
751 969 887 1056 ἄνακτες
910 970 1071 1064 Ἀττικῆς,

179 1100 254 1165 qnae
274 1081 362 1145 rerba
376 1083 401 1145 si
414 1101 487 1146 sana
500 1090 579 1158 sunt,
593 1101 683 1166 rupes
698 1084 775 1164 ipsas
789 1083 822 1146 in
831 1081 1054 1165 septentrionali
1069 1082 1144 1145 ereis
1161 1081 1251 1145 latere
1261 1080 1342 1141 Μα-

178 1181 258 1269 κρός
268 1185 426 1267 appellatas
437 1205 501 1249 esse
513 1185 628 1249 dorent
644 1187 741 1268 Atque
752 1186 796 1248 sie
806 1192 836 1247 et
849 1184 913 1248 aliis
927 1184 1023 1248 risum
1039 1189 1093 1259 est,
1109 1190 1139 1246 et
1151 1184 1205 1247 nni
1219 1183 1342 1264 diligen-

178 1286 295 1350 tissimo
309 1289 500 1362 Athenarum,
515 1307 589 1370 quas
604 1290 669 1371 ipse
682 1288 844 1352 identidem
858 1287 991 1361 visitarit,
1005 1287 1177 1369 periegetae
1200 1286 1247 1349 W.
1262 1287 1340 1349 llar-

178 1390 241 1452 tino
255 1389 374 1467 lertio,
388 1392 515 1474 Topogr.
530 1393 637 1454 Athen.
646 1410 676 1472 p.
690 1390 750 1453 129
759 1409 834 1453 rere.
847 1389 953 1452 Bnit.et
964 1390 1072 1472 Saupp.
1085 1388 1227 1454 Dissentit
1237 1395 1339 1450 tamen

179 1492 276 1572 quiet
290 1493 354 1574 ipse
369 1495 433 1557 loca
447 1494 496 1557 ills
510 1494 581 1557 adiit
591 1493 786 1574 Gesttlingius
796 1494 967 1573 noster15),
984 1491 1097 1555 duabus
1108 1493 1145 1555 de
1155 1491 1267 1555 musis:
1279 1490 1341 1571 pri·
1389 1540 1398 1555 .

178 1610 273 1670 mum,
290 1596 368 1676 quod
383 1596 509 1678 perspici
523 1602 660 1678 nequeat,
676 1614 734 1676 qna
746 1596 860 1659 ratione
875 1594 916 1659 1111
930 1595 1014 1657 lateri
1034 1594 1092 1658 hoe
1113 1589 1263 1677 Μακρῶν
1282 1610 1340 1655 no·

177 1715 247 1760 men
261 1716 332 1779 prae
345 1700 450 1762 ceteris
464 1699 591 1763 inditum
604 1698 704 1772 tuerit.
719 1715 812 1779 quum
827 1716 925 1780 neque
936 1697 1051 1779 longius
1066 1698 1233 1779 porrigatur
1248 1694 1340 1758 meri·

177 1799 295 1875 aliendi,
310 1819 416 1882 neque,
429 1802 457 1864 si
470 1803 537 1883 qun
551 1801 734 1865 altitudinem
755 1799 854 1881 potius
867 1800 926 1863 isto
945 1799 1087 1863 vocabulo
1109 1798 1253 1880 designari
1273 1816 1339 1860 ere-

177 1902 237 1978 dat,
251 1902 301 1966 illo
315 1905 408 1985 magis
423 1905 570 1968 exeelsum
585 1905 639 1981 sit3
655 1903 760 1966 deinde
773 1903 854 1985 quod
868 1922 905 1965 ex
924 1902 987 1965 aliis
1005 1903 1094 1967 huius
1112 1901 1205 1984 ipsius
1223 1900 1339 1963 tabulae

176 2005 249 2068 loeis
267 2014 413 2088 appareat,
436 2007 588 2090 Μανρῶν
608 2006 730 2069 nomine
750 2024 873 2088 specum
892 2005 1047 2087 appellen,
1068 2006 1100 2068 in
1119 2024 1179 2087 qno
1199 2003 1339 2066 Creusam

175 2106 281 2189 Apollo
296 2109 515 2190 compresserit
540 2110 644 2190 ltaqm
662 2126 724 2171 non
745 2100 971 2190 προσβόρρους
993 2101 1126 2189 πέτρας,
1153 2107 1206 2170 sod
1234 2122 1340 2188 προο-

175 2201 311 2291 βόρροις
332 2207 470 2295 πέτραις
483 2212 540 2293 legi
554 2212 624 2286 vult,
640 2229 709 2273 uum
728 2209 827 2273 eodioe
847 2209 975 2290 quodam
996 2209 1140 2272 Parisino.
1166 2207 1240 2270 Nam
1262 2208 1338 2270 dati·

174 2329 246 2375 vum
257 2312 370 2390 solum,
384 2313 448 2376 sine
466 2314 685 2396 praepositione
705 2307 754 2386 dv,
773 2329 835 2375 non
854 2311 945 2376 modo
965 2313 1155 2395 propriomm
1171 2310 1337 2386 nominum,

174 2413 227 2477 sed
240 2432 457 2498 nonnunquam
471 2417 560 2480 etism
571 2417 823 2500 appellativorum,
839 2414 883 2477 sie
895 2415 1032 2497 usurpari
1047 2415 1117 2478 satis
1132 2421 1258 2478 oonstat
1274 2414 1337 2476 Vid.

174 2517 322 2582 ldatthiasi
340 2536 465 2600 gramm.
480 2523 498 2596 t
516 2519 588 2582 4116.
617 2520 701 2583 Voss.
717 2519 753 2581 ad
769 2517 876 2598 Hymn.
890 2517 923 2579 in
943 2517 1006 2580 Cer.
1027 2537 1054 2579 r.
1076 2517 1117 2579 99
1138 2536 1167 2598 p.
1189 2515 1240 2578 34.
1261 2515 1338 2578 llar-

172 2629 254 2703 tung.
271 2621 307 2684 de
321 2622 436 2685 casibus
450 2641 480 2704 p.
495 2623 547 2684 74.
576 2623 614 2684 Et
632 2639 704 2685 sane
726 2638 850 2703 meeum
868 2620 953 2683 illum
972 2619 1009 2684 ab
1028 2618 1168 2699 Euripide
1187 2617 1338 2702 Μακροῖν

172 2723 297 2786 nomine
312 2723 458 2805 designari
472 2723 606 2787 videmus
619 2743 647 2786 r.
665 2723 742 2785 952:

637 2812 742 2889 eluda
762 2823 954 2908 Κεκροπίας
975 2817 1100 2910 πέτρας

336 2923 546 3012 πρόσβορρον
568 2919 693 3012 όντρον,
716 2917 756 3004 ἃς
777 2922 922 3010 Μακρᾶς
942 2920 1224 3011 κινλήσκομεν.“)

173 3033 306 3116 itemque
319 3052 345 3095 r.
365 3030 455 3107 1415,
471 3033 521 3096 nbi
535 3032 644 3096 (lreusa
658 3051 691 3094 se
705 3032 863 3114 puerulum
877 3031 1050 3112 exposuisse
1065 3031 1217 3111 quendem
1231 3028 1271 3092 ait

334 3128 508 3218 Κέκροπος
528 3128 563 3208 ἐς
585 3125 686 3218 όντρα
706 3130 762 3198 καὶ
782 3128 927 3217 Μακρὰς
949 3131 1175 3217 πετρηρεφεῖς.

170 3237 276 3301 Nescio
290 3243 391 3300 temen
405 3254 442 3299 an
457 3237 573 3299 delendi
586 3238 674 3300 etiam
690 3236 804 3317 rugata
816 3236 911 3299 nestri
925 3235 984 3298 loei
994 3236 1138 3317 scriptura
1149 3234 1252 3316 possit.
1276 3232 1334 3296 Go-

169 3340 242 3404 dieis
255 3339 333 3401 illins
347 3337 471 3401 Parisini
485 3338 691 3402 auctoritatem
705 3355 766 3400 non
781 3355 919 3419 magnum
933 3356 997 3400 esee
1015 3339 1047 3399 in
1066 3338 1201 3401 eoniesso
1216 3344 1276 3400 est:
1297 3337 1334 3399 de

168 3442 243 3505 iaeie
263 3447 364 3504 autem
383 3441 531 3513 locorum,
547 3447 646 3522 etqua
660 3441 773 3505 ratione
787 3440 1015 3521 septentrionale
1028 3439 1099 3502 illud
1113 3440 1188 3503 areis
1198 3440 1274 3503 latus
1288 3440 1332 3501 rel

47 3570 56 3586 ·
168 3543 319 3624 longum
335 3543 381 3605 vel
395 3541 548 3605 arduum
559 3542 697 3624 appellari
708 3542 853 3624 potnerit,
869 3541 1030 3623 quidquam
1040 3561 1095 3623 pro
1106 3549 1187 3604 eerto
1198 3560 1331 3624 pronun·

167 3644 235 3707 tisri
248 3645 296 3707 rin
309 3651 419 3727 potest,
433 3643 578 3726 siqnidem
593 3644 733 3719 noscitur,
749 3645 866 3707 idemne
881 3645 931 3726 qui
945 3662 1025 3707 nune
1035 3652 1172 3726 aspertus
1184 3651 1229 3708 est
1242 3644 1331 3707 etiam

169 3747 241 3810 olim
254 3747 353 3811 morie
381 3746 458 3810 Fieri
472 3746 552 3811 enim
575 3747 682 3829 potuit,
703 3755 825 3829 propter
847 3747 977 3810 aedificia
996 3765 1094 3811 arcem
1110 3742 1330 3822 eiroumdantin,

166 3858 202 3914 ut
214 3851 293 3914 latus
308 3850 372 3913 eius
386 3850 614 3931 septentrionale
631 3849 814 3913 meridionali
835 3856 886 3912 aut
900 3849 1015 3930 longius
1034 3857 1086 3913 aut
1105 3849 1205 3925 altius,
1225 3851 1252 3913 si
1270 3867 1332 3912 non

168 3960 255 4028 esset
270 3973 336 4017 esse
351 3959 451 4016 tamen
465 3953 622 4016 rideretur.
642 3953 775 4035 Denique
786 3969 898 4015 nomen
908 3951 1020 4033 plurale
1035 3953 1091 4015 toti
1102 3952 1144 4015 illi
1153 3952 1238 4017 lateri
1253 3952 1331 4015 haud

144 4146 147 4153 '
238 4139 279 4203 16)
300 4137 427 4191 Gesrmnr.
440 4137 562 4190 Abhrndl.
585 4153 608 4190 r.
619 4139 644 4190 d.
657 4137 767 4191 Altertlt.
782 4139 794 4190 1
806 4154 829 4205 p.
844 4137 890 4191 101
904 4154 943 4206 sq.

238 4222 280 4289 16)
291 4222 406 4276 Fuerunt
417 4225 460 4290 qni
470 4232 576 4290 propter
587 4224 792 4293 anchonythirm
803 4226 869 4276 hune
881 4239 983 4277 versum
1003 4224 1063 4276 eiioi
1076 4224 1179 4278 vellent.
1200 4223 1249 4275 Sed
1260 4230 1330 4276 reete

167 4306 200 4360 A.
213 4306 364 4361 Schmidtins
376 4310 402 4360 in
414 4308 448 4362 N.
460 4309 525 4361 llus.
537 4309 616 4361 mon
627 4309 706 4363 XXV
718 4325 741 4376 p.
757 4310 804 4360 17³
817 4325 902 4361 omnes
916 4317 1036 4376 quamnor
1047 4326 1152 4376 sersus,
1171 4309 1221 4360 950
1230 4309 1329 4375 -951,

168 4389 280 4446 cmm
291 4395 437 4448 tribuendos
449 4410 506 4448 esse
517 4395 646 4447 iudicavit.
664 4395 760 4447 Deesse
771 4410 862 4448 versus
885 4395 935 4446 95³
947 4403 1054 4460 propter
1070 4411 1139 4461 eum,
1155 4394 1199 4461 qui
1215 4394 1329 4460 proxime

166 4479 292 4547 seqnitur,
303 4479 350 4533 vix
361 4480 452 4546 potuit.
476 4479 584 4534 Tsntnm
595 4481 621 4534 in
632 4497 658 4536 ν.
670 4481 718 4534 est
733 4495 780 4546 pro
791 4475 816 4551 γ’
830 4480 988 4533 ταοίΙνοαόαπ
1000 4480 1051 4533 erit
1063 4477 1089 4533 τ’
1102 4517 1109 4531 .

369 4561 417 4627 iv.
1107 4563 1129 4625 4
