3222 5148
820 446 973 548 jor-

315 643 381 700 turn
396 636 569 711 inveniatur,
586 638 665 700 velut
678 636 736 699 llil.
753 637 812 711 111,
831 639 858 711 l,
878 637 937 699 182
953 638 984 700 in
999 637 1054 699 cod
1070 637 1101 699 Z.
1132 634 1205 700 illud
1221 636 1311 718 quin
1322 636 1476 702 affirmati-

315 759 384 801 vum
406 746 506 802 antem
526 740 635 803 satisne
655 747 736 803 certo
756 746 921 802 constater
936 739 998 821 qui
1012 740 1221 819 interrogativo
1237 758 1305 803 cum
1321 741 1476 821 negatione

315 861 358 904 ne
377 843 536 925 prodiisse,
562 843 811 923 quemadmodum
837 841 924 923 vulgo
952 839 1104 905 credittu?
1138 842 1300 924 Equidem,
1327 842 1396 906 lieet
1415 860 1477 906 non

315 963 419 1026 negem
435 945 498 1008 lieri
513 946 655 1026 potuisse,
670 954 704 1007 ut
718 944 907 1025 interrogatio
923 944 1011 1008 etiam
1028 945 1059 1006 in
1072 945 1301 1008 affirmationem
1316 945 1419 1020 abiret,
1432 981 1476 991 —

316 1056 350 1112 ut
368 1048 497 1129 quidni
516 1048 669 1130 aliquoties
689 1048 721 1109 in
741 1050 864 1129 figurata
884 1048 1111 1130 interrogatione
1125 1057 1286 1129 usurpatur
1299 1049 1336 1111 ab
1351 1068 1403 1122 eo,
1424 1049 1476 1130 qui

315 1169 381 1215 rem
395 1151 531 1225 affirmat,
546 1185 588 1196 -
599 1158 680 1213 certe
693 1158 793 1213 tamen
807 1169 869 1213 non
884 1151 982 1214 minus
998 1151 1186 1232 probabiliter
1200 1152 1261 1234 qui
1274 1151 1344 1214 illud
1357 1168 1411 1232 pro
1422 1152 1476 1214 de-

317 1255 512 1318 monstrativo
530 1253 634 1317 haberi
652 1273 741 1334 posse
760 1253 900 1326 arbitror,
919 1262 1041 1337 propter
1055 1254 1150 1336 ipsam
1165 1254 1241 1316 hanc
1255 1252 1475 1317 demonstrandi

315 1358 375 1419 vim
402 1357 491 1419 etiam
520 1357 728 1419 asseverationi
752 1356 954 1437 aptissimam,
980 1356 1098 1418 finalem
1119 1364 1218 1419 autern
1238 1356 1367 1419 litteram
1387 1376 1408 1418 rr
1427 1363 1479 1419 aut

316 1458 480 1523 fulciendae
497 1465 615 1522 tantum
638 1458 743 1522 vocalis
763 1477 850 1521 causa
870 1459 1013 1532 additam,
1035 1468 1069 1521 ut
1085 1461 1118 1521 in
1137 1461 1278 1539 tamensst
1298 1465 1328 1521 et
1347 1468 1382 1522 ut
1402 1478 1431 1520 m
1445 1459 1477 1520 in

318 1562 461 1642 quidem
478 1562 615 1642 aliisque,
636 1568 694 1634 aut,
709 1579 769 1642 quo
784 1562 923 1642 equidem
942 1561 1035 1642 magis
1050 1562 1174 1635 inclino,
1195 1582 1233 1624 ex
1246 1580 1289 1624 ne
1303 1562 1477 1627 alsnmatiro

318 1663 517 1737 decurtatam,
537 1663 790 1745 quemadmodum
810 1664 899 1727 etiam
914 1664 1084 1744 negativum
1098 1663 1168 1726 illud
1183 1662 1329 1727 decurtari
1344 1664 1477 1726 videmus

317 1767 348 1829 in
362 1767 421 1830 sin
435 1786 490 1849 pro
505 1767 601 1840 sine,
622 1766 680 1828 vin
695 1784 749 1847 pro
764 1766 887 1839 visne,
910 1767 1020 1829 andin
1033 1785 1088 1849 pro
1104 1767 1260 1830 audisne
1275 1785 1309 1828 ac
1322 1767 1476 1829 similibus.

316 1870 391 1933 Nam
412 1870 544 1932 vocalem
563 1872 591 1943 i,
614 1869 739 1949 quaein
761 1869 905 1951 quidem
926 1868 1099 1952 corripitur,
1121 1868 1152 1931 in
1166 1869 1369 1950 monosyllaba
1382 1871 1477 1932 forma

315 1973 441 2056 produci
453 1990 543 2035 nemo
558 1971 713 2035 mirabitur
722 1972 762 2048 9).

402 2075 574 2138 Rectissime
593 2083 694 2137 autem
714 2093 731 2136 a
745 2075 945 2138 Fleckeisenio
961 2075 1197 2139 animadversum
1213 2082 1268 2149 eat,
1291 2074 1362 2149 illud
1378 2075 1476 2155 ipsum

318 2179 381 2261 qui
395 2179 602 2241 affirmativum
618 2178 736 2258 agnosci
750 2177 857 2240 debere
872 2179 960 2241 etiarn
975 2178 1007 2240 in
1021 2178 1184 2259 composita
1199 2178 1405 2240 coniunctione
1419 2184 1478 2240 at-

318 2283 395 2362 qui,
424 2281 575 2344 cuiusvis
601 2280 779 2344 adversativa
804 2281 902 2344 addita
926 2282 982 2344 hac
1006 2281 1150 2363 particula
1175 2282 1366 2343 asseverativa
1387 2280 1478 2361 magis

320 2384 542 2467 quodammodo
558 2383 734 2446 intenditur:
755 2401 825 2446 nam
840 2386 940 2466 atqui
954 2384 1033 2447 idem
1048 2385 1111 2446 lere
1124 2392 1170 2446 est
1183 2383 1263 2464 quod
1279 2392 1314 2445 at
1328 2402 1427 2459 sane,
1442 2391 1477 2446 at

318 2488 566 2570 preteeto1⁰):
582 2486 749 2568 diciturque
763 2504 976 2569 nonnunquam
992 2488 1082 2550 etiam
1099 2487 1267 2549 disiunctim
1283 2494 1319 2548 at
1335 2487 1410 2566 qui,
1429 2486 1477 2549 in·

318 2590 436 2654 terieda
448 2590 538 2652 altera
548 2589 650 2652 vocula
661 2589 833 2653 affirmativa
845 2591 923 2672 poi,
934 2590 1014 2653 velut
1024 2590 1102 2671 apud
1110 2590 1205 2653 Plaut.
1215 2589 1296 2652 bein.
1306 2589 1407 2666 im,
1423 2590 1476 2650 ll:

404 2717 435 2772 at
448 2710 499 2791 pol
514 2711 565 2791 qni
579 2710 652 2772 dixti
665 2710 786 2786 rectius,

319 2830 427 2914 quibus
447 2830 543 2891 verbis
563 2829 603 2903 is,
625 2830 677 2910 qui
696 2831 843 2911 loquitur,
863 2830 982 2893 alterins
1001 2830 1177 2892 sententiam
1192 2829 1228 2891 ab
1244 2848 1290 2903 ea,
1312 2847 1401 2909 quarn
1416 2828 1478 2910 ipsc

319 2942 406 2996 antea
417 2932 570 3006 habuerat,
585 2932 740 3007 diversam,
753 2934 805 2996 sed
815 2934 1043 2997 rectioremesse
1055 2934 1219 3016 prolitetur.
1242 2932 1317 2995 llud.
1328 2932 1387 3007 lv,
1402 2931 1431 3005 3,
1442 2930 1479 2992 9:

404 3076 467 3121 non
481 3058 581 3120 aridio.
592 3076 618 3119 :z
635 3064 665 3120 at
679 3059 729 3141 pol
745 3061 796 3142 qui
810 3060 920 3123 addies.
934 3078 960 3122 :2
976 3060 1047 3141 quin
1062 3062 1131 3143 post
1146 3060 1284 3141 eloquere
1299 3058 1434 3139 quidvis.

322 3178 470 3261 Amphitr.
485 3178 532 3251 11,
548 3177 578 3252 2,
594 3178 652 3241 82:

405 3299 472 3361 Ndn
486 3302 520 3360 tu
534 3298 602 3374 scis,
617 3299 748 3362 Bacchae
762 3298 916 3364 bacchanti
930 3301 956 3364 sl
971 3302 1042 3364 velis
1056 3300 1246 3375 adversarior,

406 3402 442 3463 dx
456 3400 558 3464 insana
572 3400 752 3464 metuerem
766 3403 865 3477 iacies,
878 3404 964 3467 feriat
976 3404 1109 3487 saepius:

408 3504 434 3567 si
450 3504 623 3585 dboeqmm,
638 3504 696 3566 und
710 3506 840 3569 resolves
855 3508 946 3588 plaga.
964 3525 987 3568 a:
1004 3516 1034 3569 at
1047 3505 1096 3589 pol
1111 3506 1162 3588 qui
1176 3506 1256 3569 certa
1269 3523 1317 3568 res

408 3606 485 3669 hanc
499 3612 545 3669 est
559 3608 723 3691 obiurgare.

324 3763 525 3774 —n———n———u

408 3850 434 3916 8)
452 3848 489 3902 Ile
500 3850 548 3901 hoc
560 3846 611 3898 rid.
621 3843 648 3895 C.
661 3841 690 3894 L.
702 3842 849 3897 Schneider.
861 3858 965 3910 gramm.
977 3841 995 3895 l.
1015 3859 1039 3909 p.
1051 3843 1110 3895 tta.

408 3935 435 3999 9)
452 3934 521 3987 llaec
536 3934 605 3986 ratio
622 3932 646 3984 ai
663 3930 795 3996 probatur,
807 3929 1010 3994 distinguendum
1022 3930 1073 3981 erit
1084 3929 1154 3995 quin
1167 3926 1345 3981 affirmativum
1357 3927 1389 3979 ab
1400 3926 1483 3978 altaro

322 4022 479 4090 honcphono
495 4036 528 4072 arr
545 4018 655 4072 relativo
673 4024 717 4068 ant
728 4017 805 4068 ctiam
816 4016 1002 4080 interrogativo
1014 4017 1160 4081 pronomine
1172 4030 1227 4065 eam
1239 4015 1371 4079 negatione
1383 4024 1485 4076 eonpa-

324 4108 389 4170 alto;
403 4107 447 4159 sed
459 4113 540 4158 totam
551 4107 616 4157 hane
627 4104 799 4172 quaestionem
811 4101 955 4153 accuratius
966 4108 1125 4169 pertractare
1137 4101 1197 4152 mihi
1209 4100 1307 4168 quidem
1314 4099 1363 4150 hoc
1371 4105 1485 4163 tenpore

324 4210 374 4246 non
385 4191 454 4245 licat.

395 4278 435 4344 10)
455 4277 526 4344 Quod
537 4274 649 4328 flandina
670 4274 801 4340 opinatur,
817 4270 929 4324 Turseli.
946 4269 965 4323 l.
980 4286 1004 4336 p.
1022 4269 1080 4337 51³,
1097 4271 1146 4339 qni
1161 4271 1187 4322 in
1204 4270 1290 4336 atqui
1303 4285 1360 4322 asae
1371 4291 1406 4312 -ι
1417 4283 1486 4335 qna,

324 4364 382 4417 hs.
392 4364 530 4417 ablativum
539 4360 693 4431 pronominis
702 4358 833 4424 indefiniti,
845 4355 1025 4423 ataignillcara
1037 4356 1160 4424 quodam
1172 4356 1271 4420 nodo,
1282 4354 1362 4407 miror
1370 4354 1487 4420 euiqaan

325 4449 430 4515 probari
440 4450 563 4514 potuisse.
