3178 5136
852 452 915 516 208

310 643 515 723 Theophrasto
531 642 660 723 scriptus
672 640 719 717 sit,
734 651 958 703 controversum
972 648 1026 702 est
1054 638 1244 719 Reliquorum
1254 646 1351 701 autem
1365 638 1463 718 philo-

310 747 475 828 sophorum
497 746 684 808 oeconomica
704 743 828 825 scripta,
847 751 963 826 praeter
982 761 1074 826 pauca
1096 742 1295 805 recentiorum
1319 741 1463 822 imprimis

309 850 560 931 Pythagoreorum
575 850 734 929 fragmenta
743 850 788 923 ⁹),
803 849 889 928 plane
903 847 1066 929 perierunt,
1083 865 1118 909 ac
1130 864 1228 928 nuper
1241 846 1360 907 demum
1374 862 1462 907 unam

309 955 393 1034 quasi
411 972 446 1015 er
465 971 573 1032 magno
592 952 742 1031 naufragio
762 950 895 1013 tabellam
920 952 1036 1013 fortuna
1060 950 1147 1012 nobis
1165 948 1276 1023 muniit,
1302 948 1465 1011 Philodemi

308 1055 456 1149 Epicurei,
472 1055 621 1118 Ciceronis
636 1055 774 1135 aequalis,
797 1055 833 1117 de
847 1054 1098 1115 administratione
1112 1054 1153 1114 rei
1168 1050 1317 1115 familiaris
1331 1051 1464 1132 disputa·

277 1167 291 1217 7
311 1158 433 1233 honam,
452 1159 572 1221 maioris
588 1158 688 1238 operis
703 1158 739 1219 de
753 1156 907 1219 virtutibus
923 1156 1127 1238 oppositisque
1140 1154 1216 1217 vitiis
1231 1153 1414 1235 particrrlarn,
1434 1153 1464 1214 in

308 1260 463 1322 Herculani
477 1260 632 1350 ruderibus
648 1269 806 1341 repertam,
824 1277 885 1322 non
900 1259 1060 1322 admodum
1075 1258 1151 1321 illam
1167 1257 1284 1338 quidem
1307 1254 1352 1316 vd
1368 1255 1465 1317 disse·

307 1363 391 1424 rendi
405 1363 563 1426 subtilitate
577 1365 621 1426 vel
635 1363 777 1425 orationis
793 1362 932 1443 elegantia
944 1360 1212 1433 commendabilem,
1225 1366 1422 1421 verumtamen
1434 1358 1465 1420 in

307 1472 385 1528 unta
400 1466 524 1529 aliorum
536 1468 573 1528 de
587 1468 645 1529 hoc
655 1451 828 1546 argumento
841 1466 1018 1547 scriptorum
1029 1465 1138 1527 iachim
1151 1463 1377 1543 haudquaquam
1393 1479 1466 1523 sane

309 1570 561 1631 contemnendam.
584 1569 747 1632 Edidemnt
757 1570 833 1631 hanc
843 1568 1017 1631 Francisous
1028 1566 1194 1628 lasaronius
1206 1574 1235 1627 et
1245 1563 1366 1627 Carolus
1377 1564 1467 1627 llario

309 1670 449 1733 Rosinius
474 1673 505 1733 in
531 1673 711 1735 voluminum
736 1671 993 1734 herculanensium
1018 1680 1101 1733 tomo
1127 1669 1224 1741 tertio,
1251 1666 1372 1747 Neapoli
1397 1685 1466 1729 ann.

308 1773 541 1849 mcccxxvii,
558 1784 586 1837 et
600 1784 670 1857 post
684 1777 740 1837 hos
752 1776 872 1838 Carolus
883 1773 1083 1854 Goettlingius‚
1098 1789 1156 1833 una
1172 1788 1238 1833 cum
1255 1769 1421 1832 Aristotelio
1438 1782 1468 1831 et

309 1878 448 1957 anonymi
463 1879 666 1954 oeconomico,
681 1879 765 1941 lenae
780 1895 848 1941 ann.
859 1876 1072 1941 llllCCCllel.
1095 1876 1132 1936 llt
1143 1874 1179 1935 de
1190 1871 1388 1953 Neapolitanis
1399 1872 1467 1952 qui·

309 1977 377 2039 dem
392 1978 552 2041 editoribus
567 1998 648 2042 nunc
661 1981 756 2043 dicere
771 1982 855 2055 nolo,
874 1999 929 2041 nec
944 1978 1014 2041 satis
1029 1985 1092 2040 tuto
1106 1994 1244 2057 possum,
1265 1993 1356 2056 quum
1370 1974 1466 2055 ipsam

308 2097 412 2142 eorum
438 2081 593 2144 editionem
620 2099 772 2163 nunquam
796 2081 932 2144 viderim:
956 2079 1105 2161 populeris
1130 2086 1228 2141 autem
1250 2085 1354 2139 noster
1374 2095 1468 2158 quum

309 2182 453 2262 praeclare
468 2183 504 2245 de
519 2183 615 2245 tribus
630 2184 685 2246 illis
700 2184 851 2264 opusculis
870 2183 914 2244 rel
932 2179 1111 2244 illustrandis
1130 2181 1173 2241 vel
1192 2179 1382 2242 emendandis
1400 2198 1468 2241 me·

308 2287 411 2361 ruerit,
431 2285 576 2367 permulta
590 2294 687 2348 tamen
703 2286 765 2347 aliis
781 2285 910 2347 iacienda
925 2284 1077 2363 reliquisse
1098 2281 1270 2345 iudicandus
1292 2291 1350 2345 est:
1370 2288 1471 2362 neque

307 2386 338 2447 id
358 2387 479 2461 mirum,
498 2388 529 2448 in
549 2378 723 2450 Philodamo
744 2387 929 2467 praesertim,
948 2385 1082 2465 plurimis
1102 2392 1130 2446 et
1150 2384 1285 2447 maximis
1304 2384 1335 2447 in
1354 2404 1469 2466 papyro

308 2489 420 2551 lacunis
434 2490 554 2570 aliisque
572 2492 747 2552 mendortun
768 2485 924 2567 generibus
944 2487 1050 2550 misere
1067 2488 1199 2560 foedato,
1220 2505 1294 2567 quae
1311 2487 1469 2549 hedonem

308 2590 339 2652 in
357 2591 435 2652 nulla
457 2608 519 2652 non
538 2591 644 2672 pagina
668 2591 734 2672 plus
761 2590 851 2653 semel
875 2589 1035 2670 impediant
1058 2590 1290 2670 sententiamque
1314 2590 1470 2670 scriptoris

309 2692 474 2754 obsoment.
500 2692 582 2756 Hanc
594 2693 633 2754 ob
645 2712 764 2755 causam
776 2711 866 2773 quum
878 2711 935 2754 nos
947 2699 976 2753 et
987 2692 1057 2754 olim
1068 2692 1204 2755 nonnihil
1217 2712 1303 2755 carrae
1317 2692 1364 2753 his
1382 2691 1470 2753 libii-

307 2793 350 2881 lis·
358 2795 599 2876 impenderimus,
613 2803 642 2858 et
656 2796 714 2857 hoc
724 2795 790 2875 ipso
801 2803 936 2875 tempore
947 2794 982 2856 ad
994 2794 1147 2857 lectionem
1163 2812 1267 2857 eorum
1282 2793 1408 2856 revocati
1423 2794 1469 2854 si—

306 2916 390 2971 mus,
410 2916 472 2958 non
487 2898 524 2959 ab
539 2917 571 2959 re
586 2897 682 2960 visum
696 2906 741 2960 est
754 2898 865 2978 aliquot
879 2897 1091 2971 emendationis
1107 2906 1226 2960 nostrae
1245 2905 1274 2959 et
1292 2897 1469 2978 interpreta-

308 2997 396 3060 tionis
412 2998 572 3079 specimina
586 2998 702 3078 publice
717 3016 893 3081 proponere.
920 2998 977 3061 Sed
990 2999 1151 3061 Philodami
1164 3018 1255 3080 Qum
1270 2997 1413 3080 tripertita
1429 2999 1471 3060 sit

308 3099 481 3180 disputatio,
496 3109 685 3182 verseturque
699 3100 827 3183 primum
843 3102 874 3163 in
889 3101 1108 3182 Xenophontis,
1129 3101 1232 3165 deinde
1247 3103 1277 3165 in
1293 3100 1472 3177 Aristotelis,

307 3203 365 3277 rel,
384 3211 418 3265 ut
433 3204 497 3284 ipse
514 3203 566 3277 ait,
581 3203 777 3285 Theophrasti
794 3203 986 3277 oeconomico
1009 3204 1176 3279 iudicando,
1198 3213 1349 3285 postremo
1367 3212 1469 3266 auteur

319 3363 534 3371 mm...—
538 3364 606 3371 ,-....

307 3431 347 3480 ιιι
359 3431 460 3481 libellos
472 3433 503 3483 aa
515 3447 570 3482 eam
582 3447 645 3499 quse
657 3414 822 3482 vereamur
834 3432 1010 3498 economum,
1029 3447 1102 3498 pon
1118 3432 1180 3482 aiau
1191 3433 1222 3483 ae
1235 3431 1370 3483 ramese·
1383 3431 1468 3482 aaut·

306 3514 454 3567 nistratione
466 3516 612 3583 praecipiat,
622 3514 674 3568 'sed
691 3517 860 3585 tantummodo
873 3504 944 3567 uaria
956 3516 1119 3568 artificiorum
1132 3518 1246 3584 exempla
1257 3523 1392 3584 proponat,
1410 3518 1469 3583 qui-

307 3601 352 3652 bas
364 3602 481 3654 civitates
494 3617 627 3670 earumque
639 3602 765 3669 principes
776 3589 815 3653 usi
829 3603 880 3653 sint
889 3592 921 3652 a'd
932 3602 1062 3666 annuntias
1073 3602 1229 3654 aerariorum
1242 3602 1420 3655 sublevandas.

374 3688 398 3751 9)
417 3687 540 3754 Pleraque
552 3690 638 3739 horum
650 3689 715 3755 apud
727 3688 842 3739 loannem
855 3686 989 3739 Stobasnm
1001 3695 1104 3738 servata
1117 3695 1182 3754 sunt,
1198 3703 1213 3738 e
1226 3689 1354 3756 brysonis,
1373 3703 1469 3753 perso-

306 3773 359 3823 nati
373 3773 438 3823 aaut
455 3772 537 3835 dubis,
554 3773 732 3842 Οἰκονομικῷ
750 3773 847 3836 (FlorilL
861 3774 899 3823 tit.
913 3773 952 3837 85,
965 3773 1004 3835 15)
1023 3772 1199 3825 Callicratidas
1220 3773 1284 3824 libro
1305 3774 1371 3841 περὶ
1382 3775 1469 3824 οἴκου

305 3851 485 3926 εὐδαιμονίας
502 3858 544 3920 (ib.
559 3857 599 3921 tt,
615 3858 655 3908 ll.
669 3858 708 3924 85,
724 3859 762 3908 16.
778 3858 817 3909 17.
833 3858 882 3921 le),
899 3856 1023 3909 llieroelis
1042 3859 1213 3927 οἰκονομικῷ
1231 3857 1272 3922 (ib.
1284 3857 1326 3923 85,
1339 3857 1392 3923 21),
1415 3875 1468 3909 aoa

305 3942 414 4007 diverso,
428 3950 456 3993 ut
467 3942 585 4006 arbitror,
603 3943 700 4015 alibro
718 3943 782 4014 περὶ
795 3944 891 3995 οἰκιῶν
903 3958 923 3995 s.
937 3961 967 3994 π.
982 3945 1073 4011 οἴκων,
1094 3958 1166 4010 quern
1182 3945 1236 4010 ipse
1248 3944 1311 3995 citat
1323 3943 1347 3994 ia
1361 3942 1392 3994 ir.
1405 3942 1469 3994 libri

207 4031 216 4045 ‘
305 4029 372 4098 περὶ
382 4024 476 4098 γάμου
487 4029 520 4079 ib.
534 4028 575 4094 67,
588 4026 629 4080 22.
641 4056 677 4067 -
696 4029 800 4094 Aliquot
816 4029 864 4079 loci
880 4027 1015 4080 aStolaaeo
1031 4029 1133 4080 etiams
1146 4028 1233 4079 ilionis
1245 4029 1406 4079 oeconomico
1419 4044 1470 4080 es·

305 4111 385 4181 eerpti
397 4121 457 4165 sunt
469 4114 517 4178 (tit
531 4114 573 4179 42,
588 4114 626 4165 12.
639 4114 681 4177 62,
694 4113 735 4163 ld.
748 4110 789 4177 74,
802 4114 843 4164 59.
857 4113 898 4163 nt.
912 4114 952 4179 85,
967 4114 1006 4164 12.
1022 4113 1071 4178 13),
1084 4114 1125 4181 qni
1138 4115 1195 4181 quin
1209 4113 1406 4182 Chrysnstomna
1420 4115 1468 4179 ait,

304 4214 354 4250 non
366 4193 465 4250 dubium
477 4200 585 4250 videtur.
614 4199 719 4253 Plurimi
732 4205 816 4250 autem
834 4214 883 4249 aon
899 4198 930 4249 dc
943 4199 1008 4250 omni
1025 4200 1240 4251 administratione
1251 4200 1396 4264 domestica,
1419 4202 1466 4251 sed

304 4285 336 4336 de
347 4300 397 4336 nna
408 4286 522 4336 alterave
533 4291 605 4352 parte
618 4285 782 4351 seripserunt,
795 4285 875 4336 veluti
886 4285 917 4335 de
929 4283 1052 4349 coniugio,
1069 4284 1100 4334 de
1111 4284 1249 4336 liberorum
1260 4286 1420 4349 mutiens,
1433 4285 1465 4335 te

304 4385 435 4433 seruorum
446 4370 606 4434 tractatione,
617 4371 649 4420 de
662 4370 759 4422 divitiis
771 4377 888 4438 rectoque
900 4384 986 4420 earnm
999 4384 1053 4435 osu,
1062 4369 1093 4419 ds
1104 4371 1374 4436 apparatndornestioo
1387 4372 1465 4439 (περὶ

304 4454 430 4523 σκευῶν),
443 4470 506 4523 quos
518 4470 668 4521 percensere
682 4456 781 4520 longum
793 4462 840 4507 est.
