3276 5144
681 470 830 565 Q

173 666 241 721 ante
255 660 339 720 annis
355 664 452 721 ortum
468 676 532 719 esse
546 656 657 739 dinque
670 658 868 739 permansisse
882 657 953 719 nihil
965 658 1101 738 estquod
1113 657 1330 720 crederemtet:

174 780 230 824 nec
249 761 376 824 dubitari
396 769 496 841 potest
517 762 588 841 quin
608 760 809 824 adolescentes
823 762 854 823 in
868 780 903 823 eo
917 762 1029 823 luerint
1042 760 1202 823 maximam
1217 768 1330 840 portem

172 882 209 925 er
224 864 362 926 domibus
384 863 590 942 locupletibus,
612 864 701 944 quisi
717 864 823 945 opibus
838 872 867 925 et
881 864 1007 926 lectione
1022 864 1249 936 contenderent,
1269 880 1331 925 non

173 984 240 1029 raro
266 966 354 1028 etiam
380 964 411 1027 in
437 965 634 1046 reipublicae
660 966 784 1046 negotiis
804 967 882 1048 quod
902 974 1037 1046 peterent
1055 967 1256 1047 impetrarent.
1294 966 1332 1029 lli

172 1068 260 1148 igitur
274 1074 358 1141 sunt,
375 1086 450 1149 quos
464 1085 544 1128 nunc
558 1058 740 1149 Dicaeopolis
755 1078 909 1130 enumerat
923 1070 1094 1131 nominibus
1109 1069 1229 1131 ridicule
1244 1088 1329 1132 com-

173 1170 287 1252 positis,
299 1170 625 1251 Tisamenophaenippi
641 1169 670 1231 h.
681 1189 706 1231 e.
717 1170 890 1233 Tisamenus
911 1179 941 1233 et
954 1172 1150 1253 Hermippus,
1168 1172 1332 1253 Panurgip-

172 1272 336 1356 parohidac,
351 1274 380 1334 h.
396 1293 422 1334 e.
438 1272 533 1335 callidi
549 1274 668 1353 quidam
685 1274 842 1355 Hipparchi
857 1274 976 1350 similes,
992 1274 1244 1349 Geretotbeodori‚
1260 1277 1289 1338 lt.
1304 1294 1330 1337 e.
1404 1356 1407 1363 ⁴

174 1377 264 1438 Getes
279 1384 310 1437 et
322 1374 509 1448 Theodorus,
529 1392 657 1455 quoram
672 1377 752 1437 bunc
767 1386 948 1455 postremum
963 1377 1041 1457 quod
1056 1379 1229 1441 scholiastes
1242 1379 1330 1441 etiam

170 1498 210 1541 'ea
229 1497 303 1560 pago
320 1478 469 1541 [ilamensi
485 1477 577 1539 fuisse
591 1477 641 1550 ait,
656 1479 720 1539 lieri
734 1487 881 1558 potestat
896 1496 998 1541 rerum
1013 1481 1066 1554 sit,
1081 1487 1181 1561 potest
1194 1482 1282 1543 etiam
1298 1490 1332 1543 ut

174 1582 371 1644 eoonieotura
386 1585 500 1641 tantum
518 1580 648 1641 ductum.
680 1580 764 1642 Certe
779 1575 1071 1659 Διομειαλαζόνων
1083 1601 1196 1645 nomen
1209 1600 1271 1646 non
1285 1603 1331 1658 eo,

174 1685 252 1766 quod
273 1703 309 1746 ex
329 1683 377 1745 illo
399 1701 503 1745 omnes
517 1700 592 1763 pago
606 1691 721 1757 essent,
740 1682 792 1744 sed
807 1683 887 1763 quod
902 1684 933 1745 in
949 1684 1098 1748 ltiomonsi
1114 1686 1246 1747 llerculis
1260 1687 1330 1749 iano

173 1796 334 1850 conventus
356 1806 440 1867 agera
460 1794 547 1868 atque
568 1777 818 1865 οῖλαζονεύματα
836 1804 889 1850 sua
905 1806 1039 1851 exercere
1054 1790 1192 1861 solerent,
1208 1790 1331 1869 imposi-

172 1896 238 1951 tum
260 1889 295 1950 iis
313 1908 379 1950 esso
400 1888 594 1951 censebimus.
608 1920 652 1933 -
666 1890 804 1950 Ceterum
826 1890 965 1968 quoniam
984 1890 1015 1952 in
1036 1909 1145 1952 comm.
1166 1892 1202 1953 de
1222 1892 1330 1955 Cratini

174 1993 276 2071 fragm.
297 1991 385 2052 etiam
400 1990 473 2053 alius
487 1989 639 2052 cuiusdam
655 1989 786 2051 sodalicii
800 1990 981 2052 mentionem
996 1991 1052 2053 leci
1067 2009 1127 2054 non
1142 1993 1270 2055 multum
1285 1993 1332 2056 di-

174 2093 248 2156 versi
259 2093 384 2174 generis,
395 2093 448 2154 sed
459 2092 770 2173 petulantissimomm,
786 2093 951 2166 atridetur,
967 2094 1332 2174 etimpndentissimorum

175 2194 346 2270 hominum,
369 2197 420 2277 qui
434 2194 665 2275 ithyphallorum
680 2194 736 2256 sibi
751 2212 861 2257 nomen
875 2195 1014 2268 fecerant,
1030 2203 1096 2257 utar
1110 2197 1165 2258 hac
1180 2198 1332 2261 occasione

174 2299 210 2362 ad
238 2299 431 2380 promendam
455 2297 691 2359 emendationem
717 2296 787 2359 olim
813 2299 1050 2378 praetermissam
1075 2299 1106 2360 in
1126 2300 1330 2363 Demosthenis

174 2402 306 2464 oratione
321 2409 374 2464 etr.
391 2401 543 2463 Cononem
558 2404 585 2476 b.
602 2400 643 2461 aa
658 2419 687 2480 p.
706 2401 797 2475 1263,
813 2401 863 2462 ubi
879 2402 1029 2463 Cononem
1047 2409 1146 2465 orator
1159 2403 1331 2485 loquentem

173 2505 258 2567 tacita
275 2495 471 2589 ’ἰθύφαλλοί
490 2496 577 2577 τινές
597 2496 696 2582 ἐσμεν
709 2493 804 2584 ἡμεῖς
818 2500 1069 2585 συνειλεγμένοι,
1085 2502 1141 2567 καί
1164 2498 1331 2588 ἐρῶντες

173 2596 230 2681 οὓς
262 2595 302 2670 ἂν
327 2598 405 2688 ἡμῖν
432 2601 511 2688 δόξῃ
534 2605 677 2684 παίομεν
702 2599 760 2666 καὶ
788 2597 937 2685 ἄγχομεν.
978 2607 1035 2668 Pro
1061 2607 1253 2688 inexplicabili
1279 2608 1329 2669 illo

173 2701 308 2790 ἐρῶντες
329 2708 407 2769 baud
422 2708 509 2770 dubie
524 2708 711 2770 scribendum
726 2716 773 2768 est
786 2700 936 2782 ἐξιόντες.

259 2812 293 2872 V.
311 2812 372 2873 650
388 2812 467 2892 quod
483 2811 515 2874 in
529 2812 677 2874 codicibus
692 2811 834 2893 scriptum
849 2819 895 2873 est

188 2908 323 2989 τούτους
345 2909 406 2997 γὰρ
422 2907 487 2999 ἔφη
508 2910 585 2989 socie
607 2906 808 2995 ἀνθρώπους
830 2909 916 2975 πολὺ
937 2910 1086 2994 βελτίους
1108 2914 1316 2999 γεγενῆσθαι,

172 3016 311 3080 lldllerus
330 3018 399 3079 ferri
414 3035 475 3079 non
489 3036 578 3100 posse
593 3026 674 3080 ratus
689 3036 743 3100 pro
758 3014 906 3098 βελτίους
928 3018 1126 3101 γεγενῆσθαι
1150 3019 1330 3082 confidenter

171 3119 270 3200 posuit
295 3113 446 3201 βελτίους
466 3140 502 3181 τε
523 3111 654 3200 γενέσθ’
662 3111 709 3181 δν.
746 3120 823 3181 Haec
843 3122 985 3183 correctio
1006 3138 1094 3201 quam
1116 3139 1331 3201 supervacanea

171 3222 218 3294 sit,
234 3241 381 3304 quamque
396 3224 468 3285 nibil
484 3224 654 3285 offensionis
670 3224 783 3303 vulgata
798 3224 883 3286 lectio
898 3224 1000 3304 peritis
1015 3223 1139 3285 obiicere
1153 3225 1256 3305 possit,
1270 3226 1329 3286 mm

171 3345 188 3388 a
210 3324 369 3387 Ribbeckio
389 3333 419 3387 et
440 3326 589 3388 [lindortio
604 3327 772 3406 expositum
796 3325 887 3389 video.
899 3359 942 3371 —-
954 3327 1127 3389 Laudandus
1136 3333 1244 3389 'autem
1260 3328 1330 3390 ilib-

170 3427 290 3489 beckius
305 3429 393 3489 etiam
406 3428 444 3490 ob
454 3437 565 3491 rectam
577 3429 848 3510 interpretationem
864 3448 890 3490 v.
908 3430 986 3490 655:

220 3519 296 3589 ἀλλ’
317 3519 409 3607 ὑμεῖς
429 3547 484 3591 τοι
504 3523 631 3614 μήποτ’
653 3522 775 3615 ducib,
798 3521 843 3604 ὥς
863 3523 1061 3615 κωμῳδήσει
1083 3526 1125 3593 τὰ
1148 3526 1271 3608 δίκαια,

171 3631 255 3692 caius
277 3648 344 3691 vera
364 3632 509 3693 sententia
530 3634 627 3712 ipsum
650 3633 723 3694 adeo
739 3633 773 3694 G.
790 3632 991 3694 llermannum
1013 3631 1083 3705 olim
1099 3633 1213 3707 fefellit,
1236 3652 1329 3716 quum

170 3732 201 3794 ia
212 3732 305 3793 litem.
319 3732 412 3794 doctr.
424 3742 511 3795 metr.
529 3753 558 3814 p.
571 3733 633 3796 402
644 3735 831 3797 scribendum
843 3735 994 3797 suaderet:
1012 3724 1085 3796 ἀλλ’
1101 3728 1194 3816 ὑμεῖς
1206 3731 1330 3818 μήπου)

172 3825 301 3919 ἀῳήδ’,
328 3825 372 3909 ὥς
399 3826 437 3895 ov’
464 3830 664 3919 κωμῳδήσει
691 3834 732 3899 ad
755 3830 885 3915 dinero,
913 3838 1024 3900 scilieet
1036 3839 1118 3901 uerbi
1132 3834 1330 3922 κωμῳδήσει

170 3936 320 3999 obiectum
340 3945 494 3999 externum
509 3933 552 4001 aei
574 3933 689 4002 δίκαια
711 3950 882 4016 essemus,
899 3941 978 4023 quod
994 3943 1146 4005 internum
1161 3942 1260 4023 potius
1273 3941 1328 4005 ha·

169 4040 232 4102 beri
246 4041 342 4113 debet,
359 4049 392 4102 ut
406 4041 444 4101 sit
458 4036 629 4124 κωμῳδεῖν
650 4037 694 4102 aci
716 4037 830 4104 δίκαια
845 4043 863 4105 i.
880 4062 907 4123 q.
922 4041 1144 4129 κωμῳδοῖντα
1158 4040 1200 4107 cd
1216 4041 1330 4110 δίκαια

169 4135 287 4222 λέγειν,
315 4144 395 4223 quod
415 4142 513 4222 potuit
532 4145 619 4205 etiam
641 4162 695 4224 per
714 4145 883 4207 aelverbium
903 4147 960 4210 dici
979 4142 1150 4231 κωμῳδεῖν
1175 4144 1327 4224 δικαίωςτ

166 4242 392 4305 comoediam
417 4244 613 4308 scribendo
639 4246 764 4308 dicere
791 4249 885 4328 quod
911 4250 969 4311 ius
995 4260 1065 4324 cst,
1090 4251 1150 4313 sive
1171 4258 1269 4313 recte
1289 4271 1329 4314 ac

163 4344 260 4406 iuste
284 4348 508 4410 comoediari
529 4348 639 4427 (licebit
663 4347 747 4410 enim
768 4350 827 4411 boo
841 4350 963 4412 verbum
979 4352 1109 4432 lingere).
1143 4354 1274 4434 Exposui
1291 4354 1339 4416 de>

164 4447 222 4508 hoc
242 4464 299 4509 asa
320 4451 475 4512 accusativi
494 4453 644 4514 internum
663 4452 790 4513 actionis
814 4452 980 4514 subiectum
1002 4454 1156 4517 indicantis
1179 4474 1272 4539 quum
1291 4457 1323 4518 in
