3178 5136
619 414 819 515 „nn-

134 622 195 667 eree
207 621 299 684 opus,
313 603 371 667 sed
384 602 587 684 compostm
601 621 618 664 ι
632 599 764 683 plurium
784 600 895 682 collegii
917 601 1097 665 oeonmenioi
1115 623 1132 665 ι
1146 604 1294 667 Consue-

134 707 192 769 tine
205 707 315 787 Magno
326 708 358 770 in
370 707 478 789 palutio
490 707 643 786 Oetogono
654 701 779 764 instituti
791 702 977 777 dooton'bus3
992 704 1091 784 plures
1105 723 1157 767 our
1168 713 1295 769 statuere

133 808 268 870 mbrerit
292 827 382 888 quum
400 826 496 871 unum
519 805 764 889 pruebsimerum
784 805 954 884 paginarum
976 805 1208 888 compositorem
1234 826 1295 870 non

134 909 295 990 explicarit.
337 908 415 971 Huie
433 908 539 971 iudicio
563 905 738 986 subscripsit
756 905 905 986 bugnuus
923 907 1058 969 huniae
1081 907 1112 969 in
1136 908 1225 971 altera
1250 929 1294 989 gr.

133 1011 180 1073 Gr.
195 1011 330 1073 dinone
343 1018 417 1071 tom.
435 1011 451 1070 1
468 1029 498 1091 p.
517 1011 565 1073 15.
604 1007 788 1072 tonusrtam
807 1016 906 1071 eutem
921 1009 1094 1071 sententiam
1108 1020 1176 1072 ente
1191 1011 1293 1073 Goett·

131 1112 256 1192 inpium
269 1111 427 1175 Clauum
442 1112 560 1185 tneor,
574 1110 723 1193 quittp.
739 1108 774 1171 81
794 1110 898 1184 „boe“
914 1111 1008 1191 inquit
1022 1111 1207 1185 „oertisnme
1221 1131 1293 1192 pro·

132 1212 393 1286 nannetense,
408 1230 475 1274 esse
490 1212 619 1275 libellum
633 1210 726 1287 dium,
740 1230 828 1291 quem
842 1211 972 1293 Dionysii
986 1212 1107 1274 nomine
1118 1211 1291 1295 inscriptum

131 1313 292 1387 hirenus,
311 1332 345 1376 re
360 1332 427 1377 rere
442 1333 457 1377 ε
473 1314 578 1377 eeiebri
595 1314 644 1376 ilio
664 1313 823 1376 Aristerobi
839 1314 982 1395 discipulo
998 1317 1172 1395 proiectum,
1187 1334 1291 1395 quern·

131 1434 219 1495 prem
241 1415 310 1496 ipse
329 1416 393 1478 sius
412 1415 477 1479 iibri
497 1415 608 1479 sebolie
626 1414 830 1495 gravissimam
850 1416 887 1478 de
900 1436 933 1479 eo
947 1435 980 1478 re
997 1416 1209 1479 dubitationem
1224 1436 1291 1478 mo·

132 1527 199 1579 rent
212 1527 244 1579 et
258 1516 349 1579 etium
364 1516 462 1596 potius
476 1517 649 1597 Dionysium
665 1516 727 1579 eins
743 1525 893 1580 auctorem
907 1518 1037 1581 voiunt.“
1081 1518 1174 1580 Nobis
1189 1528 1291 1582 neutra

130 1620 277 1683 sententie
292 1638 328 1685 ex
343 1618 425 1681 omni
440 1627 602 1699 pertenere
623 1618 750 1692 ridetur,
771 1619 823 1681 sed
842 1620 967 1683 medum
984 1621 1130 1701 quendem
1150 1620 1227 1685 viem
1247 1630 1290 1683 te-

131 1721 259 1785 nendum
272 1721 458 1794 ominamur,
473 1730 505 1783 ιιι
517 1738 614 1801 neque
627 1717 727 1782 omnin
741 1720 773 1782 in
785 1721 846 1783 boe
858 1721 965 1797 libello,
981 1722 1076 1803 quelir
1090 1739 1170 1785 nono
1180 1732 1259 1797 sunt,
1274 1743 1291 1786 ι

129 1823 272 1904 moreio
288 1824 413 1902 seripu,
427 1841 524 1903 neque
537 1830 640 1887 oenus
654 1828 748 1883 totum
760 1841 777 1883 a
790 1823 928 1903 Byzantio
943 1824 1040 1905 utiquo
1060 1826 1201 1906 megistro
1217 1843 1291 1888 oon·

131 1927 241 1989 buum
256 1925 399 1989 ditemus.
444 1924 585 1989 Universa
599 1923 662 1989 eius
678 1924 773 1987 torma
788 1944 823 1987 uo
837 1927 1029 2007 compositio,
1048 1946 1148 1989 rerum
1162 1935 1290 1991 uacun-

130 2027 235 2089 dnrunr
251 2026 337 2101 ordo,
356 2026 541 2095 definitiones
555 2027 710 2107 pleraeque
725 2034 754 2087 et
769 2026 990 2090 distributiones
1005 2029 1132 2108 partium
1148 2031 1289 2094 orationis

129 2148 180 2195 etr
193 2128 338 2209 Dionysio
353 2128 564 2202 abiudieenurn
578 2147 697 2193 eorsum
722 2128 832 2191 nrrlium
853 2128 1000 2205 videmus3
1020 2131 1072 2193 sed
1098 2141 1130 2193 ut
1143 2132 1175 2193 in
1194 2132 1288 2195 iibetto

129 2230 279 2297 eiusnodi
293 2229 470 2295 scholastico
489 2240 519 2294 et
534 2231 570 2297 sd
585 2230 799 2295 institutionem
815 2230 1032 2295 elementariam
1052 2251 1106 2313 per
1119 2234 1209 2297 multe
1224 2254 1289 2296 see-

128 2335 190 2397 mu
204 2332 340 2399 adhibito
353 2333 418 2399 fieri
427 2353 519 2414 paene
525 2352 647 2399 neeesse
661 2331 723 2406 init
739 2340 772 2395 ut
787 2341 914 2395 moutee
929 2333 1054 2396 subinde
1068 2335 1219 2398 doetrinae
1232 2338 1287 2399 sd-

126 2445 293 2516 aptaretur‚
309 2436 424 2498 retietes
443 2436 585 2517 ριιεεάιιιι
602 2444 702 2519 portes
722 2447 750 2498 et
769 2435 851 2499 aliter
869 2446 956 2515 atque
975 2455 992 2498 u
1010 2436 1150 2517 Dionysio
1178 2441 1288 2502 isdum

125 2548 188 2601 eret
200 2545 363 2619 conceptos
378 2557 395 2600 a
409 2537 572 2603 serioribus
586 2537 733 2618 magistris
748 2555 814 2600 esse
828 2553 992 2599 censemus.

211 2639 349 2705 Primum
366 2640 498 2722 Dionysii
516 2648 562 2705 est
580 2640 710 2703 definitio
729 2638 948 2720 gremmetioau
962 2638 1028 2703 lieet
1038 2641 1201 2721 pendulum
1214 2643 1289 2707 booo

125 2761 247 2823 quoqne
260 2743 422 2809 immnuta.
451 2742 553 2822 ipsum
563 2741 920 2805 euimitetiniisseSextus
936 2749 1057 2805 testatur
1071 2743 1134 2807 adv.
1149 2744 1286 2807 bietbem.

127 2848 155 2919 1,
180 2844 211 2919 3,
239 2864 270 2925 p.
294 2844 356 2909 228
378 2845 424 2909 ed
446 2845 549 2911 Febr.:
574 2837 783 2931 γραμματική
805 2836 896 2907 ἐστιν
916 2836 1077 2926 ἐμπειρία
1099 2836 1145 2919 ὥς
1165 2839 1225 2908 ἐπὶ
1246 2841 1286 2909 τὸ

123 2943 286 3011 πλεῖστοι
308 2942 374 3009 uir
399 2943 493 3032 παρὰ
521 2946 680 3032 ποιηταῖς
705 2942 763 3011 καὶ
789 2942 1011 3031 συγγραφεῦσι
1037 2941 1227 3028 λεγομένων.
1248 2947 1284 3010 li·

123 3050 218 3113 teus
233 3058 338 3115 nostor
351 3050 427 3115 hene
440 3049 527 3112 hebet
546 3049 760 3113 definitionem:
781 3041 991 3134 γραμματική
1013 3042 1105 3112 ἔστιν
1125 3043 1285 3132 ἐμπειρία

123 3148 189 3215 τῶν
210 3146 308 3234 παρὰ
329 3152 486 3236 ποιηταῖς
506 3171 543 3214 ιε
564 3145 621 3214 καὶ
643 3147 884 3236 συγγραφεῦσιν
906 3142 951 3224 ὦς
976 3143 1036 3214 ἐπὶ
1062 3147 1102 3214 τὸ
1128 3146 1213 3213 πολι)
1233 3148 1286 3215 ie-

124 3248 279 3337 γομέιιιι.
321 3253 405 3315 illem
419 3254 540 3319 atterent
555 3254 681 3315 formam
693 3253 835 3315 seriorem
849 3271 915 3315 esse
929 3268 990 3315 non
1002 3252 1178 3327 dubitemus,
1193 3271 1285 3333 quum

124 3358 287 3425 identidem
301 3375 319 3419 ι
334 3357 423 3421 Serto
437 3364 596 3438 repetetur,
612 3356 758 3436 imprimis
775 3375 804 3436 p.
826 3354 898 3430 231,
912 3354 961 3419 ubi
977 3355 1013 3417 de
1026 3355 1186 3420 Ptolemaei
1199 3354 1283 3419 Peri-

124 3460 243 3541 pntetin'
255 3459 487 3539 reprehensione
500 3458 588 3521 buius
604 3457 744 3520 finitionis
760 3457 901 3538 loquitu:
917 3450 1048 3538 ἐγκαλεῖ
1067 3453 1105 3521 δὲ
1124 3449 1214 3541 αὐτῷ
1227 3452 1287 3520 καὶ

124 3557 278 3627 rorare?
289 3558 335 3624 τὸ
350 3558 537 3625 πλεῖστοι
548 3551 760 3642 ἐμπειρίαν
775 3550 875 3643 αὐτήν
889 3551 1100 3643 ἀποφαίνων.
1115 3577 1185 3625 nam
1205 3560 1284 3641 quod

125 3666 155 3729 h.
172 3666 193 3727 i.
214 3674 250 3729 ut
270 3672 301 3727 et
319 3682 348 3743 p.
370 3663 431 3727 230
450 3657 536 3725 κατὰ
556 3656 596 3723 τὸ
619 3658 773 3724 πλεῖστοι
793 3661 938 3747 seriptum
957 3668 1004 3725 est
1019 3681 1075 3742 pro
1097 3653 1142 3736 ὥς
1162 3652 1223 3725 int
1244 3658 1284 3725 ro

124 3762 291 3842 autores,
313 3764 384 3828 duit
400 3765 467 3828 tecit
480 3764 516 3827 ed
531 3782 603 3825 rem.
646 3763 896 3843 Reprehendende
911 3771 1009 3829 soum
1023 3764 1196 3829 novemus
1211 3764 1282 3825 Dio·

124 3869 201 3950 npsii
217 3867 311 3931 tinitio
326 3876 482 3947 propiores
497 3865 654 3941 ridebatur,
669 3866 747 3947 quod
763 3866 848 3929 bum
869 3860 1047 3952 ἐμπειρίαν
1060 3886 1122 3931 non
1142 3866 1284 3948 simpbsi·

125 3982 170 4035 te
183 3982 216 4033 et
230 3969 364 4035 obsolute
379 3969 506 4044 dixisset,
522 3969 573 4031 sed
588 3968 693 4031 additis
709 3967 803 4029 verbis
818 3959 863 4043 dg
880 3961 941 4030 dat
961 3964 1000 4033 τὸ
1022 3966 1178 4033 πλεῖσται
1198 3988 1284 4032 exse-

124 4072 222 4153 pisset
240 4071 396 4151 quaedem,
417 4071 548 4151 adquae
572 4070 751 4149 grammatici
777 4071 879 4150 peritia
905 4089 966 4134 non
993 4075 1159 4151 pertineret.
1203 4072 1285 4146 Qsoo

124 4193 215 4256 quum
229 4174 305 4239 insu
318 4175 358 4237 sit
371 4172 559 4255 reprehensio
574 4190 654 4235 nuuc
667 4171 739 4235 nihil
753 4171 853 4237 attinet
867 4188 1019 4253 questore:
1034 4172 1217 4253 permovisse
1228 4190 1283 4239 tu-

123 4289 185 4339 tem
201 4276 382 4357 posteriores
402 4275 527 4349 videtur,
547 4284 579 4337 ut
598 4275 686 4339 verbe
704 4274 752 4337 itta
766 4273 910 4349 delerent3
928 4292 1104 4356 quemquem
1120 4293 1209 4354 quum
1226 4294 1282 4353 po·

122 4390 187 4445 stee
201 4397 304 4444 rursus
318 4379 366 4445 itta
381 4370 428 4454 ὥς
448 4370 509 4441 ἐπὶ
530 4372 570 4441 rb
592 4372 678 4439 πολύ
693 4376 845 4457 participio
860 4371 1041 4457 λεγομένων
1060 4382 1283 4456 anteponerent,
