3266 5140
695 475 757 537 413

726 565 826 572 ..-

144 685 238 747 quum
256 666 421 746 pleniorem
442 667 567 728 forman
587 672 729 727 testentur
747 665 928 727 accusativus
946 668 1081 726 tootimm
1099 672 1129 727 et
1142 665 1302 727 nominati·

143 788 198 831 rus
212 769 344 831 feminini
359 769 482 847 generis,
495 777 530 830 ut
543 786 597 848 ego
612 766 728 847 quidem
744 764 878 841 arbitror,
891 769 1005 842 tootico,
1017 768 1048 828 in
1061 767 1117 829 tab.
1130 767 1213 830 Bant.
1225 787 1252 829 r.
1264 769 1301 829 10

142 881 171 934 et
187 871 244 947 23,
264 871 370 952 quibus
389 870 574 933 adnumerari
593 878 692 950 potest
710 872 797 931 rorico
816 869 847 930 in
862 869 1052 949 inscriptione
1065 868 1222 944 Veliterna,
1242 871 1302 932 sire

96 1001 100 1009 ·
142 976 217 1037 haec
236 974 314 1036 Osca
338 983 383 1036 est
403 975 463 1037 sive
479 973 628 1036 Umbrica:
650 990 718 1035 nam
738 974 930 1035 arctissimam
949 973 1100 1054 utriusque
1118 973 1230 1053 linguae
1250 992 1301 1035 co-

143 1078 312 1157 gnationem
328 1078 418 1139 luisse
433 1077 503 1139 satis
519 1084 642 1139 constat
671 1076 707 1137 Et
721 1076 817 1138 Oscos
832 1076 940 1157 pariter
953 1084 1040 1157 atque
1050 1075 1178 1138 Umbros
1194 1094 1301 1156 synco-

143 1197 250 1259 parum
266 1179 295 1240 in
311 1178 519 1242 vocabulorum
534 1177 787 1241 terminationibus
801 1178 1019 1241 amantissimos
1035 1178 1134 1254 luisse,
1149 1197 1236 1259 quam
1247 1178 1302 1240 alia

142 1281 235 1343 multa
251 1282 425 1353 ostendunt,
451 1290 514 1343 tum
534 1282 614 1361 quod
634 1280 665 1341 in
685 1280 779 1344 tabula
794 1281 917 1344 Bmtina
936 1301 961 1343 u.
977 1280 1015 1343 19
1030 1281 1149 1362 legitur,
1171 1285 1219 1362 pis
1238 1300 1302 1343 ceos

143 1383 269 1446 ductim
281 1387 358 1465 sust,
376 1385 455 1463 quod
472 1384 518 1444 vix
531 1383 637 1461 ambigi
652 1391 751 1464 potest
765 1384 835 1464 quin
851 1392 929 1446 recte
944 1385 1181 1464 interpretemur,
1196 1389 1246 1465 qui
1261 1388 1301 1463 (o.

143 1487 289 1567 qtu'squis)
311 1490 382 1549 ciuis
400 1485 542 1548 Boub'uue
560 1490 643 1564 siti).
683 1487 726 1549 lix
744 1487 847 1549 eodem
867 1505 972 1567 genere
990 1494 1035 1549 est
1055 1488 1134 1567 quod
1149 1486 1180 1548 in
1194 1486 1300 1548 inscri-
1319 1494 1334 1541 5

143 1590 248 1670 ptione
266 1588 444 1669 Pompeiana
470 1588 574 1668 legitur
592 1589 669 1669 apud
690 1589 798 1653 Grotcl.
814 1589 870 1653 tab.
882 1590 921 1665 ll,
937 1589 1092 1653 Kooisstur
1106 1588 1302 1670 Pomponium,

144 1691 273 1772 itemque
287 1691 317 1753 in
330 1690 522 1771 inscriptione
537 1691 670 1771 Capuana
684 1711 732 1774 ap.
748 1694 835 1755 eund.
849 1692 906 1755 tab.
922 1694 949 1768 1,
965 1693 995 1768 2,
1011 1690 1217 1769 KAHFAE,
1234 1693 1262 1753 b.
1276 1713 1300 1752 c.

145 1792 382 1856 KAHFANE
390 1812 445 1873 pro
458 1792 606 1873 Gopssno,
618 1795 866 1874 quemadmodum
880 1795 1005 1877 Compos
1018 1815 1043 1856 r.
1056 1794 1202 1876 Campum
1216 1795 1300 1856 etiam

144 1896 225 1977 apud
239 1897 383 1971 Plautum,
411 1896 491 1957 Trin.
503 1896 542 1969 ll,
557 1899 592 1971 4,
610 1897 679 1958 144.
700 1896 735 1959 cl.
750 1898 826 1960 Non.
842 1918 872 1978 p.
885 1897 948 1961 486
962 1898 1049 1961 Merc.
1064 1896 1246 1979 Campanum
1260 1897 1302 1958 si-

144 2000 278 2079 gnificat,
294 2001 420 2080 itemque
433 1997 541 2074 Lucus,
556 2001 585 2061 h.
598 2019 622 2061 e.
637 1998 751 2062 Liscum
765 2020 781 2062 a
796 2000 938 2061 vetamus
952 1999 1094 2061 Romanis
1107 1998 1243 2062 Lucanus
1258 2000 1303 2061 di-

145 2101 278 2176 cebatur,
297 2102 375 2164 unde
394 2102 525 2183 elephas,
544 2101 574 2163 in
591 2102 717 2165 Lucania
731 2102 860 2183 primum
875 2101 980 2182 Pyrrhi
994 2101 1068 2163 bello
1084 2103 1233 2182 cognitus,
1254 2102 1304 2162 bos

144 2202 241 2266 bucce
258 2205 418 2285 appellatus
439 2213 485 2267 est
496 2207 534 2280 ²).
564 2203 658 2267 Porro
678 2205 738 2267 lruc
751 2205 876 2284 pertinet
891 2202 1061 2266 Umbricum
1074 2205 1143 2284 suae
1157 2224 1183 2266 r.
1197 2207 1246 2285 sos
1260 2238 1302 2249 —

145 2313 274 2384 utroque
295 2306 374 2367 enim
395 2306 485 2368 modo
501 2305 531 2366 in
546 2305 650 2368 tabulis
665 2305 828 2386 Eugubinis
843 2306 986 2386 scriptum
1002 2306 1148 2368 invenitur
1160 2342 1215 2381 —,
1240 2306 1303 2366 sive

145 2408 206 2469 boo
220 2425 275 2486 pro
290 2427 326 2469 eo
342 2409 420 2488 quod
432 2416 477 2471 est
489 2409 579 2488 sonus
590 2428 613 2469 s.
627 2408 728 2482 bonus,
744 2408 804 2470 sive
816 2426 870 2488 pro
881 2410 987 2489 fouens
998 2429 1023 2470 v.
1034 2411 1138 2489 foveres
1148 2407 1302 2488 accipitur:

25 2536 31 2553 ·
146 2528 218 2572 nam
244 2509 413 2572 alterutrum
438 2529 538 2572 vemm
558 2531 624 2573 esse
641 2511 740 2592 negari
760 2511 805 2573 rix
825 2512 986 2592 potentii:
1008 2512 1136 2592 itemque
1150 2530 1229 2592 omps
1246 2527 1302 2591 pro

29 2666 35 2677 .
146 2622 273 2693 emptus,
294 2621 422 2675 tmmrtos
440 2631 496 2693 pro
512 2619 683 2675 terminatus
698 2613 728 2675 in
743 2613 934 2694 inscriptione
949 2613 1086 2676 Umbrica
1100 2612 1177 2693 apud
1193 2610 1301 2674 Grotel.

145 2715 213 2777 rud.
232 2714 301 2793 ling.
322 2714 421 2776 Umbr.
441 2723 516 2795 part.
531 2718 544 2776 1
563 2736 592 2796 p.
605 2716 660 2789 22,
680 2719 711 2791 l,
737 2716 912 2797 quibuscum
931 2724 1009 2779 recte
1023 2722 1211 2797 comparatur
1223 2715 1303 2777 Lati·

146 2835 221 2880 num
236 2817 369 2889 moos,
385 2818 414 2878 h.
426 2837 451 2880 e.
467 2819 635 2893 damnabo,
651 2820 729 2900 apud
743 2818 828 2882 lCtos
842 2826 871 2881 et
884 2818 915 2881 in
928 2819 1025 2899 legum
1040 2818 1190 2880 formulis:
1212 2826 1245 2879 ut
1258 2824 1303 2879 ta·

146 2937 230 2982 ceam
246 2920 281 2981 de
296 2920 381 2982 Oscis
394 2920 549 2983 verborum
564 2922 682 2995 fonnis,
697 2922 798 3002 quales
814 2930 883 2983 sunt
895 2922 969 3001 suet,
980 2923 1120 3002 sessores,
1137 2921 1241 2991 dicuat,
1258 2920 1303 2981 di-

147 3022 217 3096 dist‚
238 3022 360 3095 devort,
380 3042 452 3103 quas
469 3024 519 3104 qui
534 3024 692 3099 cumulis,
711 3023 796 3086 veluti
812 3042 878 3086 cum
895 3034 1026 3086 ccrmuzet
1038 3032 1067 3085 et
1081 3042 1148 3085 cum
1164 3021 1303 3085 Umbrico

145 3128 300 3206 sacurem,
319 3136 369 3189 aut
388 3145 456 3189 cum
469 3126 571 3189 Latina
586 3128 741 3191 verborum
757 3126 947 3189 declinatione
961 3125 1187 3207 comparaverit,
1208 3126 1306 3189 statim

147 3228 318 3308 intelligete
336 3231 413 3310 sisset
431 3249 458 3290 r.
472 3232 557 3310 sarsit,
577 3232 732 3310 fesomset,
753 3231 873 3302 dicusct,
894 3231 1007 3302 didisti,
1027 3230 1154 3293 dee'uuret
1170 3229 1304 3293 decurta-

146 3341 194 3394 tas
214 3350 290 3393 esse.

235 3432 276 3495 lta
291 3435 427 3496 oreddr'cis
441 3453 468 3495 r.
483 3435 608 3497 meddici
619 3435 740 3498 nomine
754 3436 832 3498 baud
843 3434 1089 3514 improbabiliter,
1111 3442 1145 3497 ut
1158 3434 1246 3497 nobis
1261 3433 1305 3495 ri-

221 3712 246 3776 a)
263 3711 385 3765 Novimus
397 3714 496 3779 quidem
507 3729 522 3764 e
533 3713 611 3767 Festo
622 3731 646 3783 p.
659 3714 709 3766 212
721 3712 809 3766 iluell.
834 3712 914 3765 Oscos
924 3714 1003 3781 pitpe't
1013 3727 1059 3777 pro
1070 3711 1193 3779 quidquid
1202 3712 1306 3776 dixisse,

149 3797 216 3849 unde
228 3805 422 3850 consentaneum
439 3805 492 3864 est,
509 3800 585 3852 etiem
600 3800 762 3853 mascnlinum
776 3801 860 3869 pispir
876 3798 901 3849 in
917 3813 964 3849 usu
979 3797 1069 3849 luisse:
1087 3798 1131 3849 sed
1149 3797 1205 3849 beri
1222 3804 1305 3849 temen

150 3882 228 3935 nihilo
240 3883 321 3935 minus
333 3883 426 3950 potnit,
439 3890 468 3935 nt
480 3885 555 3936 etiem
567 3885 673 3953 simplex
686 3900 821 3953 pronomen
835 3887 878 3955 pie
893 3883 981 3935 eodem
994 3898 1069 3935 sensu
1081 3884 1221 3949 diceretur,
1233 3890 1261 3935 et
1271 3883 1307 3935 si·

150 3974 195 4019 cut
206 3983 252 4020 nos
264 3970 288 4020 in
301 3968 387 4020 multis
399 3969 586 4036 loquutiunibns
596 3986 652 4023 wer
663 3986 735 4037 pron.
747 3985 897 4037 usurpemus
909 3984 958 4020 non
971 3970 1153 4035 interrogativo
1166 3985 1250 4037 sensu,
1262 3970 1307 4021 ced

150 4052 296 4119 indefinito,
308 4061 336 4106 et
346 4054 371 4105 in
384 4054 507 4106 relatione
519 4056 660 4124 indefinite,
677 4057 713 4108 ita
725 4056 798 4109 oseis
811 4070 906 4125 quoque
916 4058 958 4125 pis
970 4062 997 4107 et
1008 4056 1217 4122 interrogativum
1229 4062 1306 4121 esset,

150 4145 179 4190 et
189 4138 345 4192 indefinitum
356 4155 386 4191 ac
397 4140 539 4193 relativum.

221 4224 245 4288 1)
264 4226 322 4278 Vid.
336 4223 419 4277 Varro
431 4226 461 4278 l..
473 4226 503 4278 L.
516 4224 574 4290 XIl,
586 4227 628 4291 39,
640 4228 702 4280 etin
715 4228 859 4280 universum
868 4227 899 4278 de
907 4228 947 4279 liis
956 4229 1112 4280 ethnicorum
1120 4228 1245 4281 numinum
1254 4226 1308 4279 lor·

151 4310 200 4361 ruis
213 4309 245 4361 ci.
257 4308 379 4362 Niebuhr.
391 4310 421 4362 ll.
433 4310 464 4363 ll.
477 4318 537 4363 torn.
549 4310 568 4363 1.
581 4318 633 4363 not.
647 4312 696 4364 225
709 4313 748 4364 ed.
762 4312 786 4364 3.

222 4395 247 4461 8)
266 4394 324 4449 vm.
336 4395 433 4449 Lissen
445 4398 477 4448 de
489 4397 540 4449 tab.
554 4396 651 4463 Eugnb.
664 4397 689 4449 in
701 4395 790 4450 ldnseo
806 4398 885 4451 liber.
896 4395 908 4450 l
920 4400 989 4465 (ann.
1004 4397 1084 4468 18³3)
1095 4415 1120 4467 p.
1132 4398 1191 4451 ast.
1215 4397 1309 4451 Grute-

150 4479 218 4533 iend.
231 4482 285 4535 rud
297 4482 357 4548 ling.
369 4480 454 4535 Umbr.
465 4480 500 4535 lv
510 4498 535 4552 p.
547 4482 572 4536 9.
