3190 5136
616 581 628 587 ,
686 486 810 586 ’.7.1...

120 694 201 739 rere
227 678 290 751 iis,
305 676 368 757 qui
387 695 404 739 e
424 677 576 741 Graecia
600 666 754 760 proiecti
775 686 872 753 sunt,
889 679 984 740 dorni
999 678 1290 762 uniuscuiusque

122 787 222 842 crtus
238 788 297 841 est
310 780 431 842 luctus
448 778 806 861 animumalllige'ns,
822 789 852 843 et
866 781 1035 844 Scbdtrius:
1057 791 1208 862 propter
1226 802 1288 846 ecs
1350 794 1354 801 ’

121 883 183 963 qui
196 902 213 943 e
228 883 385 945 Graecis
399 885 556 964 proiecti
570 892 655 946 sunt
668 893 722 945 etc.
753 883 839 964 Atqui
854 884 911 945 hos
926 885 951 945 si
967 886 1121 965 designare
1130 886 1287 966 Aeschylus

122 986 221 1059 soluit,
239 986 396 1048 articulum
411 988 566 1068 participio
588 987 655 1049 addi
670 1004 790 1049 necesse
805 988 871 1062 ttrit3
885 1005 923 1048 ne
938 988 974 1048 de
989 1007 1058 1050 casu
1072 989 1169 1051 dativo
1183 988 1288 1061 limam,

122 1089 207 1150 cuius
219 1090 382 1151 comnmde
392 1089 553 1169 explicandi
564 1086 674 1152 nullam
685 1091 829 1152 rationem
842 1090 934 1153 rideo.
955 1090 1030 1152 Nam
1042 1092 1120 1172 quod
1132 1090 1288 1152 Schirttius

122 1190 148 1251 ei
169 1192 321 1253 causalem
341 1192 584 1271 significationem
609 1192 722 1265 tribuit,
742 1193 846 1254 babeat
872 1192 936 1253 sibi.
977 1192 1156 1255 scholiastes
1182 1192 1287 1273 legisse

121 1293 212 1355 rideri
230 1294 333 1374 possit
352 1289 554 1376 σινορμένων
570 1304 600 1356 et
618 1314 689 1357 mor
710 1289 843 1375 ὀόμοιςι
863 1298 915 1358 scd
934 1297 1004 1357 buic
1017 1315 1077 1358 non
1092 1297 1219 1359 multum
1232 1296 1287 1358 tri·

120 1397 276 1458 bnendum
303 1406 358 1458 est.
401 1397 575 1476 Aeschylum
599 1405 695 1460 autem
717 1398 873 1479 scripsisse
899 1398 1070 1460 crediderim
1096 1391 1286 1481 σονορμένα,

118 1499 199 1579 qued
216 1516 313 1579 quum
328 1501 359 1560 in
371 1507 484 1562 vetusto
500 1499 610 1575 codice,
626 1508 798 1562 nostrorum
815 1501 948 1563 omnium
962 1503 1044 1562 tonte
1059 1503 1218 1578 communi,
1234 1520 1287 1583 per

117 1602 335 1683 compendium
355 1602 498 1683 scripturn
518 1611 607 1677 esset,
633 1603 704 1664 hinc
722 1621 806 1665 error
824 1604 1057 1666 describentibus
1083 1604 1227 1679 obiectus,
1253 1614 1287 1667 ut

117 1698 336 1790 οιοορμένοις
349 1712 503 1785 ponerent,
519 1705 605 1785 idque
621 1706 657 1767 de
671 1704 811 1768 militibus
823 1706 972 1769 inbellem
984 1708 1123 1788 proiectis
1134 1719 1285 1787 acceptum

117 1810 290 1870 necessarie
308 1809 394 1869 etiam
410 1808 492 1869 alteri
508 1809 689 1889 corruptelae
704 1828 806 1871 ensem
821 1809 912 1885 dedit,
923 1817 957 1871 ut
971 1800 1030 1894 ἀφ’
1037 1803 1196 1885 Ἑλλάδος
1207 1802 1286 1887 αἴας

115 1911 300 1981 scriberetur
316 1928 371 1991 pro
388 1929 438 1984 eo,
455 1911 535 1990 quod
549 1909 738 1973 scribendum
752 1920 828 1987 erat,
842 1905 894 1995 ἐφ’
912 1905 1039 1977 ‘mod
1060 1902 1146 1975 αἶαν.
1184 1914 1285 1976 Possit

115 2013 206 2076 etism
221 2005 273 2075 ἀν’
291 2002 424 2075 Ἑλλάδ’
446 1999 524 2074 αἶαν
545 2013 664 2087 coniici3
684 2015 736 2076 sed
753 2014 821 2076 illud
841 2018 973 2097 praefero
988 2026 1109 2098 propter
1124 2017 1283 2081 faciliorem

115 2116 326 2180 mutationem.
355 2115 456 2196 ltaque
470 2134 572 2177 versus
586 2115 758 2179 babebimus
773 2118 877 2180 hosce:

325 2212 365 2279 sd
386 2214 455 2279 πᾶν
477 2209 505 2280 δ’
528 2208 580 2305 ἐφ’
598 2210 727 2281 Ἑλλάδ’
749 2206 826 2282 αἶαν

260 2326 264 2335 ’
325 2313 506 2405 συνορμὲνα
527 2314 673 2383 uiscera
694 2316 930 2408 τλησικάρδιος

326 2414 437 2503 δόμων
458 2413 599 2484 ἑκάστου
622 2416 757 2507 πρέπει.

112 2528 272 2591 Omnino
302 2534 419 2588 autern
444 2544 506 2606 per
527 2524 689 2587 Graecam
710 2532 841 2587 terram
863 2534 1010 2589 coortus
1031 2528 1149 2590 luctus
1176 2531 1280 2592 corda

112 2631 289 2693 mordens
317 2628 423 2691 unius
454 2627 630 2708 cuiusque
655 2628 781 2690 domus
808 2629 1026 2711 conspicuus
1055 2638 1117 2691 est.
1162 2632 1280 2693 Numeri

114 2732 268 2806 conmuni,
285 2731 429 2793 sententia
445 2740 519 2811 apta.
549 2731 621 2792 Nam
637 2725 676 2793 ad
697 2726 778 2806 πᾶν,
794 2732 922 2793 adverbii
942 2733 1046 2807 instar,
1066 2733 1222 2807 omnino,
1247 2735 1280 2794 in

114 2836 343 2908 universum,
359 2841 437 2895 recte
452 2832 556 2894 dicitur
571 2816 849 2915 propterea,'qu0d,
866 2853 956 2914 quum
972 2843 1055 2896 antea
1070 2834 1106 2895 de
1122 2835 1208 2896 unius
1220 2836 1280 2898 Me-

2 2976 3 2995 r
114 2940 189 3001 uclai
204 2939 332 3018 eiusque
348 2936 454 2998 domus
469 2936 569 2997 dolore
585 2935 695 2997 dictum
712 2944 801 3011 osset,
821 2954 900 2997 nunc
920 2937 955 2998 ad
975 2937 1127 2999 universae
1147 2938 1282 3002 Graeciae

114 3042 252 3103 dolorem
281 3039 436 3101 transitur:
453 3028 504 3124 ἐφ’
520 3030 604 3099 Ἕλλ
630 3026 708 3099 αἶαν
733 3038 855 3112 dictum,
882 3046 914 3100 ut
933 3033 993 3101 ἐπὶ
1013 3040 1108 3122 γαῖαν
1130 3033 1196 3104 εἶσὶ
1220 3036 1280 3104 δύο

115 3164 162 3225 ap.
171 3143 245 3206 Hes.
255 3138 367 3205 cett.
376 3161 400 3202 r.
413 3142 460 3201 11.
473 3148 502 3201 et
513 3130 566 3202 ir?
578 3132 739 3224 ἀπείρονα
751 3139 846 3221 γαῖαν
858 3140 1009 3221 aliquoties
1023 3143 1098 3223 apud
1109 3142 1277 3207 Homerum.

200 3245 285 3307 llaec
311 3244 335 3305 si
356 3260 417 3303 non
437 3240 665 3323 improbabiliter
685 3244 819 3305 restituta
845 3253 927 3318 sunt,
947 3245 1033 3306 etiam
1059 3246 1095 3307 de
1121 3247 1279 3326 stropbicis

116 3350 321 3411 coniecturam
336 3347 441 3407 audere
455 3344 558 3407 licebit.
585 3347 617 3407 ln
633 3346 782 3408 codicibus
798 3347 940 3426 scriptum
957 3355 1013 3409 est:
1030 3340 1172 3430 πάρεστι
1185 3346 1282 3431 σιγᾶς

117 3444 239 3533 ἄτιμος
263 3439 441 3531 ἄλοίδορος
463 3441 600 3523 ἅδιστος
623 3439 792 3534 deaptare
814 3440 910 3521 ἰδεῖν,
933 3449 1021 3510 nullis
1041 3452 1171 3512 numeris
1186 3452 1279 3514 nulla-

117 3574 172 3636 que
186 3571 262 3616 sana
279 3550 430 3613 sententia.
456 3548 600 3611 lambicos
612 3570 713 3612 vorsus
725 3552 837 3613 restitui
854 3552 1037 3632 antistropha
1051 3554 1187 3633 postulat,
1202 3556 1280 3616 unde

117 3664 242 3738 apparet
254 3672 319 3715 non
332 3672 422 3734 posse
437 3662 486 3714 aut
501 3648 597 3734 σιγὰς
612 3662 661 3715 aut
675 3646 789 3734 otytic’
804 3662 853 3716 aut
868 3651 971 3736 σιγῶν
985 3653 1081 3727 scribi,
1096 3672 1170 3734 quae
1182 3657 1279 3718 omma

116 3761 150 3822 ab
166 3779 227 3823 uno
247 3765 300 3820 aut
315 3756 406 3818 altero
422 3756 522 3819 critico
537 3758 691 3838 proposita
708 3765 790 3833 sunt,
805 3756 855 3818 sed
871 3752 970 3838 σιγᾶς
990 3754 1174 3819 librariorum
1189 3761 1280 3821 errori

118 3862 229 3937 deberi,
245 3869 316 3923 nato
332 3860 371 3921 illi
390 3879 425 3921 err
445 3860 639 3939 geminatione
659 3860 782 3922 rlnarum
798 3859 958 3940 primarum
973 3854 1133 3922 litterarum
1149 3861 1279 3924 vocabuli

118 3963 281 4047 sequentis.
322 3962 431 4025 Deinde
451 3962 481 4022 in
502 3953 671 4048 ἅφεμένιον
692 3963 830 4044 syllabam
855 3961 1014 4022 secundam
1040 3982 1070 4023 ει
1091 3982 1158 4024 esse
1173 3964 1280 4027 debere

12 4098 13 4107 ν
118 4068 172 4129 iam
185 4065 235 4129 alii
250 4064 462 4127 intellexerunt.
504 4065 652 4138 Quaenam
673 4074 769 4128 autern
785 4063 943 4146 probabilis
963 4064 1120 4127 verborum
1137 4067 1279 4129 sententia

13 4240 14 4247 ρ
121 4170 206 4231 inisse
222 4165 391 4231 ridebitur?
420 4167 523 4229 Canmt
537 4167 660 4241 chorus,
677 4169 768 4249 qualis
784 4169 869 4229 dolor
882 4167 912 4229 in
929 4167 1019 4228 domo
1035 4168 1156 4230 Menelai
1171 4169 1278 4231 excita-

13 4320 14 4325 .
120 4280 164 4333 tus
179 4272 268 4334 luerit
281 4278 406 4352 propter
421 4268 545 4332 Helenae
561 4272 667 4352 fugam.
698 4270 1017 4343 Lamentabantur,
1033 4271 1140 4350 inquit,
1158 4272 1280 4332 dome-

121 4375 204 4436 stici
234 4374 448 4455 prophetae:
482 4364 535 4450 td,
566 4365 606 4436 tot
635 4371 741 4457 σῶμα,
767 4370 863 4453 σῶμα
883 4366 942 4433 καὶ
965 4365 1102 4453 πρόμοι,
1126 4365 1167 4434 td
1188 4364 1281 4445 λέχος

120 4470 176 4538 sui
195 4468 310 4557 στίβοι
332 4470 537 4562 φιλάνορες.Ι
565 4474 628 4551 llis,
644 4479 764 4558 opinor,
781 4492 842 4537 non
858 4470 1045 4537 incommode
1056 4473 1122 4534 talis
1137 4469 1281 4533 sententia
