3178 5136
655 462 717 525 207

105 647 255 728 prinoipes
275 646 469 711 Parmenides
488 655 519 709 et
538 645 617 710 Zeno
628 650 658 725 ⁵)
676 647 713 710 de
730 648 788 713 rita
809 656 839 711 et
856 647 990 711 moribus
1011 647 1109 729 paullo
1133 647 1268 711 subtilius

103 751 306 832 philosophati
321 759 399 827 sunt,
412 752 487 814 haee
500 760 531 814 et
544 770 637 831 panea
647 752 765 815 merent
775 769 830 813 neo
839 751 938 831 magni
950 751 1063 815 adeam
1073 770 1147 832 quma
1163 761 1265 834 postea
1282 765 1299 816 ο

105 854 197 917 extitit
209 873 335 918 monam
349 854 515 918 doctrinam
529 854 681 929 momenti,
704 863 733 917 et
745 854 930 917 uberioribus
946 854 1076 917 Socratis
1095 863 1124 916 at
1138 854 1269 918 Sperati-

106 977 208 1022 eornm
224 958 476 1041 disputationibus
492 978 561 1021 mou
576 959 661 1041 plane
677 960 840 1022 obscurata.
871 959 1021 1021 Socratem
1036 978 1106 1021 vero
1121 958 1219 1040 ipsum
1234 959 1270 1021 de

106 1062 186 1123 omni
196 1060 356 1125 hominnm
368 1062 426 1124 rita
437 1061 512 1123 civili
527 1081 561 1124 ae
571 1062 731 1125 domestica
747 1062 888 1142 omnique
902 1080 1006 1143 genere
1021 1061 1186 1125 officiorum
1198 1060 1270 1125 sub·

106 1165 190 1228 diter
203 1174 234 1227 et
250 1172 387 1228 aeonrate
400 1165 598 1246 disputantem
612 1165 742 1229 Platonis
761 1166 849 1228 nobis
868 1174 897 1228 et
915 1164 1120 1246 Xenophontis
1137 1164 1204 1228 libri
1223 1184 1271 1227 re·

108 1275 309 1348 praesentant,
325 1286 501 1349 quamquam
517 1268 675 1331 admodum
690 1267 862 1349 plerumque
876 1267 1010 1331 dissimili
1024 1269 1147 1343 ratione,
1168 1268 1199 1332 in
1214 1287 1271 1348 qus

108 1370 348 1434 dissimilitudine
362 1379 428 1434 uter
440 1370 557 1433 illomm
572 1373 609 1435 ad
628 1370 761 1452 magistri
782 1370 955 1434 sententiam
975 1372 1099 1452 propius
1117 1371 1272 1434 accesserit

108 1474 152 1535 rix
165 1473 241 1536 satis
256 1482 339 1536 certo
354 1473 461 1554 ubique
474 1472 608 1553 dignosci
628 1476 776 1555 potesta).
810 1474 867 1536 Sed
882 1491 975 1536 unum
990 1482 1035 1536 est
1048 1475 1152 1537 harum
1167 1474 1270 1556 dispu-

108 1577 255 1639 tationum
271 1594 381 1656 genus,
400 1577 480 1656 quod
500 1576 578 1656 apud
593 1576 745 1640 Platonem
761 1576 855 1639 obiter
868 1578 1073 1640 tantummodo
1093 1585 1122 1639 et
1137 1576 1269 1657 earptim,

110 1681 201 1743 multo
216 1690 320 1743 autem
336 1679 487 1761 copiosius
502 1687 532 1741 et
545 1681 708 1743 accuratius
727 1680 805 1760 apud
819 1679 1046 1761 Xenophontem
1060 1687 1211 1754 nectatur,
1234 1679 1271 1741 da

110 1782 364 1845 administram
375 1781 543 1856 domestioq
554 1790 657 1862 estque
668 1781 875 1865 Xenophontis
887 1783 923 1844 de
939 1802 972 1847 ea
983 1783 1104 1858 libellus,
1115 1783 1163 1863 qni
1175 1782 1271 1845 Oeoo·

110 1886 248 1948 nonninus
262 1884 448 1959 inamibitnr,
470 1903 541 1947 sane
554 1885 824 1963 praestantissimus
838 1893 868 1948 et
883 1884 1013 1949 Socratis
1028 1886 1184 1967 sapientia,
1202 1904 1271 1947 meo

111 1988 228 2069 quidem
249 1987 374 2059 iudicio,
390 1988 537 2069 aliquanto
557 1986 685 2067 dignior,
709 2007 796 2069 οιιοοι
818 1988 948 2069 plerique
966 2007 1068 2051 eorum
1089 2004 1270 2063 ammonem,

112 2092 159 2172 qui
186 2092 219 2154 in
241 2090 476 2153 blnorabibnm
497 2090 578 2154 libris
600 2092 773 2154 referuntur.
813 2091 887 2153 Post
905 2090 1133 2172 Xenophontem
1157 2090 1271 2170 primus

111 2194 284 2257 Aristoteles
295 2195 324 2270 ²)
344 2194 441 2274 paullo
463 2194 625 2257 aoemntius
639 2194 717 2256 hano
732 2194 852 2257 moralis
867 2193 1070 2274 philosophiae
1084 2199 1197 2272 partem
1213 2200 1271 2254 tra·

112 2306 216 2370 etaaae,
230 2304 262 2359 et
278 2315 354 2376 qnae
368 2296 405 2358 ab
418 2297 467 2359 illo
484 2297 578 2360 insius
593 2317 628 2360 ao
640 2295 760 2359 liberius
775 2297 922 2376 disputata
932 2303 1023 2371 erant,
1039 2295 1191 2359 subtiliore
1199 2315 1272 2376 qua-

113 2400 177 2462 dam
192 2409 223 2463 et
236 2399 381 2463 severiori
399 2399 560 2462 disserendi
579 2400 695 2462 radone
713 2418 800 2474 usus,
820 2399 856 2462 ad
874 2399 967 2463 iustae
981 2399 1050 2463 artis
1069 2399 1224 2462 formulam
1244 2407 1273 2459 et

14 2498 15 2511 ¹
114 2503 343 2583 descriptionem
357 2520 511 2566 resonasse
525 2504 652 2567 ridetur:
672 2502 725 2565 sed
739 2503 775 2565 de
795 2501 924 2577 duobus,
943 2502 992 2583 qni
1007 2501 1094 2564 hodie
1107 2500 1272 2564 Aristotelis

114 2622 221 2667 nornen
236 2606 423 2685 praeierunt,
439 2605 640 2668 oeconomiois
655 2605 757 2668 libellis
773 2605 895 2667 altarum
910 2605 1098 2668 subdititium
1113 2612 1142 2666 et
1152 2604 1188 2666 ab
1198 2603 1272 2665 illins
1385 2641 1386 2645 =

14 2782 15 2797 χ
117 2706 231 2786 ingenio
246 2707 426 2770 nonninus
441 2727 529 2789 φιοιο
544 2716 636 2771 aetate
651 2708 775 2771 alienum
791 2727 858 2770 esse
872 2726 953 2771 nuno
971 2708 1088 2788 quidem
1108 2707 1178 2769 satis
1198 2706 1275 2767 inter

14 2804 16 2819 '
117 2828 218 2872 omnes
234 2815 406 2887 eonstst⁸);
431 2811 503 2872 alter
520 2819 619 2873 utrum
639 2811 675 2873 eb
695 2812 761 2892 ipso
777 2811 929 2874 Aristotele
947 2830 984 2873 an
1004 2810 1040 2872 ab
1060 2809 1122 2870 eius
1141 2807 1273 2871 auditore

14 3144 16 3179 ζ
123 3119 182 3170 quos
193 3104 329 3156 tiuvinus
342 3103 366 3153 iu
379 3101 512 3168 Antiquitt.
524 3102 541 3152 i.
553 3119 577 3170 p.
591 3102 635 3155 Gr.
647 3120 671 3170 p.
680 3104 721 3166 92,
734 3103 750 3153 t
762 3104 793 3154 ei.
807 3103 838 3153 ll.
847 3102 938 3170 llitter,
952 3102 1097 3155 maiman
1106 3102 1153 3155 dar
1161 3102 1274 3170 Pythag.

121 3189 282 3258 Philosophia
293 3204 317 3254 p.
331 3187 363 3237 ³8
376 3203 430 3254 sqq.
443 3194 470 3238 at
481 3203 506 3253 p.
516 3188 557 3238 52.
582 3186 663 3255 lpsnm
673 3188 840 3257 Pythagoram
849 3188 999 3239 lamblichus
1011 3204 1064 3255 esp.
1075 3187 1107 3238 30
1119 3188 1180 3239 dicit
1192 3182 1274 3238 οὐδὲν

14 3316 16 3341 q
122 3259 206 3337 ἧσσον
215 3272 425 3343 θαυμασθῆναι
437 3268 485 3323 διὰ
497 3267 546 3338 τὴν
558 3275 725 3343 οΙκονομίαν
740 3267 757 3337 ἢ
775 3269 825 3338 τὴν
837 3272 1020 3342 φιλοσοφίαν,
1041 3273 1153 3340 idemque
1174 3289 1228 3339 sap.
1243 3272 1271 3322 ll

122 3358 146 3408 in
156 3359 277 3411 mnibus
289 3357 468 3424 discipulorum
481 3358 556 3408 etiarn
569 3353 729 3415 πολιτικοὺς
746 3365 773 3409 et
786 3353 983 3428 olxoroptxoaic
999 3358 1078 3409 inisse
1090 3358 1212 3425 perhibet.
1237 3356 1273 3408 lle

124 3446 287 3495 nautiorum
298 3442 514 3510 Pythagoreorum
525 3442 628 3509 seriptis
640 3444 806 3494 ooeonomieis
818 3442 850 3494 ef.
863 3451 915 3494 not
927 3444 952 3493 9.

185 3531 209 3593 5)
227 3530 367 3594 Utrunque
379 3527 477 3579 illontia
495 3527 564 3593 legas
582 3529 714 3595 seripsisse
731 3537 870 3581 memorant
885 3528 968 3581 Strab.
981 3528 1016 3581 Vl
1027 3545 1052 3595 p.
1065 3528 1123 3579 252.
1147 3528 1273 3580 Plutarch.

127 3612 167 3664 tir.
179 3614 259 3667 colom
272 3631 295 3665 r.
308 3613 342 3664 32
354 3620 382 3665 et
392 3613 464 3678 lliog.
472 3612 559 3664 laert
568 3611 614 3677 lx,
624 3613 656 3665 23
670 3616 739 3676 (ton.
751 3614 806 3682 llp.
816 3613 874 3678 348)
888 3630 902 3666 s
915 3614 1063 3681 Speusippo.
1074 3639 1109 3651 —
1120 3613 1142 3664 ll
1154 3614 1273 3681 sophistis

128 3700 249 3766 poectpus
262 3698 417 3763 Protagoras
429 3699 656 3750 commemorandus
669 3706 715 3765 est,
733 3715 805 3767 φιοιο
817 3699 889 3750 Plato
900 3699 1003 3765 Protag.
1015 3715 1039 3767 p.
1052 3699 1103 3749 319
1116 3699 1145 3750 A.
1158 3699 1273 3750 docuisse

128 3788 227 3835 testatur
239 3777 385 3847 εὐβουλίαν
396 3786 465 3853 περί
475 3798 503 3834 τε
515 3783 569 3836 τῶν
581 3782 704 3847 otuelus,
721 3778 798 3843 ὅπως
809 3777 846 3837 ι’ἕν
857 3802 898 3842 τις
910 3780 1012 3858 ἄριστα
1023 3778 1072 3849 τὴν
1083 3779 1169 3835 αὑτοῦ
1182 3782 1274 3836 οἰκίαν

130 3863 230 3930 diocesi,
248 3869 296 3919 καὶ
310 3867 376 3936 περὶ
392 3866 449 3920 τῶν
463 3866 512 3934 τῆς
527 3863 640 3936 πόλεως,
653 3862 731 3927 ὅπως
747 3866 780 3922 τὰ
798 3869 845 3937 τῆς
861 3866 969 3928 πόλεως
980 3865 1172 3927 δυνατώτατος
1184 3862 1220 3921 ἂν
1232 3870 1273 3934 εἴη

131 3954 170 4003 nst
180 3948 313 4023 πράττειν
325 3953 370 4004 καὶ
382 3953 480 4022 λέγειν.

187 4039 211 4105 d)
229 4038 362 4091 Traemvit
372 4040 436 4091 hane
446 4040 617 4106 questionem
629 4038 656 4091 C.
669 4041 701 4091 A.
713 4041 825 4108 Brundis,
841 4040 1007 4094 Grondlioisn
1019 4040 1066 4093 dar
1075 4041 1158 4094 Labra
1168 4041 1214 4093 dos
1225 4039 1274 4092 So-

133 4122 217 4189 bno,
228 4126 253 4175 in
266 4124 355 4176 blaseo
367 4124 485 4175 Rhanano
497 4140 555 4175 ann.
569 4123 643 4175 1⁸27.
666 4123 723 4176 Vid.
736 4127 807 4193 impr.
820 4142 844 4193 p.
859 4126 907 4177 122
920 4142 973 4193 sqq.
987 4133 1048 4193 etp.
1064 4126 1121 4176 129.

191 4210 214 4275 l)
232 4211 352 4276 Aequalis
363 4210 540 4277 Xenophontis
553 4210 601 4262 luit
609 4209 780 4273 Antisthenes,
792 4211 862 4262 onius
875 4207 1062 4281 Οἰκονομικὸς
1070 4216 1277 4261 commemoratur

14 4318 16 4371 ἰ
132 4291 260 4358 abiegnas
275 4294 377 4347 Laertio
389 4294 433 4359 vl,
447 4294 479 4345 16
496 4295 565 4358 (ton.
576 4293 599 4345 ll
610 4311 633 4361 p.
648 4294 713 4357 11.);
732 4295 880 4348 Aristotelis
897 4297 1009 4363 aequalis
1020 4296 1190 4356 Xenocrates,
1207 4293 1276 4342 euius

135 4375 189 4427 itan
202 4377 381 4449 Οἰκονομικὸς
392 4379 535 4430 nominatur
544 4380 576 4431 ab
587 4380 675 4430 eodeni
686 4378 729 4445 lv,
745 4380 775 4431 12
790 4382 859 4443 (torn.
870 4380 881 4432 l
894 4397 917 4448 p.
927 4380 997 4445 268).

196 4463 218 4527 ill
234 4464 302 4516 Cani.
313 4464 433 4517 Niebuhr.
451 4478 537 4530 opust.
548 4464 634 4531 philol.
650 4464 661 4514 1
680 4480 704 4531 p.
718 4466 767 4521 412
780 4482 833 4533 sqq.
866 4465 983 4517 Ceterum
999 4481 1031 4517 ne
1051 4462 1163 4531 pertinet
1179 4458 1276 4525 qnidam
