3276 5144
804 459 957 560 „345-

388 646 633 712 Emendationem
653 656 754 712 autem
770 668 891 730 poscere
905 650 1042 713 videntur
1062 668 1136 733 quae
1156 650 1256 713 statim
1278 649 1361 712 initio
1375 649 1466 713 libelli

305 751 413 831 scripta
428 759 499 813 sunt
508 771 538 832 p.
551 751 623 826 529,
643 753 698 814 17:
714 744 733 835 ἡ
750 741 788 814 ἐκ
801 748 860 814 τοῦ
875 746 1052 836 Τρύφωνος
1067 746 1263 833 διάβασις
1276 746 1463 835 ἐνεργητικη

305 847 541 934 διοβιβάζεται
562 847 623 916 ἐπὶ
643 847 703 916 ado
725 848 914 918 Διονύσιον.
957 856 1070 936 Nempe
1085 855 1222 937 loquitur
1236 853 1408 936 Apollonius
1428 852 1464 914 de

302 956 471 1018 huiusmodi
486 956 640 1038 exemplo:
668 949 809 1041 Τρύφων
821 950 940 1019 τύπτει
956 952 1152 1031 Διονύσιον,
1173 957 1225 1020 ubi
1238 957 1371 1020 subiecto
1386 955 1463 1016 actio

301 1057 441 1120 tribuitur
455 1058 620 1120 transitiva:
636 1059 724 1121 talem
740 1068 839 1122 autem
854 1059 998 1121 actionem
1015 1077 1076 1121 non
1087 1053 1248 1138 διάβασιν
1258 1050 1465 1141 ἐνεργητικῆν

301 1161 353 1222 sed
370 1153 527 1223 decidente
542 1168 593 1222 aut
607 1153 812 1245 ἐνεργητικῆν
826 1169 877 1224 aut
893 1158 1151 1246 διαβιβαστικην
1166 1163 1261 1223 dicere
1277 1161 1362 1233 solet,
1384 1159 1464 1221 velut

302 1262 339 1324 de
364 1269 474 1326 constr.
495 1255 553 1336 111,
581 1262 636 1336 32,
664 1282 692 1346 p.
710 1262 787 1335 298,
818 1264 872 1324 15:
913 1260 1172 1347 διαβιβαστικῆς
1195 1256 1381 1334 διαθέσεως
1402 1253 1463 1322 ἐπὶ

300 1360 487 1446 πρόσωπον
507 1355 731 1444 ὑποκείμενον.
776 1364 814 1427 Et
829 1366 1079 1447 quemadmodum
1094 1366 1133 1428 ib.
1149 1383 1179 1447 p.
1195 1365 1268 1441 290,
1285 1364 1303 1426 3
1319 1356 1339 1448 ἦ
1355 1357 1392 1426 ἐκ
1404 1358 1464 1447 τῆς

302 1462 437 1541 εὐθείας
460 1460 647 1553 ἐνεργητικὴ
671 1460 827 1542 διάθεσις
849 1469 964 1540 dicitur,
985 1468 1028 1529 sic
1046 1485 1108 1531 non
1122 1469 1224 1531 dubito
1240 1468 1311 1547 quin
1324 1467 1383 1529 hoc
1395 1466 1462 1528 loco

298 1562 319 1655 ἦ
344 1563 378 1632 ἐκ
399 1566 459 1632 τοῦ
486 1562 663 1654 Τρύφωνος
686 1564 845 1645 διάθεσις
867 1564 1051 1655 ἐνεργητικη
1083 1571 1227 1653 seriptum
1255 1569 1355 1632 fucrit.
1397 1569 1463 1632 Huc

299 1672 412 1735 accedit
438 1672 517 1753 quod
545 1663 702 1751 διάβασις
724 1666 914 1757 ἐνεργητική
935 1674 978 1736 sic
1003 1674 1123 1736 demum
1150 1682 1230 1735 recte
1251 1672 1309 1734 dici
1328 1671 1461 1753 potuisse

298 1775 422 1848 videtur,
438 1775 464 1837 si
478 1782 558 1836 esset
572 1775 724 1838 etiamalio
741 1776 895 1857 quaepiam
911 1769 1071 1857 διάβασις
1084 1792 1147 1839 non
1161 1768 1356 1860 ἐνεργητική,
1370 1790 1460 1856 qnam

298 1877 410 1940 mdlam
427 1896 491 1939 esse
508 1877 698 1940 manifestum
714 1886 769 1939 est.

383 1980 416 2041 P.
433 1980 506 2053 530,
523 1980 542 2040 5
557 1987 625 2060 post
640 1981 780 2061 protasio,
802 1974 899 2064 ἡνίκα
913 1974 1028 2060 μέντοι
1044 1971 1082 2044 ού
1096 1979 1272 2065 κατηγορεῖ
1286 1971 1460 2060 ὀνόματος,

298 2083 443 2164 apodosin
458 2082 599 2144 excidisse
615 2081 673 2144 iam
690 2081 855 2145 Skrzeeaka
870 2083 1004 2144 monuit:
1026 2082 1097 2164 quid
1113 2083 1311 2165 supplendum
1326 2082 1364 2145 eit
1378 2086 1460 2144 aute

296 2204 325 2268 p.
343 2183 420 2258 529,
449 2184 489 2245 23
516 2184 613 2264 colligi
639 2191 746 2267 potest,
773 2178 922 2246 ἐκαλεῖτο
948 2176 1122 2269 ἐπίρρημα,
1145 2195 1197 2248 aut
1218 2206 1238 2248 e
1263 2204 1293 2266 p.
1309 2183 1382 2258 530,
1409 2184 1457 2259 10,

296 2281 462 2369 ἐπίρρημα
477 2279 611 2366 ἐγένετο.
655 2287 741 2360 Quod
761 2295 862 2349 autem
880 2289 910 2349 in
935 2287 1038 2350 eadem
1053 2288 1156 2368 pagina
1171 2308 1198 2349 v.
1212 2289 1252 2349 25
1267 2288 1379 2349 editum
1394 2294 1456 2349 est:

295 2383 460 2473 ἐπίρρημα
489 2384 526 2450 δέ
552 2380 592 2451 ού
618 2385 663 2472 μὴ
687 2385 765 2468 δίχα
787 2384 931 2474 ῥήματος
953 2391 1027 2467 (scil.
1055 2387 1222 2471 σσγκλεῖον
1248 2384 1346 2471 λόγον
1366 2380 1459 2451 ἔστιν

294 2486 501 2573 ἐπινοῆσαι),
524 2510 617 2572 quum
637 2492 668 2553 in
688 2492 752 2554 cod.
775 2492 919 2573 scriptum
939 2494 978 2555 ait
1000 2484 1039 2556 ού
1059 2487 1138 2577 μήν,
1161 2492 1295 2573 quamvis
1320 2491 1393 2553 lenis
1418 2492 1458 2553 sit

295 2595 448 2670 correctio,
471 2613 573 2658 vereor
593 2604 692 2657 tamen
712 2601 747 2657 ut
761 2595 931 2677 Apollonius
953 2597 1017 2677 ipse
1030 2596 1061 2658 ln
1077 2593 1247 2658 huiusmodi
1261 2599 1402 2657 contentu
1417 2583 1456 2657 ού

293 2690 340 2783 μή
354 2697 470 2759 dixerit.
502 2696 626 2778 Scripsit
639 2697 766 2759 fortasse
781 2689 948 2782 ἐπίρρημά
959 2716 996 2780 γε
1009 2693 1072 2781 μὴν
1087 2689 1126 2760 σύ
1142 2694 1218 2774 δίχα
1232 2690 1387 2780 ῥήματος.

377 2799 410 2861 P.
427 2798 498 2873 534,
515 2798 550 2860 9:
566 2791 587 2883 ἦ
604 2790 649 2861 σύ
663 2789 850 2883 άπύφοσις,
865 2793 1031 2883 μαχομένη
1052 2799 1096 2884 τῇ
1112 2792 1179 2862 ναί
1191 2791 1390 2883 καταφάσει,
1411 2792 1454 2860 τά

290 2895 326 2965 ἐν
346 2895 535 2986 καταφάσει
558 2895 689 2984 ῥήματα
710 2891 847 2984 άναιρεῖ,
870 2891 958 2985 άπερ
980 2895 1069 2963 ἐστὶν
1090 2893 1254 2983 ὁριστικά,
1283 2893 1399 2979 ἔχοντα
1420 2894 1455 2963 ἐν

292 2996 404 3078 αὐτοῖς
424 2999 484 3086 την
504 2998 704 3088 κατάφασιν,
727 2994 805 3066 άνο’
825 2991 865 3088 ἧς
885 2998 944 3065 καὶ
966 2996 1130 3077 πολλάκις
1145 2998 1449 3084 παραλαμβάνεται

290 3097 332 3169 oo'
354 3099 506 3191 γράφω,
530 3095 574 3167 ού
597 3102 711 3167 ποιῶ.
755 3106 809 3167 Vix
835 3106 961 3168 dubitari
981 3112 1080 3186 potest
1097 3105 1169 3186 quin
1188 3104 1362 3186 Apollonius
1381 3120 1453 3168 nom

289 3208 362 3271 haee
375 3215 491 3270 tantum
506 3209 649 3288 exempla,
665 3207 696 3269 in
711 3208 817 3289 quibus
832 3199 1010 3291 άπόφασις
1023 3213 1079 3280 est,
1097 3207 1238 3288 posuerit,
1253 3207 1305 3269 sed
1320 3206 1454 3288 praemi-

288 3311 360 3373 serit
374 3312 464 3373 etiam
479 3310 612 3391 exempla
628 3306 848 3394 καταφάσεως
863 3326 915 3391 ρει
928 3309 1009 3371 verbi
1022 3310 1211 3371 indicativum
1226 3309 1329 3384 laetae,
1345 3327 1452 3391 quem·

288 3413 449 3476 admodum
464 3412 562 3493 paullo
582 3413 666 3487 inira,
683 3413 734 3475 ubi
753 3413 789 3475 dc
811 3412 984 3493 imperando
999 3420 1030 3474 et
1043 3413 1169 3474 uetando
1184 3412 1325 3492 loquitur,
1349 3432 1377 3474 v.
1396 3412 1450 3473 14:

288 3510 403 3600 γράφε,
424 3510 469 3599 μη
494 3509 610 3600 γράφε,
632 3510 714 3596 λέγε,
736 3511 782 3598 μή
805 3511 885 3597 λέγε.
930 3515 1022 3596 igitur
1047 3514 1155 3577 excidit
1180 3509 1297 3599 γράφω
1325 3522 1392 3577 ante
1413 3505 1453 3577 ού

288 3612 417 3702 γράφω,
441 3618 536 3680 ποιά
557 3626 624 3680 ante
647 3609 686 3679 ού
708 3615 809 3680 ποιῶ.
826 3618 854 3698 ¹)
876 3652 918 3665 ·-
941 3618 999 3681 Sed
1025 3617 1141 3698 gravior
1166 3618 1333 3698 corruptela
1355 3617 1453 3679 estin

287 3721 417 3782 desdam
438 3721 558 3801 paginae
581 3728 665 3800 parte
683 3728 847 3802 postrema,
867 3720 918 3783 ubi
940 3721 976 3783 de
995 3721 1104 3783 aoristo
1119 3719 1291 3801 Apollonios
1311 3720 1451 3800 loquitur,

287 3824 375 3903 qiiem
390 3823 573 3885 indefinitam
588 3823 732 3904 temporis
747 3824 895 3905 praeteriti
911 3823 1152 3905 significationem
1168 3822 1276 3887 habere
1291 3821 1370 3896 dicit,
1388 3828 1451 3885 tam

354 4044 379 4111 1)
397 4044 533 4113 Deceliae,
550 4036 576 4095 in
588 4044 620 4099 N.
633 4041 722 4097 Mltbeo
734 4041 813 4097 flben.
826 4042 875 4097 Xll
885 4062 910 4114 p.
923 4043 982 4110 338,
998 4040 1062 4096 bane
1074 4056 1170 4096 omnem
1180 4042 1213 4095 ‘de
1225 4044 1403 4110 negationibus
1414 4040 1451 4097 ὀύ

286 4136 313 4182 et
329 4128 370 4201 μή
387 4130 593 4198 disputationem,
610 4144 673 4198 quae
690 4137 731 4182 est
741 4144 765 4196 p.
777 4132 842 4196 534,
860 4131 943 4182 9-17
957 4131 987 4181 ab
1000 4131 1115 4183 hocloco
1128 4131 1249 4195 alienam,
1265 4146 1352 4183 veram
1364 4138 1450 4184 auten

289 4217 344 4268 eius
357 4218 440 4268 aedem
451 4233 475 4285 p.
489 4217 547 4284 530,
559 4217 593 4267 20
605 4231 661 4269 esse
678 4222 791 4268 autumat
802 4231 860 4281 εοιο
870 4216 1062 4283 disputationem
1074 4218 1105 4269 de
1117 4217 1245 4270 adverbiis
1256 4214 1450 4284 temporalibusa

283 4301 383 4353 seilicet
400 4302 464 4368 qnod
480 4303 516 4354 ibi
533 4317 629 4369 quoque
645 4301 740 4368 aliquid
756 4303 788 4353 de
805 4301 980 4368 negationibus
998 4303 1152 4356 dictumest.
1176 4301 1254 4370 Atqui
1265 4296 1359 4352 dietum
1371 4303 1402 4354 de
1414 4303 1449 4355 iis

283 4387 406 4440 maenus
428 4394 525 4439 tantum
545 4394 594 4452 est,
615 4395 737 4455 quatenns
757 4382 937 4454 saepenumero
954 4386 1014 4439 ltem
1026 4396 1056 4439 nt
1066 4389 1118 4440 alia
1130 4388 1250 4456 quaedam
1261 4376 1381 4439 adverbia
1393 4387 1450 4442 sine

283 4472 362 4524 verbo
382 4480 518 4541 ponuntur,
537 4472 580 4524 ubi
596 4472 665 4525 idox
682 4473 807 4526 orationis
825 4480 948 4526 contextu
960 4472 1156 4526 subaudiendum
1167 4480 1220 4526 eat:
1242 4476 1404 4524 nunciatam
1416 4472 1449 4526 οο
