3190 5136
693 471 752 534 179

615 558 817 568 ”fin-...-

129 653 286 715 storiam
308 655 544 716 contentione
562 655 701 735 dignam
720 654 911 719 aestimas?
954 658 1056 739 ltaque
1071 643 1093 742 ἦ
1109 649 1147 720 osi
1163 658 1290 721 alienum
1317 686 1327 753 q

129 763 190 816 est:
205 748 269 817 κατ’
284 763 382 818 anum
396 774 460 818 non
472 755 509 818 ad
524 750 564 818 σύ
578 757 717 838 pertinet,
730 766 765 820 nt
779 758 817 820 sit
832 765 868 821 tu
888 777 1043 841 quoque,
1064 760 1116 822 ssd
1132 760 1168 823 ad
1183 755 1296 845 δήριος

129 848 227 935 τίεις,
251 866 355 939 estque
379 858 422 921 sic
446 859 571 935 nictum,
599 867 632 922 ut
657 859 688 921 in
714 862 910 924 convertendo
936 861 966 923 id
991 862 1072 943 qood
1097 862 1315 944 supraposui.

132 967 262 1034 ,rere“
278 961 416 1042 usurpari
432 961 545 1036 debeat,
560 962 596 1023 de
611 979 671 1042 quo
687 980 756 1037 usu,
777 964 918 1043 quoniam
934 961 1029 1025 obiter
1042 965 1150 1043 exponi
1163 982 1224 1028 non
1239 984 1296 1046 po·

133 1071 203 1137 test,
219 1064 397 1126 consulendi
412 1072 498 1127 munt
510 1064 701 1128 Doederlinus
713 1064 749 1127 ad
763 1064 795 1126 S.
811 1066 884 1128 Occi.
900 1064 961 1127 Col.
976 1066 1036 1127 147
1051 1074 1080 1128 ct
1089 1066 1213 1129 Ellendt
1226 1067 1295 1131 bor.

133 1166 228 1248 Sopb.
245 1165 269 1240 1,
283 1187 314 1248 p.
330 1166 402 1229 889.
430 1166 507 1229 ilinc
520 1178 641 1248 apparet
654 1168 741 1230 suam
757 1186 797 1231 σο
811 1186 873 1232 non
884 1170 1048 1232 acuendum
1063 1171 1115 1232 scil
1131 1170 1296 1233 encliticam

134 1287 212 1330 osse.
245 1269 289 1330 lle
310 1269 530 1332 mosuoctione
550 1269 630 1332 umbi
648 1262 710 1333 τίω
736 1289 803 1333 cum
829 1270 970 1351 genitivo,
991 1290 1077 1351 quem
1092 1272 1177 1353 pretii
1191 1291 1296 1334 vocare

134 1371 247 1446 solent,
269 1388 333 1433 non
352 1390 428 1452 opus
454 1380 499 1434 est
523 1372 588 1435 dici
632 1372 693 1434 lam
712 1392 781 1435 vero
801 1374 872 1454 quid
891 1374 927 1436 ad
947 1375 1023 1437 hanc
1037 1373 1295 1455 interrogationem

134 1471 388 1553 ssptaemncstra?
416 1473 623 1555 Respondetoc
637 1476 718 1557 quod
732 1476 909 1557 intemopats
924 1475 991 1540 esti
1024 1478 1119 1539 immo
1139 1476 1235 1559 pergit
1249 1478 1297 1540 in·

133 1584 229 1638 stare:
251 1594 358 1656 parere
371 1575 427 1638 sibi
441 1576 691 1657 Agamemnonem
706 1577 794 1640 iubet
824 1580 924 1660 Atqui,
944 1580 1020 1642 dicat
1038 1579 1154 1660 aliquis,
1168 1599 1204 1641 co
1219 1579 1296 1660 ipso,

135 1679 217 1759 qnod
227 1679 289 1741 boc
298 1678 387 1752 iubet,
398 1679 557 1761 respondet
567 1680 653 1742 eiam
666 1681 885 1761 quodammodo
896 1682 933 1745 ad
944 1683 1020 1745 illius
1029 1682 1297 1762 interrogationem,

134 1782 248 1864 qnippe
269 1801 361 1863 quum
381 1782 482 1845 iterata
501 1782 557 1845 bac
570 1782 793 1863 compellatione
813 1784 884 1846 satis
909 1791 1059 1866 appareat,
1078 1804 1142 1848 eam
1160 1785 1296 1848 victonac

134 1884 363 1966 cupidissimam
375 1904 449 1947 esse.
478 1885 532 1947 list
544 1886 603 1947 hoc
615 1885 780 1966 pessimum
790 1904 883 1966 genus
894 1887 1139 1968 conuptclarum,
1156 1906 1230 1968 quae
1243 1888 1297 1951 ali·

133 2006 195 2068 qna
209 1987 272 2049 reri
286 1986 384 2067 specie
398 1986 494 2049 sollcrs
507 1986 705 2066 indiligentes,
721 1987 807 2065 abiis
822 1997 933 2063 numm,
947 1988 997 2070 qui
1012 1989 1110 2052 minus
1124 1996 1205 2052 recto
1220 1990 1297 2055 iudi·

132 2090 182 2152 cio
199 2097 340 2162 utuntur,
355 2089 441 2152 etiam
461 2089 575 2151 delendi
591 2089 716 2170 possint.
748 2089 802 2152 llis
817 2090 913 2171 itaque
931 2090 1000 2153 illul
1022 2088 1133 2153 πιθοῦ
1147 2109 1208 2153 non
1223 2092 1297 2154 insi-

130 2192 286 2254 dehimus.
316 2192 375 2266 Qui
390 2200 484 2254 autem
501 2191 672 2272 Aeschylum
692 2200 771 2255 recte
785 2202 907 2269 norunt,
927 2191 963 2255 ab
978 2211 1071 2273 eoque
1085 2209 1147 2254 non
1162 2192 1202 2266 id,
1217 2193 1297 2274 qnod

130 2303 190 2357 ant
205 2293 354 2356 tolerabile
370 2300 420 2356 aot
433 2293 607 2369 excusabile,
622 2294 674 2356 sod
697 2295 775 2374 quod
791 2294 900 2375 ubique
916 2293 1060 2374 optimum
1076 2294 1176 2374 reique
1190 2312 1296 2357 conre-

129 2395 359 2460 nientissimum
374 2395 427 2471 sit,
441 2396 499 2458 dici
514 2396 609 2460 solere
624 2396 731 2472 scunt,
751 2397 797 2471 bi,
818 2397 938 2477 opinor,
957 2396 1143 2459 librariorum
1167 2413 1298 2459 onorem

131 2508 316 2580 agnoscent,
331 2499 562 2580 Aeschylumque
573 2499 728 2579 scripsisse
739 2499 858 2561 madent
867 2492 902 2561 τί
917 2489 1001 2573 όὀἰ)’;
1013 2498 1167 2574 Quidni?
1178 2516 1298 2580 nempe:

130 2601 244 2683 quidni
263 2602 413 2665 rictmmm
435 2602 624 2665 contentione
639 2602 755 2682 dignam
783 2600 960 2664 aestimem?
974 2603 1054 2681 quod
1074 2602 1151 2665 idem
1166 2612 1212 2663 est
1225 2620 1259 2663 ac
1273 2602 1298 2663 si

129 2703 333 2785 respoudeat:
348 2722 419 2767 sane
433 2705 551 2785 dignam
567 2703 698 2766 aestimo.
725 2704 863 2766 Similiter
879 2696 915 2766 τό
937 2695 1042 2781 όοόχί
1060 2703 1091 2765 in
1105 2704 1300 2782 responsione

129 2806 399 2886 aOEytaemnestra
413 2816 571 2889 usurpatur
584 2804 672 2868 etiam
687 2825 713 2866 v.
729 2806 801 2868 262.
831 2806 924 2886 Atque
939 2808 982 2869 sic
995 2806 1113 2867 damona
1129 2804 1215 2867 etiam
1229 2804 1299 2867 illul

129 2910 356 2972 adsmsatirum
369 2904 484 2990 μέντοι
504 2910 535 2972 in
548 2909 684 2990 proximo
700 2908 835 2970 membro
850 2916 929 2971 recte
948 2928 979 2971 sc
993 2908 1101 2971 habere
1114 2906 1299 2987 intelligetur.

128 3012 218 3075 Nam
234 3020 392 3092 postquam
406 3011 558 3075 mmoriam
573 3011 618 3073 vol
633 3010 821 3075 mntentione
834 3010 950 3091 dignam
967 3010 1022 3074 sibi
1037 3009 1126 3073 videri
1141 3010 1222 3081 dixit,
1234 3015 1300 3090 apto

1 3165 2 3168 ,
127 3115 288 3195 adiungit:
302 3132 404 3178 rernm
419 3122 519 3177 tamen
534 3120 567 3176 tu
580 3113 653 3176 mihi
668 3132 732 3176 eam
753 3114 869 3188 volens,
890 3106 986 3190 ἑκών,
1002 3113 1031 3175 h.
1052 3132 1077 3174 e.
1097 3111 1162 3174 sine
1177 3118 1299 3174 conten·
1322 3144 1326 3161 »

131 3219 228 3282 tione
244 3217 381 3280 concede.

228 3319 330 3382 Restat
355 3320 512 3383 stasimum
534 3317 666 3392 tertium3
691 3335 760 3380 nam
786 3318 873 3381 buius
895 3336 1013 3399 quoqne
1044 3316 1155 3398 aliquot
1182 3316 1301 3379 vulnera

130 3422 281 3506 graviora
295 3440 394 3485 curam
408 3428 541 3485 nostram
557 3419 715 3502 postulant
760 3420 864 3482 Statim
884 3420 914 3481 in
928 3419 1025 3501 prima
1044 3419 1180 3500 stropha,
1197 3438 1222 3481 v.
1238 3419 1301 3482 950

130 3545 222 3607 sqq,
237 3542 314 3604 quae
327 3525 357 3587 in
373 3524 523 3587 codicibus
538 3531 650 3586 extant:
665 3515 780 3606 χρόνος
803 3512 910 3585 δ’ἐστὶ
932 3514 1010 3600 (ἐπὶ
1031 3521 1137 3598 Εοτο.)
1154 3539 1301 3605 πρυμνή-

129 3621 228 3691 aton
254 3620 464 3707 ξυνεμβόλοις
487 3616 647 3706 ψαμμίας
675 3614 800 3698 όκᾶτας
826 3614 955 3702 (οἰκότα
982 3624 1077 3699 iloni
1109 3616 1303 3708 παρήβησεν

129 3718 330 3813 (παρήβηό
344 3729 447 3805 Fam.)
471 3713 543 3790 εὖθ’
564 3717 619 3789 ort
640 3717 748 3789 ’Ίλιον
769 3711 854 3810 ὦρτο
875 3718 1042 3806 ναυβάτας
1062 3716 1207 3808 στρατός.
1230 3724 1304 3786 haec

129 3831 214 3915 qnid
229 3830 392 3909 significare
406 3831 525 3912 possint
536 3830 651 3892 difficile
665 3828 746 3892 dicto
759 3835 812 3889 est
842 3827 916 3890 Nam
931 3827 1046 3889 ebamsi
1059 3820 1174 3908 χρόνος
1196 3816 1305 3888 &enat

129 3935 256 3997 «lictum
274 3930 360 3993 videri
374 3931 471 4012 possit
485 3948 540 4013 pro
553 3923 668 4016 χρόνος
682 3920 803 3992 δ’ἐστὶν
816 3921 894 3992 ἐπεί
904 3963 945 3973 -
961 3928 1018 3989 diu
1034 3936 1103 4005 est,
1119 3947 1157 3990 ex
1171 3945 1239 4008 quo
1250 3962 1305 4001 —-,

130 4037 228 4099 deest
246 4042 344 4096 tannen
363 4034 407 4095 sic
426 4033 514 4095 verbo
536 4027 711 4119 πορήβήστ
730 4049 818 4094 suum
837 4030 1009 4093 subiectum.
1054 4029 1106 4091 Sin
1133 4031 1199 4110 quis
1218 4029 1305 4091 verba

130 4134 348 4200 constructio
367 4134 446 4197 bunc
465 4135 603 4197 niodum:
629 4128 708 4197 sno
729 4127 768 4196 ot
788 4126 902 4214 χρόνος
923 4124 1129 4216 παρήβησεν,
1151 4118 1223 4194 elo‘
1245 4120 1302 4193 bt
1318 4137 1358 4207 ‚st

126 4231 250 4301 Ἴλιον
272 4224 357 4320 ὦρτο
378 4230 521 4322 στρατός
541 4237 560 4298 i.
582 4255 607 4298 e.
628 4242 818 4316 postquam
842 4243 988 4315 tempus
1014 4233 1181 4307 exolevit,
1201 4248 1305 4313 quum

130 4338 330 4404 exercitus
353 4340 526 4402 adversus
546 4338 648 4401 llium
672 4338 862 4418 proiectus
883 4343 953 4409 est,
977 4353 1039 4398 non
1058 4335 1148 4398 modo
1163 4334 1307 4395 absonam

1 4439 2 4446 '
131 4441 290 4505 babemus
308 4442 481 4505 sententiam
506 4440 722 4520 dictionemque
746 4437 915 4510 mirificam,
942 4438 994 4498 sed
1021 4437 1108 4564 deest*
1128 4434 1213 4495 etiam
1239 4428 1310 4489 hnic

1046 4535 1086 4595 12
