3222 5148
685 482 834 579 Α

182 675 301 731 aeterna
321 671 374 739 sit,
396 669 426 730 b.
446 689 474 731 e.
497 670 567 751 qititl
585 672 734 752 ¹pertineat
757 677 793 736 ad
812 669 935 734 alicuius
952 675 1075 732 namtas
1089 667 1346 730 beatitudinemet

183 771 402 842 aeternitalem,
422 772 475 833 aad
492 792 526 833 eo
543 783 673 848 tantum,
693 785 727 839 ut
742 773 928 838 beatitudinis
945 781 974 832 et
988 771 1167 832 aeternitatis
1182 771 1344 843 notiamm,

180 873 241 934 iam
258 873 375 935 aliunde
391 876 421 936 in
434 876 534 937 animo
550 876 753 952 informatam,
775 881 804 941 in
819 879 889 941 deos
904 874 1156 945 transferendam,
1177 874 1208 933 ir.
1225 892 1249 932 e.
1275 874 1345 932 deos

181 984 320 1037 aeternos
341 987 370 1038 et
393 980 493 1040 beatos
513 979 666 1041 habendos
688 1000 833 1044 essenon
855 981 911 1042 iam
928 978 1115 1057 suspicemur
1127 975 1344 1045 tantummodo,

182 1078 233 1140 sed
251 1089 328 1140 certa
345 1090 397 1142 aut
413 1080 554 1163 probabili
569 1082 681 1145 ratione
696 1083 900 1165 intelligamus.
926 1081 1006 1141 Hanc
1020 1080 1058 1140 ob
1072 1097 1191 1140 causam
1205 1076 1343 1139 Velleium
1420 1076 1424 1085 '

182 1180 290 1244 dixisse
305 1184 433 1245 conieci:
457 1193 616 1245 mentem
638 1196 803 1247 nostram
819 1181 1176 1261 —intelligentiam
1197 1197 1344 1260 capere,

182 1302 274 1364 quae
296 1286 343 1347 sit
366 1286 489 1347 beatae
512 1295 666 1349 naturae
688 1296 723 1349 et
738 1299 913 1349 aeternae
934 1288 964 1347 h.
981 1305 1006 1346 e.
1023 1286 1110 1346 talem
1127 1284 1162 1343 dc
1179 1283 1223 1343 dis
1237 1281 1345 1343 intelli·

182 1387 324 1467 gentiam,
345 1407 420 1468 quae
440 1389 553 1450 beatam
575 1397 605 1450 et
625 1398 773 1452 aeternam
791 1399 923 1451 naturam
940 1389 974 1449 iis
988 1386 1173 1449 tribuendam
1190 1404 1255 1445 essa
1270 1384 1346 1445 iudi·

182 1491 290 1568 cetss).
325 1490 427 1553 Paullo
443 1491 596 1553 obscurius
612 1493 684 1553 baec
699 1493 773 1554 ‹tiou
789 1512 852 1554 esse
866 1493 978 1563 fateor,
997 1500 1120 1552 atcerte
1136 1505 1195 1548 non
1209 1487 1344 1548 absurde.

82 1595 89 1604 '
182 1593 278 1673 Atque
293 1594 380 1654 etiam
402 1612 437 1654 ett
458 1613 492 1655 eo
514 1594 594 1673 quod
611 1594 695 1657 Cotta
711 1594 794 1668 dicit,
816 1615 843 1656 c.
861 1594 901 1655 39
923 1603 1009 1666 extr,
1031 1598 1071 1654 nt
1092 1608 1196 1651 utens
1218 1601 1345 1649 nostra

181 1694 323 1757 beatam
357 1696 458 1757 illam
492 1707 661 1759 naturam
693 1707 734 1759 et
761 1706 951 1759 aeternam
979 1701 1102 1777 putet,
1131 1710 1191 1754 non
1220 1692 1256 1752 de
1284 1691 1345 1752 sola

180 1798 309 1872 risione,
332 1799 383 1861 sed
410 1798 446 1859 de
470 1800 577 1861 mentis
599 1801 706 1861 iudicio
728 1802 900 1881 rationeque
918 1799 1107 1881 cogitandum
1132 1815 1196 1857 esse
1216 1801 1346 1875 apparet.

136 1909 139 1914 ’
182 1899 314 1980 Denique
336 1900 424 1961 etiam
449 1902 529 1963 lacus
559 1902 635 1981 apud
660 1906 783 1964 Sextum
806 1904 1003 1983 Empirieum,
1036 1901 1136 1981 Pyrrh.
1161 1901 1228 1978 hgp.
1252 1896 1346 1969 ttt,t

181 2020 210 2084 p.
230 2002 286 2061 tta
298 2002 394 2075 Febr,
406 2023 442 2064 er
454 2003 571 2087 Epicuri
583 2005 659 2066 baud
672 2006 758 2066 dubie
769 2020 818 2068 aut
830 2006 951 2066 alicuius
961 2004 1095 2085 Epicurei
1107 2002 1180 2063 libro
1190 2010 1344 2080 sumptus:

182 2095 359 2189 ὅφθαρτόν
374 2125 407 2166 τι
424 2102 479 2168 καὶ
493 2098 658 2187 μακάριον
673 2102 827 2190 ἐννοήσας
841 2106 899 2169 cdv
915 2103 997 2168 tede
1014 2095 1099 2167 alans
1111 2106 1210 2165 eoum
1222 2097 1344 2178 νόμιζε,

182 2208 372 2270 manifestum
385 2207 457 2269 iacit
472 2208 632 2290 Epicurum
648 2209 750 2271 beatae
770 2219 801 2272 et
815 2219 950 2272 aeternae
966 2216 1087 2271 naturae
1103 2200 1230 2269 ἔννοιαν
1251 2222 1342 2285 quan-

181 2311 248 2372 dam
266 2328 326 2372 non
340 2331 374 2372 er
391 2311 503 2373 risione
518 2311 681 2373 divinarum
699 2313 857 2392 imaginum
880 2315 1031 2382 balistam,
1055 2311 1106 2372 aed
1128 2309 1218 2371 animi
1239 2307 1345 2368 iudicio

181 2413 212 2475 in
227 2412 274 2476 dei
290 2414 442 2476 notionem
458 2414 629 2476 translatam
648 2415 839 2494 totunsetet.
877 2415 951 2477 Nam
974 2416 1037 2477 sine
1057 2414 1148 2475 dubio
1166 2404 1279 2475 aalma
1299 2409 1346 2471 illa

180 2517 305 2579 exutam
327 2518 424 2600 poterit
442 2519 533 2580 etiam
557 2518 582 2578 si
605 2518 703 2579 nullae
724 2535 855 2599 unquam
885 2519 1010 2581 deorum
1038 2516 1179 2598 imagines
1207 2533 1239 2574 se
1259 2512 1345 2575 nobis

183 2620 331 2682 offerrent.

266 2721 522 2796 Quemadmodum
531 2728 629 2785 autem
639 2724 675 2784 de
687 2723 908 2788 immortalitate
918 2734 947 2783 ot
957 2722 1145 2794 beatitudine,
1154 2721 1198 2783 sic
1206 2720 1296 2782 ctiam
1308 2718 1344 2780 de

181 2825 284 2887 oetam
299 2825 412 2887 divinae
428 2835 548 2888 neutrae
564 2824 753 2906 qualitatibus
767 2827 913 2907 Epicurus
933 2826 1049 2898 statuit,
1071 2842 1132 2886 non
1153 2824 1236 2885 aliter
1255 2839 1343 2903 quam

178 2926 291 2994 tatiana
306 2935 336 2990 et
351 2928 457 2990 iudicio
472 2928 508 2990 ad
523 2927 720 3009 cognitionem
737 2948 838 2990 aarum
853 2930 998 3011 perveniri
1014 2946 1109 3009 posse.
1142 2926 1205 2988 Huc
1219 2926 1346 3008 pertinet

178 3028 309 3110 primum
333 3031 395 3091 eins
418 3030 454 3092 de
474 3031 580 3093 divinis
603 3048 664 3093 non
686 3042 747 3094 tam
767 3032 942 3113 corporibus
961 3050 1052 3114 mam
1068 3029 1343 3111 quasi-corporibus

178 3133 335 3195 sententia.
357 3134 552 3214 Incorpureoa
567 3133 637 3195 deos
653 3153 716 3196 esse
732 3153 785 3198 cur
801 3154 903 3217 negare
918 3128 1064 3207 debuerit,
1081 3134 1270 3195 manifestum
1282 3139 1343 3193 est:

176 3252 244 3298 nam
268 3252 324 3305 neo
345 3243 409 3298 erat
429 3236 592 3298 secundum
620 3237 685 3299 eius
712 3239 924 3320 physiologiam
950 3239 1108 3319 quintium
1135 3237 1344 3318 incorporeum

176 3349 292 3420 praeter
313 3341 434 3413 inane,
457 3357 513 3405 nec
535 3339 677 3420 imagines
700 3359 736 3402 ex
756 3340 937 3423 incorporeis
957 3342 1078 3403 effluere
1102 3345 1247 3422 poterant.
1284 3338 1343 3402 lise

176 3447 274 3503 autem
290 3441 364 3503 nihil
378 3442 433 3504 nisi
448 3443 611 3506 humanam
626 3443 749 3507 deorum
773 3445 902 3525 speciem
928 3444 1136 3506 ostendebant:
1160 3459 1341 3524 quamquam

177 3553 214 3614 de
228 3544 283 3608 hac
298 3564 416 3626 quoque
431 3545 576 3627 Epicurus
589 3563 651 3608 non
666 3547 736 3608 satis
756 3546 858 3608 habuit
878 3547 914 3609 ad
936 3548 1096 3628 imaginum
1112 3547 1252 3607 visionem
1269 3562 1342 3626 pro·

176 3664 289 3721 vocare,
304 3649 356 3711 sed
371 3648 458 3710 etiam
473 3650 664 3730 argumentis,
681 3669 735 3711 cur
745 3650 799 3711 alia
813 3650 910 3712 torma
927 3650 955 3713 di
970 3669 1035 3712 esse
1050 3667 1111 3711 non
1125 3657 1256 3729 possent,
1271 3666 1342 3729 pru·

175 3749 245 3811 bare
259 3750 438 3823 studnttttt.
472 3752 604 3834 Corpora
618 3752 682 3836 ipsa
697 3759 813 3825 autern,
838 3754 918 3814 unde
939 3754 1003 3815 ibae
1024 3753 1165 3832 imagines
1180 3753 1342 3822 effluerent,

245 3969 288 4032 28)
306 3970 435 4039 Naparmn
447 3973 536 4025 borum
548 3974 673 4026 librorum
686 3974 852 4043 interpretem
862 3976 888 4027 iu
900 3977 1006 4042 vulgata
1017 3975 1127 4028 lectione
1140 3991 1187 4025 non
1201 3972 1336 4025 offendisse

175 4072 248 4109 aeno
263 4056 413 4109 mirabitur:
434 4060 480 4110 sod
498 4059 633 4131 mirabitur
649 4057 762 4112 fortasse
773 4062 866 4128 aliquis
879 4063 946 4115 bunc
956 4062 1007 4115 sibi
1019 4065 1066 4113 bot
1078 4061 1157 4113 libros
1170 4062 1340 4129 interpretan-

174 4142 220 4197 dos
233 4144 378 4209 sumpsisse·

243 4229 285 4292 24)
305 4227 344 4281 Cf.
367 4229 439 4283 Sext.
460 4228 530 4299 Emp.
553 4231 610 4282 adv.
631 4231 710 4303 Phys.
732 4231 751 4297 1,
763 4235 811 4285 45:
834 4231 864 4284 td
887 4231 919 4286 δὲ
939 4229 1126 4286 didasculum
1143 4231 1194 4285 ada
1211 4229 1342 4284 dodaeui

175 4309 329 4387 ἄφθαρτον
347 4315 393 4366 atui
411 4315 516 4369 τέλειον
528 4311 558 4368 a'v
571 4310 738 4387 εὐδαιμονίᾳ
752 4318 881 4389 παρῆλθε
892 4315 962 4369 κατὰ
975 4315 1026 4385 τὴν
1037 4313 1096 4370 dna
1109 4317 1166 4371 τῶν
1182 4308 1344 4389 ἀνθρώπων

173 4393 340 4466 μετάβασιν.

243 4484 289 4550 Ed)
307 4481 362 4538 cto.
376 4486 400 4537 d.
412 4503 436 4538 a.
449 4487 472 4538 d.
486 4486 510 4553 l,
525 4487 565 4554 ta,
577 4486 611 4541 46
621 4502 674 4557 sqq,
