3284 5152
824 493 974 589 Q

311 695 416 739 muoea
431 695 532 758 praeca
546 686 679 758 votaque,
697 678 803 757 quihus
818 696 886 739 aum
900 678 958 740 iam
973 677 1055 758 prius
1067 676 1254 739 toatnuatn
1265 676 1417 738 invocasse
1432 677 1476 737 ri-

310 781 427 852 dentur,
442 780 494 841 sed
509 788 720 843 contraxerant
734 788 833 841 tamen
847 778 906 841 iam
921 777 1030 858 aliquid
1046 796 1114 841 eum
1130 778 1185 840 deo
1197 777 1377 841 commercii.
1401 776 1475 840 Nam

308 882 351 944 aio
365 880 438 942 haec
452 882 648 943 construenda
664 900 738 955 esee,
754 874 945 960 συμβόλαια
967 871 1015 954 εἷς
1037 876 1147 942 παῖδα
1168 875 1226 940 τόν
1246 873 1321 955 σόν,
1344 896 1420 955 non,
1441 887 1476 941 ut

309 981 444 1044 nonnulli
465 990 620 1063 putarunt,
642 975 690 1057 εἷς
712 978 819 1044 παῖδα
841 977 899 1044 τόν
920 976 979 1045 oda
999 977 1186 1062 peroniaco
1206 976 1372 1061 βελτίονα,
1396 987 1475 1043 recta

307 1083 488 1146 intellectum
503 1092 549 1146 εει
563 1106 579 1147 a
596 1086 744 1166 plerisque
755 1085 928 1157 editoribus,
944 1085 996 1165 qui
1006 1085 1078 1148 haec
1092 1082 1325 1164 interpungendo
1337 1083 1475 1146 seiunxe-

308 1194 388 1249 runt
415 1185 509 1266 Loqui
525 1185 613 1266 igitur
627 1188 736 1250 Creusa
747 1187 839 1249 rideri
854 1195 968 1268 poterat
979 1187 1015 1248 de
1026 1186 1088 1248 auia
1099 1190 1129 1247 et
1139 1185 1231 1249 Xuthi
1243 1184 1379 1266 precibus
1389 1202 1474 1248 com·

309 1287 458 1359 munibus,
475 1296 506 1350 et
519 1289 672 1351 meliorem
687 1307 775 1370 quem
791 1295 876 1351 auter
892 1306 1062 1350 successum
1078 1306 1181 1351 earum
1197 1295 1314 1369 optare:
1330 1294 1419 1368 atque
1432 1288 1475 1350 aio

308 1390 395 1452 rerba
409 1390 472 1452 eiua
487 1410 504 1453 a
519 1390 618 1453 Xutho
634 1398 750 1472 accepta
766 1410 832 1453 esee
847 1391 937 1454 huius
953 1392 1108 1473 responsio
1119 1389 1257 1464 ostendit,
1269 1382 1365 1451 ἔσται
1375 1381 1473 1451 odda:

307 1492 395 1555 tacita
410 1501 510 1554 mente
525 1502 623 1555 autem
639 1493 780 1556 Creusam
794 1494 831 1556 de
848 1500 951 1575 stupro
967 1492 1004 1556 ab
1017 1492 1150 1574 Apolline
1170 1490 1226 1555 eibi
1249 1491 1329 1555 illato
1346 1491 1475 1572 cogitare

308 1593 457 1656 nemiuem
473 1603 608 1657 nostrum
623 1594 717 1670 fallet3
737 1613 835 1676 nequo
851 1596 967 1659 obstrue
981 1595 1115 1658 dicemus
1136 1611 1302 1674 pronomen
1315 1593 1396 1679 νῷν,
1415 1610 1474 1655 uua

308 1696 499 1783 cumdreuea
514 1695 607 1762 etiam>
619 1695 752 1760 Xuthum
767 1698 931 1779 designans.
946 1697 1022 1760 Nam
1033 1698 1167 1778 prolecto
1183 1684 1292 1759 (trauan
1306 1696 1376 1759 illud
1392 1714 1473 1773 συμ-

307 1791 448 1876 βόλαιον
461 1797 539 1859 iuter
553 1817 585 1859 ae
600 1807 631 1861 et
650 1799 816 1880 Apollinem
837 1809 941 1881 stupro
964 1807 1149 1863 contractum
1169 1799 1258 1861 etiem
1278 1798 1315 1861 ad
1334 1799 1473 1862 maritum

308 1915 406 1967 auum,
422 1897 490 1960 licet
504 1898 648 1979 ignarum,
665 1901 813 1982 pertinere
828 1910 928 1963 tamen
943 1920 1004 1963 uon
1015 1900 1201 1965 mediocriter
1211 1901 1365 1964 cemelici:
1377 1919 1474 1982 neque

306 2010 340 2062 ut
354 2000 489 2073 arbitror,
505 2001 619 2064 iniuria.
650 2002 764 2065 Erravit
779 2020 955 2085 magnopere
971 2003 1167 2085 liutprandus,
1190 2022 1282 2083 quum
1297 2002 1474 2085 pronomine

307 2101 365 2164 ieto
376 2100 516 2165 &eutem
527 2113 557 2165 et
568 2103 711 2167 Latonam
726 2105 881 2186 significari
896 2106 990 2168 vellet.
1018 2105 1094 2179 Ouid
1107 2106 1186 2168 enim
1199 2105 1245 2167 hia
1260 2105 1374 2170 duabus
1390 2124 1474 2169 com·

306 2222 397 2268 mune
411 2224 480 2287 erga
495 2206 659 2286 Apollinem
674 2207 764 2271 luisse
780 2208 922 2281 dicemus,
939 2208 1017 2288 quod
1033 2225 1113 2270 nuuc
1127 2208 1237 2270 Creusa
1249 2207 1280 2271 in
1289 2209 1395 2271 meliue
1405 2226 1475 2271 mu-

252 2316 255 2320 “
307 2307 361 2371 tari
379 2306 520 2389 optaret?
535 2308 595 2372 Nec
610 2309 708 2373 miuus
724 2329 860 2391 perrona
875 2318 921 2371 ast
932 2310 1073 2373 Badhami
1087 2310 1303 2392 interpretatio,
1321 2310 1373 2390 qui
1387 2328 1474 2393 pror·

308 2428 360 2473 rua
375 2418 478 2473 contra
494 2410 633 2475 disertam
647 2412 772 2475 Creusae
788 2413 953 2476 orationem
968 2430 1029 2478 nou
1045 2413 1195 2495 Latonam
1207 2413 1244 2477 rb
1262 2430 1298 2475 ea
1318 2412 1369 2474 sed
1383 2411 1474 2494 Apol-

310 2511 402 2575 linem
416 2513 543 2576 iurocari
558 2515 631 2589 ruit,
648 2522 680 2578 ut
694 2515 760 2598 ειβν
774 2515 813 2577 sit
828 2514 918 2578 milii
932 2516 1090 2596 tibique,
1106 2524 1135 2577 et
1151 2511 1258 2578 παῖδα
1274 2507 1335 2577 σόν
1348 2512 1474 2578 lilium

310 2633 417 2696 quem
433 2615 504 2677 tibi
519 2616 656 2697 peperi
687 2617 818 2698 denique
834 2618 950 2681 Heathii
971 2626 1192 2692 commentum,
1214 2617 1265 2700 qui
1283 2610 1475 2696 συμβόλαια

309 2707 358 2791 εἰς
380 2714 489 2779 maida
509 2714 567 2779 erla
588 2711 648 2780 σόν
660 2720 698 2782 de
712 2718 874 2802 Trophonii
888 2738 1041 2802 responso,
1058 2739 1117 2801 quo
1129 2721 1247 2784 liuthue
1261 2721 1297 2782 ad
1309 2719 1474 2801 Apollinem

309 2818 451 2882 remissus
465 2821 513 2889 rit.
529 2821 621 2903 accipi
635 2822 736 2894 voluit,
752 2822 872 2885 refutari
888 2822 933 2885 aix
948 2824 1106 2905 quiequam
1121 2822 1287 2903 postulabit
1303 2852 1346 2870 -
1360 2823 1402 2884 lle
1415 2841 1475 2901 με·

309 2915 452 2985 romeam
464 2920 625 3003 βελτίονα,
641 2925 671 2986 in
681 2943 743 3005 quo
759 2919 991 3009 πραληιιιιιιόι
1002 2945 1026 2987 ε.
1038 2924 1229 3006 anticipatum
1239 2923 1373 2987 adiectiri
1384 2941 1473 2986 uaum

313 3040 404 3087 nemo
418 3041 479 3086 uon
493 3025 632 3106 agnoscit,
648 3025 704 3089 dici
720 3044 780 3090 non
796 3046 871 3109 opus
883 3032 938 3090 eet.

395 3126 589 3207 interroganti
604 3136 703 3190 autem
719 3127 828 3201 Xutho,
844 3149 870 3191 r.
886 3130 965 3192 427:

716 3222 800 3291 ἀλλὰ
821 3230 871 3305 τίς
893 3224 1100 3315 προφητεύει
1118 3230 1223 3303 deod,-

315 3348 407 3411 quum
424 3330 477 3391 lou
492 3332 670 3412 respondeat

508 3424 601 3516 ἡμεῖς
623 3427 666 3496 roi
688 3425 715 3512 γ’
738 3426 812 3511 ἔξω,
835 3436 899 3497 cola
922 3428 987 3498 ἔσω
1011 3427 1040 3496 d‘
1063 3425 1180 3511 ἄλλοις
1200 3429 1302 3514 μέλει,

307 3540 428 3615 apparet
443 3528 664 3618 προφητεύειν
685 3535 714 3597 h.
731 3536 749 3599 l.
771 3553 833 3598 non
852 3536 888 3598 de
908 3539 1080 3619 promendis
1106 3538 1247 3601 vaticiniis
1270 3536 1472 3619 accipiendum

306 3654 387 3708 eoae,
403 3635 432 3697 id
448 3637 526 3716 quod
541 3637 579 3699 ab
593 3638 673 3701 lonie
694 3638 937 3701 cilicio-alienum
962 3647 1040 3713 erat,
1064 3640 1117 3703 aed
1136 3640 1292 3721 significari
1311 3640 1362 3703 illo
1382 3639 1473 3703 verto

306 3738 393 3799 emm
409 3738 521 3801 monita
536 3758 570 3801 ac
584 3746 737 3820 praecepta
752 3758 768 3802 a
785 3740 886 3822 templi
903 3742 1044 3805 ministris
1059 3742 1144 3813 edita,
1160 3742 1292 3823 quiquid
1304 3742 1471 3806 laciendum

306 3847 385 3902 esset
400 3841 617 3904 consultoribus
631 3849 699 3904 aute
710 3858 800 3922 quam
811 3843 1039 3906 admitterentur
1049 3854 1326 3925 pmemousrrareut.
1343 3844 1386 3907 ur.
1398 3862 1475 3927 quae

306 3940 434 4004 diximus
455 3942 492 4005 ad
510 3945 658 4006 canticum
683 3945 813 4025 primum
832 3965 862 4027 p.
883 3946 933 4007 64.
961 3947 1001 4008 lie
1022 3939 1103 4019 ἔσω,
1124 3946 1175 4009 ubi
1194 3941 1287 4010 tueor
1308 3947 1407 4029 potiua
1427 3946 1474 4009 di·

306 4043 433 4105 cendum
446 4045 538 4107 iuirao
554 4045 692 4119 rideatur,
708 4056 825 4127 praeter
839 4048 1018 4111 Lobcclriurn
1033 4048 1071 4111 ad
1085 4049 1194 4131 Phryu.
1211 4066 1239 4132 p.
1258 4049 1318 4112 128
1333 4057 1364 4110 et
1379 4048 1473 4111 Letu-

307 4145 386 4208 aium
402 4146 438 4207 de
459 4147 617 4209 Arietarola.
632 4148 710 4212 stud.
725 4149 812 4211 ilom.
829 4168 856 4231 p.
874 4152 1008 4213 illinon
1022 4152 1126 4214 inutile
1139 4152 1229 4213 fuerit
1251 4152 1340 4215 etiam
1359 4151 1473 4232 lli-iige-

307 4265 374 4311 mm
389 4248 490 4311 audire
505 4249 542 4311 de
556 4251 727 4313 attractione
742 4252 760 4315 l
775 4251 825 4314 lat.
851 4270 879 4334 p.
892 4252 970 4328 309,
991 4254 1037 4316 eui
1060 4272 1134 4334 quae
1154 4261 1347 4336 opponuntur
1365 4253 1402 4315 alt
1423 4253 1474 4316 ui-

307 4351 415 4414 lendtio
430 4348 498 4413 lex.
515 4352 607 4433 Sept.
623 4352 679 4434 lp.
697 4355 775 4428 tlt,
799 4372 861 4416 non
880 4356 979 4418 omnia
999 4363 1078 4418 certe
1098 4354 1170 4419 aetia
1190 4355 1283 4419 relide
1300 4363 1380 4418 eunt
1409 4355 1475 4419 iioc

306 4452 427 4532 quidem
441 4452 506 4516 loco
521 4468 582 4516 non
595 4454 695 4536 inepte
708 4456 837 4536 aliquam
856 4457 1061 4520 aoneuooam
1081 4457 1203 4521 eubeeea
1223 4456 1345 4534 (linaria,
1364 4464 1400 4521 ut
1419 4458 1473 4521 de-
