3266 5140
711 496 773 557 439

640 584 713 591 -——-
768 584 815 592 0...-
827 586 839 592 -

160 685 236 745 sicut
250 683 279 744 in
296 683 358 744 aliis
373 682 470 755 rebus,
485 683 528 744 sic
542 682 630 743 etiam
646 683 676 741 in
691 679 881 760 religionibus
896 674 1089 765 φιλοξένους
1108 681 1199 743 inisse
1212 684 1320 746 multa·

160 804 217 867 que
232 785 385 865 peregrina
401 801 483 846 sacra
498 782 657 844 adscivisse
672 782 720 855 ait,
736 782 765 842 id
780 800 871 862 quum
886 782 1038 844 verissime
1052 784 1163 845 dictum
1178 804 1319 849 essenon

159 888 260 968 paueh
275 887 414 967 exemplis
430 894 460 947 et
474 886 655 947 comicorum
671 892 823 965 poetarum
843 886 986 967 frequenti
1006 885 1142 947 irrisione
1161 888 1232 950 satis
1247 908 1319 951 con-

159 991 286 1066 stet²³),
301 990 524 1069 haudquaquam
539 996 635 1049 nmen
651 988 694 1048 sic
709 986 908 1067 accipiendum
925 996 979 1062 est,
995 989 1077 1068 quasi
1093 1006 1199 1051 omnes
1212 991 1260 1052 isti
1276 991 1316 1054 dii

161 1093 263 1164 eumn,
284 1109 359 1173 quos
375 1090 486 1171 passim
501 1109 518 1151 a
533 1089 633 1151 multis
652 1088 747 1150 cultos
762 1107 828 1151 esse
843 1090 990 1164 videmus,
1010 1090 1096 1152 etiam
1117 1091 1219 1172 populi
1240 1092 1320 1154 scitis

160 1195 189 1255 in
205 1194 347 1257 numum
367 1192 452 1273 quasi
471 1191 579 1271 recepti
595 1192 702 1253 fuerim
716 1190 908 1272 publicosque
927 1192 1056 1253 honores
1070 1195 1243 1272 acceperint
1288 1195 1320 1257 ld

161 1298 240 1358 enim
255 1295 410 1377 perpaucis
426 1293 556 1373 ecnugit,
571 1300 600 1354 et
615 1294 738 1354 florente
752 1291 870 1373 quidem
884 1294 1044 1373 republica
1063 1294 1110 1355 rix
1124 1296 1173 1357 udi
1189 1304 1319 1377 praeter·

161 1419 247 1480 quam
262 1398 398 1471 Bendidi,
412 1406 441 1459 at
455 1396 589 1464 fortassis
609 1395 695 1458 odam
715 1394 855 1476 Aegyptio
876 1395 1024 1458 Ammoni.
1054 1395 1137 1459 Certa
1151 1400 1188 1460 ol.
1204 1398 1276 1473 cxi,
1291 1401 1320 1473 4,

159 1522 184 1563 a.
200 1502 266 1563 Chr.
284 1500 354 1571 333,
365 1500 435 1562 huic
449 1499 504 1560 deo
520 1516 601 1560 sacra
616 1516 633 1559 a
649 1498 782 1577 strategis
797 1497 839 1558 rei
854 1497 987 1577 publicae
1004 1499 1126 1561 nomine
1140 1510 1319 1581 sumptuque

160 1604 275 1684 publico
296 1604 368 1665 iacta
389 1620 455 1664 esse
472 1609 554 1662 retus
574 1600 727 1680 inscriptio
747 1600 905 1680 docetitt,
926 1601 1096 1682 videturque
1110 1601 1198 1664 etiam
1212 1604 1319 1665 testum

161 1706 225 1767 eius
240 1703 361 1766 Athenis
377 1703 481 1765 tuisse:
502 1720 679 1783 quamquam
698 1703 734 1763 de
749 1703 807 1765 hoc
820 1722 914 1766 unum
933 1705 1024 1766 modo
1041 1704 1242 1768 testimouium
1257 1724 1318 1767 non

159 1809 230 1870 satis
246 1807 387 1869 disertum
402 1808 553 1881 ertat²³),
567 1823 662 1885 neque
681 1825 740 1885 quo
755 1815 890 1887 tempore
906 1807 935 1867 id
952 1807 1118 1868 institutum
1133 1807 1172 1870 sit
1186 1809 1314 1889 indagari
1337 1823 1366 1873 tr

160 1918 268 1990 potest.
284 1944 325 1954 —
341 1907 566 1982 Quodammodo
582 1916 679 1970 autem
693 1907 723 1968 in
739 1909 900 1987 peregrinis
920 1908 976 1970 diis
991 1908 1077 1971 etiarn
1093 1909 1154 1972 Pan
1170 1912 1319 1975 numerari

161 2019 269 2091 potest,
284 2028 345 2072 non
361 2010 407 2071 ilie
421 2009 537 2089 quidem
553 2008 707 2081 barbarus,
726 2027 910 2089 nequaquam
929 2019 1027 2074 taram
1046 2021 1165 2075 cunctae
1185 2014 1320 2076 Graeciae

159 2112 342 2185 communis,
364 2111 415 2174 sed
437 2111 473 2172 ah
495 2110 592 2184 initio,
614 2118 755 2191 quantum
776 2112 893 2191 quidem
909 2113 1052 2176 conticere
1066 2113 1141 2186 licet,
1158 2115 1318 2177 Arcadibus

159 2215 307 2297 proprius.
336 2214 378 2277 [te
397 2214 484 2275 huius
505 2212 583 2276 cuitu
603 2212 722 2293 publico
742 2213 864 2276 Athenis
880 2227 1017 2296 suscepto
1032 2223 1103 2277 nota
1117 2225 1162 2277 ast
1176 2216 1318 2278 Herodoti

162 2317 304 2391 narratio,
319 2317 369 2389 Vi,
388 2318 461 2378 105:
477 2316 552 2377 helio
569 2316 686 2378 Persico
703 2315 812 2396 primo,
832 2335 922 2396 quum
943 2317 1147 2400 Phidippidem
1164 2338 1317 2381 cursorem

159 2419 350 2483 Athenienses
371 2418 507 2499 Spartam
522 2417 673 2480 misissent
693 2418 796 2480 auxilia
816 2420 1040 2492 arcessituram,
1060 2421 1129 2482 huic
1147 2422 1177 2483 in
1196 2422 1318 2484 Arcadia

159 2523 194 2585 ad
209 2529 342 2584 montem
357 2520 549 2582 Parthenium
564 2539 658 2601 prope
673 2521 798 2600 Tegeam
812 2521 921 2583 Panem
937 2542 969 2584 se
980 2522 1123 2585 obtulisse
1134 2523 1219 2604 eique
1233 2542 1317 2586 man·

159 2626 245 2687 dasse
259 2635 292 2687 ut
305 2623 485 2685 renuntiaret
500 2622 734 2697 Atheniensibus,
749 2623 848 2685 mirari
864 2642 909 2699 se,
925 2626 1005 2705 quod
1021 2643 1125 2705 parum
1141 2624 1187 2686 sui
1203 2644 1318 2688 memo·

160 2747 208 2790 res
223 2734 331 2800 essent,
346 2725 479 2806 quamvis
492 2725 574 2787 ralde
588 2725 623 2787 iis
640 2728 746 2788 faveret
760 2743 815 2787 nec
829 2744 921 2805 pauca
936 2727 1043 2790 iaroris
1058 2729 1232 2789 documenta
1247 2746 1317 2807 par-

157 2831 209 2893 tim
229 2831 287 2891 iam
307 2828 460 2901 edidisset,
475 2827 581 2908 partim
598 2847 667 2889 mox
682 2829 813 2890 editurus
828 2840 916 2891 esset.
947 2830 1029 2892 Hanc
1043 2830 1082 2891 ob
1097 2847 1224 2902 causam,
1239 2829 1320 2891 addit

158 2931 335 3004 herodotus,
351 2930 426 2992 hailo
442 2929 561 2990 feliciter
575 2931 717 3003 coniecto,
733 2948 823 3011 quum
838 2948 905 2992 rere
920 2931 1123 3013 Phidippidem
1136 2932 1318 2995 renuntiasse

167 3103 464 3115 ..vm-w

157 3237 211 3290 yoo
225 3216 310 3285 βουλὴ
322 3215 455 3277 ἐδίκαζεν.
481 3215 534 3267 Non
545 3215 610 3266 onim
619 3211 679 3287 ἱερά
699 3214 861 3279 intattigenda
872 3224 931 3268 sunt
940 3217 1114 3286 Areopagiquc
1125 3219 1156 3271 do
1169 3218 1206 3269 his
1218 3218 1317 3282 indicia,

161 3306 206 3356 sad
219 3312 279 3355 snat
291 3301 411 3355 irridere
423 3301 527 3369 quaevis
539 3316 669 3351 causarum
681 3315 784 3364 genera,
797 3301 828 3350 de
840 3301 928 3367 quihus
940 3303 1056 3353 indicium
1068 3303 1227 3371 Areopagitia
1244 3311 1318 3354 extra

159 3391 270 3441 ordinem
282 3388 435 3457 populiinssi
444 3387 614 3437 mundabatur.
627 3384 706 3435 Nede
717 3386 812 3456 γραφῇ
821 3380 948 3453 ἀσεβείας
958 3389 1054 3454 quidam
1065 3405 1110 3455 pro
1122 3388 1318 3440 eertoaiiirmari

161 3482 245 3543 potest
257 3491 310 3525 earn
323 3473 464 3536 legitime
477 3473 507 3522 ad
520 3474 677 3537 Areopagum
689 3471 849 3537 pertinuisse.
868 3472 933 3535 (vid.
947 3471 975 3521 C.
987 3471 1018 3522 F.
1031 3472 1164 3524 Hermann.
1177 3475 1208 3524 da
1221 3475 1318 3525 theoria

161 3559 275 3623 Deliaca,
289 3560 315 3611 in
333 3559 447 3610 Proocm.
461 3557 531 3609 Gott.
545 3556 623 3608 schol.
641 3572 698 3607 ana.
718 3554 844 3618 tetoldi.)
862 3572 908 3607 nac
920 3558 951 3607 da
963 3556 1041 3608 Paulo
1053 3560 1169 3625 apostolo
1180 3559 1247 3609 aiind
1260 3561 1318 3626 qnid

163 3645 274 3695 reiortnr
286 3645 310 3694 iu
327 3644 383 3694 Act.
395 3658 435 3709 ap.
449 3640 532 3707 xvu,
548 3641 578 3692 ts
589 3657 652 3708 sqq,
670 3656 743 3707 quam
759 3641 891 3692 deductum
908 3657 965 3692 csse
979 3643 1003 3693 iu
1016 3642 1184 3710 Areopagum,
1196 3653 1225 3697 at
1236 3646 1318 3712 expli-

160 3736 243 3791 caret,
261 3744 382 3794 quaenam
400 3734 470 3778 essot
486 3743 551 3777 nova
569 3742 613 3777 sna
629 3727 750 3777 doctrina.
775 3725 811 3777 Do
828 3727 988 3778 arcuatione
1001 3734 1028 3779 ot
1042 3729 1133 3779 iudicio
1147 3730 1206 3781 nihii
1220 3730 1318 3795 dicitur,

161 3815 206 3864 sed
220 3820 316 3864 tantum
328 3813 429 3863 irrisum
444 3827 459 3863 a
477 3812 561 3862 inuitis
579 3827 634 3862 enm
646 3813 750 3877 ahiissc,
768 3811 900 3864 nonnullos
917 3820 1013 3877 autern,
1030 3815 1054 3865 iu
1072 3814 1160 3881 quihus
1173 3815 1318 3884 Dionysium

160 3900 263 3965 eiusque
276 3913 380 3948 uxorein
392 3897 517 3960 Denaris,
530 3897 615 3948 vorbis
626 3899 681 3949 sins
694 3899 767 3951 iidem
779 3899 933 3949 adiunxisse.

228 3999 270 4064 23)
296 3999 352 4051 Vid.
365 3996 411 4049 Ta.
425 3997 514 4062 Bergk.
528 3998 559 4048 da
573 3998 643 4065 rciiq.
654 4015 715 4050 corn.
727 4001 780 4051 Att.
793 4017 817 4067 p.
829 4000 885 4051 109.

228 4100 271 4163 24)
290 4100 317 4152 (A
329 4099 348 4151 Ι.
361 4100 406 4151 Gr.
420 4117 459 4150 ao.
471 4100 527 4151 1⁵7.
541 4099 572 4149 ei.
586 4100 691 4151 Boeekh.
704 4103 735 4152 de
747 4118 801 4154 oae.
814 4103 880 4170 pubi.
893 4104 952 4155 Ath.
961 4102 983 4156 ll
995 4121 1019 4171 p.
1032 4104 1089 4155 132.

225 4202 272 4283 ⁴25)
292 4203 364 4269 Apud
376 4202 484 4270 Hesych.
498 4218 518 4252 a.
531 4219 555 4252 r.
568 4196 689 4272 Ἄμμων,
701 4205 732 4254 da
743 4218 791 4271 qno
802 4205 852 4255 vid.
865 4205 973 4257 Bocckh.
987 4208 1004 4258 Ι.
1018 4209 1033 4259 Ι.
1045 4225 1069 4276 p.
1081 4208 1137 4259 133.
1149 4236 1184 4248 -
1195 4208 1232 4260 Da
1245 4208 1318 4272 iside,

161 4288 241 4349 Osiri,
260 4285 391 4354 Nephthpc
408 4289 473 4355 apud
484 4288 576 4341 Athen.
590 4287 665 4338 critis
679 4288 821 4340 testimonia
832 4291 914 4342 omnia
926 4294 1075 4344 recentioris
1087 4294 1180 4345 aeuus
1193 4302 1259 4360 sunt,
1272 4312 1318 4346 aec

162 4373 249 4437 liquet,
261 4372 414 4438 privatimne
426 4387 457 4422 aa
470 4372 568 4439 publice
580 4372 642 4422 caiti
654 4374 712 4422 sint.
