3290 5142
680 471 831 570 js—

174 663 263 733 eevte,
279 674 435 723 οοιιοεεεοε
449 660 623 724 ostendunt:
637 679 726 740 qnam
738 678 839 725 rerum
850 661 1073 726 conversionem
1083 679 1146 727 non
1156 664 1220 728 sine
1230 664 1332 731 inultis

175 762 349 843 magnisque
363 763 573 827 certaminibus
587 764 663 826 effici
677 765 809 846 potuisse
824 764 961 829 credibile
975 772 1028 827 est.
1058 764 1126 828 Non
1138 766 1332 833 dubitandum

173 863 276 945 igitur,
296 865 370 947 quin
387 885 441 946 per
458 867 532 930 lineo
552 867 712 931 conamina
727 868 813 930 multi
828 867 920 950 plebis
935 868 1092 931 adversarii
1106 874 1157 932 aut
1169 870 1226 951 ipsi
1240 889 1333 934 nova-

172 984 240 1029 rum
260 985 362 1030 rerum
381 968 478 1031 taedio
497 970 595 1033 solum
613 970 756 1033 verterint
774 978 826 1034 aut
845 957 1042 1035 avietoribus
1062 971 1176 1052 expulsi
1195 971 1264 1035 sint.
1293 974 1333 1035 Et

172 1068 335 1150 Theognidi
353 1070 479 1151 quidem·
491 1072 569 1134 liano
587 1090 689 1135 rerum
708 1073 931 1137 conversionem
945 1091 1135 1156 summopere
1150 1074 1332 1157 displicuisse

173 1189 267 1253 quum
285 1172 332 1234 elii
352 1171 408 1236 loei
422 1174 589 1255 complures
604 1182 669 1238 tum
684 1175 813 1239 maxime
827 1193 928 1239 versus
944 1174 1082 1238 53-58
1096 1182 1127 1238 et
1144 1177 1330 1241 1111-12.

172 1273 392 1338 demonstrent:

271 1370 388 1462 Κύρνε,
411 1371 512 1454 πόλις
532 1372 594 1460 μὲν
615 1372 673 1444 ἔθ’
695 1371 758 1464 ἥδε
778 1372 889 1455 πόλις,
910 1373 987 1443 λαοὶ
1009 1373 1047 1444 δὲ
1069 1375 1109 1462 δὴ
1133 1369 1240 1447 ἀλλον.

356 1470 395 1544 οῗ
414 1472 552 1565 πρόσθ’Ι
570 1472 645 1547 ἀν’τε
668 1479 762 1557 δίκας
782 1472 906 1568 ᾔδεσαν
927 1472 1004 1546 clive
1024 1474 1152 1564 νόμους,
1192 1562 1197 1567 ¹

273 1571 348 1644 ἀλλ’
370 1574 459 1667 ἀμφὶ
480 1579 644 1668 πλευρῇσι
667 1579 769 1666 δοράς
791 1574 893 1666 αἰγῶν
913 1578 1116 1668 κατέτριβον,

358 1673 423 1760 ἔξω
444 1674 478 1744 δ’
500 1676 581 1746 ὥστ’
603 1678 726 1770 ἔλαφοι
746 1676 844 1769 τῆσδ’
866 1678 1017 1768 ἐνέμοντο
1038 1679 1172 1762 πόλεος,

266 1781 318 1850 τοὶ
338 1781 393 1848 νῦν
414 1775 482 1849 e'e‘c'
504 1776 639 1867 ἀγαθαί,
661 1780 874 1871 Πολυπαΐδη,
898 1780 933 1851 οἱ
954 1783 993 1853 δὲ
1013 1783 1094 1872 πρὶν
1115 1781 1238 1853 laotos·

355 1884 412 1953 νῦν
434 1882 552 1952 δειλοί·
575 1889 624 1965 τίς
645 1909 700 1953 κεν
721 1881 816 1952 ταῦτ’
838 1880 984 1968 ἀνέχοιτ’
1006 1883 1139 1972 ἐσορῶν,

270 1985 347 2067 τοδς
367 1983 521 2072 ἀγαθοδς
540 1987 600 2071 μὲν
620 1982 845 2076 ἀτιμοτέρους,
867 1992 1002 2066 κακίους
1025 1987 1062 2055 δι’
1081 1984 1241 2072 λαχόντας

357 2090 469 2179 τιμῆςς
490 2087 662 2178 μνηστεάει
684 2086 717 2155 δ’
740 2088 778 2180 ἐν
799 2091 904 2157 κακοῦ
924 2087 1048 2169 ἐσθλὸς
1070 2086 1160 2179 ἀνήρ.

169 2194 299 2278 Apparet
317 2196 394 2259 enim
415 2196 532 2279 plebem
550 2196 697 2276 designari
716 2197 872 2269 rusticam,
893 2215 968 2279 quae
989 2215 1082 2279 quum
1098 2204 1184 2263 antea
1198 2198 1230 2261 in
1243 2201 1330 2281 agris,

170 2298 291 2362 scorteis
310 2299 428 2375 vestita,
454 2300 491 2363 ab
510 2299 584 2362 urbe
603 2299 787 2380 negotiisque
804 2299 943 2381 pviblicis,
968 2300 1032 2363 iure
1053 2300 1196 2377 dicundo,
1217 2302 1328 2384 legibus

169 2400 328 2464 sciscendis
342 2401 427 2482 longe
441 2409 555 2465 remota
569 2400 690 2479 inisset,
705 2420 785 2467 nuno
798 2421 947 2466 summam
962 2403 1040 2466 inre
1054 2403 1170 2485 publiea
1184 2405 1329 2485 dignatio-

169 2519 241 2565 nem
258 2504 314 2566 sibi
333 2510 463 2586 arroget,
485 2505 515 2566 in
534 2503 668 2567 ordinem
689 2504 797 2567 coactis
817 2511 848 2568 et
868 2506 1097 2588 circumscriptis
1116 2506 1278 2582 nobilibus,
1298 2508 1329 2570 in

82 2599 84 2603 ’
169 2605 352 2686 erubuerint
366 2606 417 2686 qui
430 2623 469 2669 ns
483 2606 629 2669 connubia
643 2607 763 2686 quidem
777 2625 847 2670 euin
861 2608 935 2683 istis,
950 2608 1080 2672 simodo
1095 2610 1247 2691 pecuniosi
1258 2611 1327 2686 sint,

170 2708 343 2771 conuehere
362 2708 564 2790 dedignentur.
593 2708 707 2771 Eodem
721 2709 871 2790 pertinent
883 2710 915 2772 hi
929 2730 1046 2786 versus,
1068 2731 1143 2792 quos
1156 2712 1187 2774 in
1201 2730 1328 2793 gnomo-

169 2809 245 2891 logir
260 2809 449 2892 Xenophonti
463 2816 533 2874 nota
546 2811 659 2891 primos
673 2812 765 2875 fuisse
778 2811 837 2874 iem
852 2830 942 2893 supra
956 2815 1264 2890 commemoravimus,

270 2908 397 2997 Κριοδς
416 2908 476 2994 μὲν
496 2909 553 2977 καὶ
575 2904 669 2988 ἀνους
691 2906 867 2997 διζήμεθα,
890 2907 1007 3000 Κύρνε,
1030 2911 1086 2979 καὶ
1108 2911 1238 2992 ἵππους

354 3006 509 3097 εάγενέας,
531 3007 590 3078 καί
610 3034 663 3090 τις
683 3009 842 3097 βούλεται
864 3010 902 3094 ἐξ
921 3008 1059 3099 ἀγαθῶν

267 3109 455 3200 ντήσαθαι·
478 3116 593 3198 γαμεῖν
615 3112 653 3180 δὲ
673 3112 778 3201 κακήν
797 3114 901 3182 κακοῦ
922 3110 963 3183 ori
983 3116 1169 3200 μελεδαίνει

353 3213 477 3294 ἐσθλὸς
497 3210 587 3304 ἀνήρ,
610 3209 652 3304 ἤν
673 3209 707 3281 οἱ
726 3213 878 3304 χρήματα
899 3216 1009 3285 πολλά
1033 3219 1130 3307 διδῷ,

269 3312 348 3385 οὐδὲ
369 3318 444 3406 γυνὴ
466 3318 569 3386 κακοῦ
589 3313 709 3406 ἀνδρδς
729 3313 898 3387 ἀναίνεται
920 3309 1006 3388 εἶναι
1029 3313 1159 3401 ἄκοιτις

353 3416 527 3498 πλουσίου,
551 3414 625 3487 ἀλλ’
646 3414 768 3510 ἀφνοδν
789 3418 946 3506 βούλεται
967 3417 1040 3489 ἀντ’
1062 3417 1204 3510 ἀγαθοῦ.

267 3518 417 3611 χρήματα
438 3521 500 3616 γάρ
521 3523 653 3606 τιμῶσι,
674 3520 732 3589 καὶ
752 3518 788 3593 ἐκ
810 3529 915 3591 κακοῦ
937 3520 1061 3604 ἐσθλὸς
1082 3521 1192 3613 ἔγημε,

352 3624 410 3692 καὶ
430 3624 533 3704 κακδς
553 3622 591 3705 ἐξ
611 3619 752 3710 ἀγαθοῦ,
796 3625 940 3705 πλοῦτος
961 3622 1054 3710 ἔμιξε
1075 3624 1240 3713 perculi).

166 3730 270 3813 Ipsum
283 3737 383 3797 autem
402 3731 618 3813 Theognidem
644 3731 730 3806 olim,
756 3730 781 3794 si
801 3732 899 3795 minus
921 3732 1025 3815 opibus
1040 3733 1226 3805 affluentem,
1245 3740 1325 3796 certe

166 3842 267 3898 tamen
292 3851 353 3898 non
373 3840 498 3916 angusta
518 3853 551 3897 re
572 3834 709 3897 familiari
728 3834 922 3908 instructum,
949 3841 1017 3917 post
1036 3836 1116 3898 ibam
1135 3822 1324 3917 reipublicae

167 3939 390 4002 conversionem
408 3939 445 4001 sd
465 3956 614 4002 summanr
633 3944 839 4019 paupertatem
861 3939 1016 4001 redactum
1028 3939 1121 4002 fnisse
1136 3938 1246 4002 multae
1261 3938 1324 4002 eius

166 4041 302 4123 querelae
321 4041 496 4115 ostendunt,
515 4058 641 4122 querum
660 4039 819 4103 nonnullae
838 4040 927 4103 etiam
948 4060 1068 4106 ειυεειιι
1088 4040 1176 4105 buius
1194 4059 1324 4123 pauper·

165 4144 249 4219 tatis,
269 4161 451 4226 quamquam
471 4142 641 4216 obscurius,
661 4142 799 4206 indicent.
828 4142 904 4206 Nam
923 4142 960 4206 alr
980 4144 1153 4208 adversariis
1173 4142 1251 4207 bona
1272 4162 1325 4227 per

237 4381 277 4443 12)
296 4380 418 4435 Consulto
430 4380 644 4450 praetermisimus
656 4395 713 4431 enm
723 4379 818 4444 locum,
830 4381 874 4448 qni
884 4387 923 4433 est
934 4395 960 4433 v.
973 4381 1118 4448 cot-oss,
1130 4396 1202 4450 quein
1214 4397 1323 4450 nuperus

166 4465 250 4518 editor
262 4466 406 4533 Ηιοιιιιιςοε
418 4484 467 4519 non
479 4468 534 4520 sine
546 4480 623 4519 εεοεε
634 4480 650 4517 ε
661 4464 807 4531 Τλεοςοίδε
818 4465 976 4518 thiodem
987 4467 1097 4523 videtur.

208 4548 256 4613 lv.
1102 4549 1122 4613 3
