3266 5140
317 1497 377 1587 ut
401 1495 694 1591 ‘ttrtssttul
727 1496 757 1589 h
790 1497 1078 1591 SAPlEllllBUS
1109 1497 1167 1588 ltu
1198 1495 1398 1589 tttsstttu.

247 1807 262 1856 3
370 1778 595 1859 Nobilissimum
616 1804 661 1858 cst
682 1796 953 1877 decantatumquea
975 1795 1073 1858 multis
1094 1795 1204 1857 dictum
1220 1796 1360 1871 Platonis,
1376 1816 1437 1858 non

280 1900 362 1979 prius
377 1899 476 1960 beatas
492 1900 555 1960 lore
571 1898 717 1971 civitates,
740 1918 828 1978 quam
843 1898 1014 1978 gubernatio
1029 1917 1128 1959 rerum
1144 1898 1323 1978 publicarum
1340 1900 1437 1980 philo-

281 2001 384 2082 sophis
410 2000 515 2063 tradita
540 2001 641 2062 luerit:
674 2000 756 2062 cuius
779 2001 847 2062 dicti
870 2001 1013 2062 sententia
1034 2019 1072 2062 ne
1092 2019 1247 2081 perperam
1270 2001 1438 2082 accipiatur,

281 2121 426 2183 quosnam
448 2102 495 2164 ille
517 2102 712 2183 philosophos
736 2102 813 2165 dicat
831 2104 1028 2183 reputandum
1048 2112 1102 2165 est
1145 2103 1255 2185 Nempe
1275 2122 1336 2164 non
1355 2104 1437 2177 tales,

281 2204 380 2286 apodes
395 2225 461 2267 osse
475 2205 605 2285 plerique
619 2222 723 2266 eorum
739 2205 843 2278 solent,
858 2205 909 2284 qui
923 2205 993 2267 illud
1007 2224 1118 2268 nomen
1132 2214 1183 2268 aut
1195 2206 1252 2288 ipsi
1268 2205 1323 2267 sibi
1338 2206 1437 2286 impo-

280 2315 355 2368 nunt
376 2316 426 2368 aut
446 2306 618 2387 impositum
640 2306 676 2369 ab
698 2306 840 2387 imperitis
859 2316 979 2387 gerunt,
999 2342 1041 2352 -—
1067 2326 1194 2389 quorum
1210 2309 1314 2370 merito
1331 2310 1438 2371 lactum

281 2419 339 2483 est,
363 2410 408 2470 vix
430 2417 463 2471 ut
485 2410 644 2489 quidquam
666 2408 753 2470 bodie
769 2409 851 2471 vilius
867 2418 918 2471 aut
931 2411 1128 2491 contemptius
1145 2411 1184 2472 sit
1196 2410 1366 2490 philosophi
1381 2429 1438 2471 no-

281 2511 369 2584 mine,
385 2547 422 2556 -
437 2512 489 2573 sed
504 2510 709 2573 tantummodo
724 2509 803 2571 viros
819 2529 885 2572 rere
899 2511 1043 2591 sapientes
1059 2519 1109 2573 aut
1123 2511 1273 2573 studiosos
1290 2521 1368 2574 oerte
1386 2532 1437 2574 ve-

281 2631 329 2673 rae
343 2613 514 2693 sapientiae,
530 2613 559 2673 h.
575 2632 601 2673 e.
617 2612 686 2674 recti
701 2612 875 2692 honestique
890 2622 1029 2688 amantes,
1044 2613 1079 2675 ab
1094 2614 1176 2675 omni
1191 2614 1293 2676 fraude
1307 2635 1342 2677 ac
1356 2615 1438 2677 vani-

282 2722 347 2789 tate,
362 2734 378 2777 a
391 2715 571 2795 turpitudine
587 2723 617 2777 et
629 2715 790 2779 temeritate
801 2714 1001 2790 abhorrentes,
1012 2715 1117 2788 iustos,
1129 2723 1336 2795 temperantes,
1348 2717 1438 2778 sortes

281 2825 368 2897 atque
393 2817 567 2896 prudentes,
594 2818 692 2897 quales
714 2817 765 2879 riri
793 2837 883 2898 quum
910 2825 1050 2897 praesunt
1072 2816 1248 2891 civitatibus,
1275 2826 1346 2879 tunc
1369 2817 1439 2879 illud

283 2937 373 2981 unum
397 2918 684 2999 praestantissimum
710 2939 802 3001 genus
828 2920 1023 3000 reipublicae
1043 2919 1151 2993 existit,
1177 2919 1355 2982 aristocratia
1380 2920 1439 2981 veri

282 3020 425 3093 nominis,
442 3039 499 3100 qua
514 3030 547 3082 ut
561 3021 632 3083 nihil
647 3023 802 3103 optabilius
817 3022 916 3101 generi
932 3023 1070 3095 humano,
1086 3023 1124 3083 ita
1139 3021 1209 3084 nihil
1224 3022 1318 3084 rarius
1334 3040 1368 3084 ac
1382 3022 1439 3083 dil-

282 3121 616 3191 ticiliusinventuest1l·
646 3123 745 3204 Neque
757 3126 836 3186 enim
848 3125 1041 3187 admoventur
1049 3124 1130 3187 lacile
1140 3144 1156 3188 a
1166 3125 1277 3205 populo
1293 3123 1439 3204 sapientes

282 3224 483 3304 gubernaculis
499 3223 540 3284 rei
555 3223 701 3303 publicae,
722 3243 817 3306 nequo
838 3226 893 3306 ipsi
910 3245 963 3288 sua
978 3234 1084 3307 sponte
1098 3226 1134 3288 ad
1149 3227 1361 3305 capessendam
1376 3246 1438 3289 rem

283 3326 426 3407 publicam
442 3325 572 3406 prompti
587 3328 737 3409 paratique
752 3347 818 3390 esse
833 3328 942 3399 solent,
963 3329 1014 3389 sed
1030 3328 1097 3391 illud
1114 3328 1213 3408 potius
1228 3328 1345 3390 evenire
1358 3329 1439 3390 vide-

283 3448 364 3501 mus,
384 3427 463 3509 quod
484 3428 521 3490 ab
540 3429 644 3490 eodem
660 3429 782 3492 Platone
800 3430 1016 3510 elegantissima
1035 3430 1160 3509 imagine
1175 3450 1348 3511 expressum
1363 3440 1439 3493 esta

282 3530 483 3612 navigantibus
497 3530 661 3611 desumpta,
677 3551 763 3611 quem
780 3533 888 3607 locum,
905 3533 1046 3613 quoniam
1057 3540 1102 3593 est
1113 3551 1183 3594 sane
1195 3533 1315 3611 cognitu
1326 3533 1440 3613 dignus,

248 3645 263 3693 r
283 3636 330 3696 hic
343 3641 475 3715 repetere
494 3633 615 3713 placuit,
641 3652 703 3695 non
719 3636 755 3698 ad
771 3635 889 3697 verbum
905 3635 1023 3715 quidem
1039 3653 1226 3707 conversum,
1252 3635 1303 3696 sed
1319 3635 1440 3697 redditis

283 3750 380 3802 tamen
395 3747 527 3801 accurate
542 3739 693 3803 sententiis
703 3741 744 3814 ²).
771 3736 988 3818 „fraquman
1004 3736 1099 3817 inquit
1111 3739 1202 3811 Plato,
1219 3737 1370 3819 „admon
1383 3756 1440 3799 uo-

353 3947 376 4013 1)
396 3948 433 3999 lle
445 3948 490 3999 bac
501 3948 711 4000 aristocratia
724 3947 792 3997 veri
805 3944 950 4010 nominis,
963 3944 986 3994 b.
1000 3959 1024 3994 a.
1036 3944 1183 4010 optimorum
1197 3944 1312 4012 imperio,
1325 3952 1353 3995 et
1364 3960 1442 4012 quao-

282 4041 335 4085 turn
346 4034 424 4084 distet
435 4033 466 4084 ab
477 4049 508 4084 ea
521 4034 562 4084 val
576 4033 694 4083 nobilium
706 4032 747 4082 vel
759 4031 864 4081 divitum
876 4028 1016 4095 imparium,
1035 4045 1098 4096 quaa
1110 4030 1248 4094 eligarcbia
1260 4038 1305 4081 aot
1316 4031 1444 4097 plutocra-

283 4120 318 4171 tia
338 4119 381 4169 vel
403 4118 544 4169 timocratia
560 4126 602 4169 est
619 4118 651 4168 el.
663 4122 805 4167 accuratum
818 4113 911 4164 Lnraci
929 4114 1110 4179 expositionem
1128 4113 1152 4164 iu
1172 4121 1268 4165 annott.
1284 4116 1314 4166 all
1334 4122 1399 4166 orat.
1412 4116 1443 4165 do

284 4205 388 4254 Soeruto
401 4205 455 4254 cive
468 4220 491 4271 p.
503 4203 535 4253 63
546 4203 620 4252 -tt
652 4201 715 4252 hdd.
730 4199 869 4260 Buttmann,
882 4197 1042 4249 Staatarecbt
1053 4199 1097 4249 dea
1109 4199 1218 4250 Alterth.
1232 4216 1254 4266 p.
1270 4201 1327 4251 tlt.
1352 4199 1442 4252 Goctt·

285 4291 348 4355 ling,
364 4290 395 4339 de
409 4289 570 4339 aristocratia
582 4293 696 4337 vetorum
709 4284 732 4333 iu
747 4283 803 4333 hot.
817 4283 894 4333 head.
907 4283 1009 4335 lenens.
1023 4282 1046 4347 l,
1064 4299 1088 4350 p.
1099 4283 1157 4334 tto.
1181 4298 1227 4334 noa
1241 4285 1266 4334 in
1277 4285 1413 4351 Antiquitt.
1426 4285 1442 4335 i.

285 4372 460 4443 pfflpm
605 4372 611 4382 '

353 4458 378 4523 2)
397 4458 477 4509 Extat
489 4457 559 4507 locus
572 4457 602 4507 de
616 4470 644 4507 re
656 4454 722 4521 publ
736 4452 778 4517 Vl,
790 4468 814 4520 p.
826 4451 884 4505 488.
