3190 5136
699 438 759 498 175

138 621 330 710 τροφεῦσιν
349 614 499 705 ἀμείβων
519 658 574 685 -.
604 625 650 687 ad
668 625 794 688 eundem
811 625 935 687 modum
950 625 1037 688 edam
1051 626 1191 707 strophae
1205 643 1308 687 aarum

139 728 322 791 dimetiendi
337 736 431 789 munt

231 832 347 903 Quarta
366 830 454 893 buius
477 830 581 891 mnudi
599 832 722 912 stropha
742 840 801 892 mm
815 831 923 892 misere
938 841 1075 913 corrupta
1090 840 1147 906 est,
1161 840 1195 894 ut
1209 850 1308 893 emen·

140 934 218 1003 dari,
233 932 295 994 nisi
312 933 430 1011 quando
448 932 619 1012 integriores
635 933 749 995 codices
765 952 853 1013 opem
867 933 995 1007 tulerint,
1009 934 1056 995 rix
1071 952 1161 1015 posse
1172 934 1309 1001 videatur.

143 1036 206 1097 Sed
216 1035 474 1114 quomadmodum
485 1035 515 1097 in
527 1035 687 1114 desperatis
699 1035 824 1116 aegrotis
836 1036 941 1099 medici
953 1045 1065 1099 tenore
1075 1048 1172 1099 umen
1183 1036 1310 1117 aliquam

144 1138 330 1201 medicinam
345 1138 455 1211 solam,
476 1138 519 1200 sic
536 1138 567 1199 in
586 1138 755 1201 huiusmodi
769 1138 841 1200 locis
857 1156 919 1201 non
938 1139 1126 1201 invidendum
1141 1150 1188 1201 est
1201 1140 1311 1211 critioe,

146 1241 172 1302 si
188 1241 407 1315 coniecturam,
422 1241 554 1320 quamvis
569 1240 737 1320 andpitem,
752 1258 815 1303 non
828 1250 928 1305 tamen
942 1243 1102 1305 absurdam
1120 1242 1309 1323 periclitetur.

146 1343 182 1405 ln
195 1343 299 1423 primo
314 1341 434 1424 qraidem
449 1362 548 1416 ausu,

233 1442 335 1531 φιλεῖ
355 1439 394 1509 δὲ
413 1437 537 1509 τίκτειν
550 1437 645 1528 ὕβρις
659 1440 719 1525 μὲν
733 1442 865 1509 παλαιοὶ
877 1440 1054 1523 radicosus
1067 1441 1103 1511 ἐν
1120 1448 1237 1523 κακοῖς

456 1544 584 1633 βροτῶν
605 1540 713 1631 ὕβριν,

149 1652 221 1714 nihil
236 1650 416 1713 offensionis
429 1661 487 1726 ost3
502 1651 533 1713 in
548 1651 690 1730 proximis
706 1658 817 1725 auum,

357 1745 422 1816 τότ’
446 1742 469 1837 ἢ
489 1746 567 1816 τόθ’
591 1745 669 1817 ὅταν
688 1749 728 1815 τό
749 1749 865 1836 κόριον
884 1748 971 1839 μόλῃ

359 1852 457 1939 νεαρὰ
478 1848 588 1941 φόους
609 1848 721 1933 κότον,

154 1972 308 2041 postrema
323 1959 379 2020 tria
393 1959 480 2021 rerba
494 1959 579 2037 plane
593 1978 682 2021 sensu
697 1978 779 2022 cassa
794 1979 861 2022 esse
872 1967 1005 2040 apparet,
1019 1977 1116 2041 neque
1129 1959 1229 2040 priora
1243 1960 1317 2022 satis

155 2081 225 2125 sana
240 2082 308 2123 esse
324 2062 466 2122 videntur.
492 2060 624 2125 Primum
638 2062 719 2125 emm
734 2061 797 2142 ipsa
811 2061 883 2123 haec
896 2060 1029 2142 loquutio
1044 2054 1123 2125 όταν
1143 2058 1183 2124 τὸ
1204 2057 1317 2146 κόριον

155 2159 237 2249 μόλῃ
259 2172 341 2226 certe
360 2163 493 2226 insolens
513 2171 559 2225 est
576 2170 605 2225 et
626 2163 691 2225 sina
708 2164 857 2244 exemplo,
875 2180 971 2245 nsque
992 2164 1021 2225 id
1036 2164 1116 2243 quod
1132 2164 1315 2227 dermannus

157 2269 268 2348 posuit,
291 2257 358 2329 ἔστ’
381 2255 420 2327 dr
442 2258 501 2327 lat
521 2261 561 2327 τό
583 2258 696 2347 κόριον
716 2259 817 2351 μόλῃ,
841 2266 966 2328 multum
989 2265 1201 2345 probabilitatis
1221 2266 1315 2328 habet.

158 2371 233 2445 Quid
248 2379 297 2433 est
318 2368 397 2431 anun
419 2361 479 2430 aad
500 2363 539 2430 τό
561 2360 674 2451 κόριον
687 2365 814 2447 μολεῖν,
837 2368 874 2429 de
888 2368 1043 2431 insolentia
1058 2365 1191 2430 dictami
1222 2367 1316 2430 Porro

157 2483 254 2536 auten
268 2472 340 2537 illud
354 2490 473 2552 quoque
488 2470 533 2532 rix
547 2471 634 2533 ordo
649 2471 686 2533 ab
701 2470 844 2550 Aeschylo
856 2471 966 2532 dictum
981 2490 1057 2543 esse,
1067 2469 1253 2532 insolentiam
1265 2490 1318 2532 so-

157 2576 217 2638 lere
242 2593 352 2637 noram
377 2593 413 2635 ex
437 2593 470 2637 se
500 2572 685 2635 insolentiam
710 2592 814 2653 parere
837 2563 903 2635 τότ’
926 2563 949 2656 ἢ
972 2566 1063 2649 τότε,
1089 2574 1117 2634 b.
1141 2593 1165 2634 e.
1196 2575 1317 2636 serius

158 2677 274 2750 ocius,
290 2676 541 2757 quemadmodum
555 2684 633 2737 recte
652 2676 723 2737 baec
742 2676 867 2739 lornaula
888 2676 925 2738 ab
943 2675 1152 2755 interpretibus
1168 2677 1316 2756 accipitur,

158 2780 235 2841 Nam
249 2778 423 2841 insolentiae
442 2777 592 2858 propriam
612 2778 671 2840 hoc
685 2798 751 2840 esse
764 2788 850 2859 puto,
869 2786 903 2839 ut
916 2777 995 2841 nullo
1010 2797 1073 2840 uon
1088 2789 1223 2858 tempore
1236 2779 1318 2840 inso-

157 2883 253 2945 lenter
266 2889 342 2960 agat
372 2880 431 2943 Sed
447 2880 542 2945 serius
558 2882 641 2943 ocius
655 2881 775 2943 entium
790 2881 949 2943 insolentes
969 2883 1166 2960 consequntur,
1180 2880 1230 2942 ubi
1245 2883 1318 2942 lata·

155 2986 193 3047 lis
217 2983 363 3047 mneos
389 2984 545 3045 advenerit
585 2985 686 3064 ltaque
712 2984 738 3045 si
762 2984 926 3046 scribamus
945 2977 1023 3047 τότε
1045 2973 1096 3068 όῆ
1117 2974 1194 3060 τότ’,
1215 2975 1254 3068 ἢν
1279 2979 1319 3044 τό

156 3082 273 3171 κόριον
287 3079 371 3168 μόλῃ
386 3079 479 3161 τέλος
503 3120 557 3161 -,
582 3094 612 3148 et
625 3086 826 3166 hebetiorem
842 3086 1016 3148 babebimus
1029 3086 1174 3158 usitatam,
1191 3080 1322 3168 (κόριον

154 3184 254 3265 τέλος
264 3189 404 3250 maon.
414 3207 441 3249 r.
452 3188 523 3250 534.
533 3182 628 3263 τέλος
636 3185 748 3268 μολεῖν
758 3188 863 3251 dieitur
875 3190 954 3269 Sept.
969 3188 1060 3249 Theb.
1076 3208 1103 3250 v.
1124 3187 1209 3264 348),
1225 3205 1320 3267 neque

156 3312 232 3355 aero
247 3291 337 3352 nimis
349 3291 484 3353 audacter
495 3298 544 3353 aut
554 3291 685 3353 additum
695 3292 792 3354 versui
803 3293 891 3354 breve
901 3290 1083 3365 sordidum,
1097 3291 1178 3371 quod
1190 3290 1322 3352 excidere

156 3395 247 3460 bede
260 3393 371 3474 potuit,
392 3401 443 3455 ant
459 3387 535 3457 τότε
556 3383 610 3477 όῆ
630 3412 685 3473 pro
704 3384 772 3457 τότ’
794 3383 817 3475 ἢ
838 3393 1016 3472 repositum,
1036 3402 1086 3455 ant
1104 3383 1145 3477 ἢν
1166 3412 1220 3473 pro
1244 3385 1323 3455 ὅταν

155 3500 309 3577 seriptum
325 3494 477 3558 ridebitur.
507 3496 582 3558 Nam
602 3497 659 3558 boc
678 3495 797 3575 quidem
818 3488 896 3556 ὅταν
913 3495 993 3558 lacile
1013 3515 1049 3557 ex
1063 3496 1321 3576 interpretamento

156 3604 294 3680 irrepere
309 3599 417 3680 potuit,
431 3598 645 3678 praeamtim‘si
659 3606 779 3672 statana,
790 3597 821 3659 in
833 3597 898 3659 eod.
915 3587 957 3660 lb
968 3598 1111 3677 scriptum
1127 3596 1226 3671 luisse,
1241 3599 1320 3677 quod

156 3701 323 3783 aliquoties
343 3720 396 3781 pro
420 3701 468 3762 illo
489 3701 578 3763 altero
598 3701 684 3762 etiam
704 3701 735 3761 in
753 3700 931 3779 uagicorum
947 3700 1096 3765 codicibus
1111 3699 1234 3761 basemri
1249 3718 1321 3761 con-

157 3815 236 3877 stat,
262 3803 415 3884 potuitque
434 3803 702 3884 interpretationem
726 3803 876 3882 postsdare
900 3802 1005 3876 rideri,
1031 3821 1069 3865 ne
1094 3802 1248 3865 haberetur
1268 3821 1322 3882 pro
1341 3820 1373 3868 32

14 3916 22 3937 '
156 3906 309 3991 particula
322 3905 478 3985 poontbb.
509 3907 617 3969 Versus
636 3914 733 3969 aulem
748 3914 794 3969 est
807 3904 950 3968 iambicus
968 3905 1111 3977 cometen,
1131 3914 1165 3966 ut
1183 3906 1322 3967 antistro-

27 4076 40 4097 ⁴.
157 4013 246 4094 pbus
260 4027 287 4069 r.
304 4009 375 4081 744,
391 4026 567 4088 quamquam
582 4025 643 4068 non
659 4008 745 4087 plane
759 4007 864 4069 iisdem
878 4007 1002 4085 pedibus
1014 4006 1162 4069 incedens.
1193 4007 1251 4069 Sed
1267 4007 1325 4068 boe

158 4119 271 4195 postea
290 4109 450 4175 curbam:
476 4127 556 4175 nuuc
571 4108 719 4175 vicenos
734 4110 790 4173 tria
807 4110 856 4172 illa
874 4109 1084 4190 inexplicabilia
1098 4106 1200 4193 νεαρὰ
1219 4102 1328 4195 φάους

17 4232 28 4243 ·
158 4210 276 4279 κότον.
312 4213 472 4277 flamm
487 4212 643 4285 sootmtle
660 4211 710 4291 qui
724 4205 824 4276 κότον
837 4212 955 4289 delerit,
968 4220 1001 4275 ut
1016 4231 1052 4274 ex
1065 4211 1324 4292 interpretamento

159 4319 278 4381 illatum
292 4316 328 4381 ad
343 4309 496 4397 δαίμονα,
510 4335 537 4376 r.
554 4314 624 4389 783»
638 4313 796 4394 adscripto,
807 4314 885 4377 baud
901 4316 984 4377 laoile
997 4315 1132 4396 uuquam
1146 4312 1326 4394 probabitur,

26 4395 43 4499 ,³
159 4418 312 4501 ελοαλόοιο
333 4437 430 4505 neom
449 4437 528 4500 opus
548 4417 602 4481 luit
619 4417 676 4481 ulla
694 4416 780 4481 buius
800 4416 934 4481 vocabuli
959 4415 1206 4495 interpretatione,
1232 4426 1330 4487 neque
