3266 5140
669 459 858 559 „aa

180 641 240 707 mul
250 658 312 705 noa
327 642 417 707 modo
433 650 619 704 conservetur
633 642 664 707 in
678 659 732 703 suo
748 648 833 715 statu¹
848 641 898 703 aed
913 642 1061 723 perveniat
1075 643 1111 705 ad
1125 641 1332 723 perfectionem

182 744 280 823 sitque
305 762 391 823 quam
418 744 529 823 optimo
548 745 645 825 possit
660 744 820 805 secundum
840 754 972 809 naturam
991 745 1135 807 allectum.
1165 743 1334 807 Continetur

181 855 281 909 autem
302 854 457 924 auumque
477 845 572 926 prima
591 846 636 909 illa
657 845 912 909 commendatione
930 854 1064 919 naturae,
1084 865 1140 927 qua
1159 866 1192 907 se
1212 845 1335 926 quisque

180 947 325 1026 diligiti).
341 983 381 992 -
397 947 439 1008 lta
453 948 552 1009 omnia
567 948 639 1010 eatis
660 948 744 1027 plana
759 956 842 1020 sunt,
858 956 888 1009 et
911 957 1032 1028 apparet
1056 947 1242 1029 parenthesin
1267 947 1333 1009 nul-

180 1049 238 1111 lam
253 1069 327 1113 osso

265 1151 298 1213 ln
323 1153 427 1214 eodem
448 1152 542 1232 capite
562 1157 580 1227 t
601 1152 641 1213 25
663 1158 813 1231 peccatum
833 1150 986 1213 alibrariis
1006 1172 1073 1213 esse
1096 1151 1221 1214 arbitror
1246 1152 1334 1212 unius

179 1254 338 1334 particulae
353 1254 576 1333 permutatione.
607 1251 754 1325 Quoniam
769 1264 864 1315 autem
877 1272 932 1315 auu
952 1257 1088 1334 cuiusque
1107 1257 1263 1317 animantis
1276 1272 1333 1314 atu-

180 1366 251 1419 turo
262 1367 310 1427 est,
324 1373 436 1419 moereo
451 1366 492 1417 eet
501 1356 590 1436 prtem
605 1373 715 1437 proptu
730 1358 858 1417 omnium
873 1353 949 1417 bunc
964 1373 1031 1427 esse,
1046 1366 1078 1417 ut
1089 1365 1198 1416 actura
1214 1355 1332 1437 empleu-

180 1468 238 1521 ter.
268 1456 343 1518 nibil
355 1462 432 1518 enim
447 1457 595 1538 probibet,
611 1458 753 1538 quaedem
767 1475 825 1518 esee
840 1468 866 1517 et
880 1460 955 1518 iuter
969 1477 997 1519 aa
1013 1456 1190 1519 aufractibus
1205 1456 1331 1538 reliquia,

180 1568 206 1619 et
221 1578 288 1621 oum
303 1559 397 1621 beaute
411 1559 523 1622 locum·
536 1562 710 1630 communio,
726 1562 865 1639 monitui
876 1563 1006 1621 omnium
1025 1570 1066 1621 est
1079 1570 1188 1620 notura
1204 1577 1332 1621 commu-

180 1665 235 1722 uio.
266 1662 315 1722 aed
329 1672 461 1723 emtremu
475 1662 529 1723 atta
543 1674 570 1725 et
583 1681 707 1734 meanto,
724 1680 796 1745 ptrue
811 1666 990 1743 quaerimus,
1006 1665 1081 1723 irater
1097 1661 1269 1723 animalium
1282 1680 1332 1739 pe-

179 1781 254 1824 utra
273 1764 408 1825 dieta'ucto
428 1774 456 1824 et
470 1765 619 1843 dispertito
638 1776 706 1827 runt
724 1776 750 1825 et
763 1784 818 1827 suo
838 1769 937 1845 cuique
953 1767 1080 1845 proprio
1100 1764 1184 1825 etad
1204 1764 1234 1825 id
1254 1774 1331 1843 opto,

180 1866 256 1944 quod
271 1867 407 1945 amboque
421 1875 530 1926 nutura
545 1865 690 1929 mederet.
721 1865 954 1945 Uniuscuiusque
974 1886 1008 1927 ex
1024 1864 1069 1926 his
1085 1865 1177 1926 tribus
1193 1865 1332 1926 membris

180 1966 323 2028 sententia
339 1966 422 2045 plana
443 1973 487 2027 eet
503 1974 533 2027 et
553 1967 720 2046 perspicua,
737 1983 832 2045 neque
853 1967 1049 2047 oppositionis
1068 1967 1156 2039 ratio,
1171 1986 1243 2046 qnae
1257 1966 1333 2028 inter

179 2067 340 2131 secundum
360 2086 394 2128 ac
414 2066 531 2128 tertium
551 2068 716 2130 membrum
737 2067 900 2141 intercedit,
918 2086 1093 2147 quemquam
1113 2068 1207 2130 tallere
1227 2077 1331 2146 potest.

180 2169 239 2231 Sed
257 2188 313 2249 qua
332 2168 443 2230 ratione
464 2168 559 2247 primo
580 2168 715 2229 membro
743 2168 903 2230 secundum
924 2187 976 2248 per
995 2170 1138 2231 causalem
1159 2169 1331 2247 particulam

180 2275 256 2333 euim
267 2270 385 2349 adiungi
399 2270 536 2349 potuerit,
551 2288 612 2331 non
627 2269 764 2350 intelligo.
794 2271 840 2330 Au
854 2271 928 2331 sorte
943 2280 1098 2350 propterea
1115 2270 1248 2331 omnium
1268 2269 1331 2331 ani-

181 2371 300 2435 malium
319 2372 387 2433 finis
408 2371 455 2433 hic
469 2380 528 2443 est,
551 2381 582 2432 ut
601 2381 704 2433 natura
722 2372 882 2452 expleatur,
897 2372 1035 2450 quoniam
1052 2373 1193 2453 quaedam
1208 2372 1243 2433 iis
1259 2372 1332 2433 inter

181 2492 213 2534 se
229 2472 397 2534 communia
411 2469 504 2533 sunt?
519 2506 561 2519 -·
576 2472 768 2535 scribendum
785 2482 830 2534 est
844 2473 920 2535 haud
942 2473 1038 2548 dubie,
1053 2472 1130 2535 nibil
1141 2456 1246 2535 etium
1257 2491 1331 2555 pro-

178 2573 263 2637 bibet.
294 2574 355 2636 Hae
371 2574 527 2655 particulae
543 2579 628 2637 eta'um
644 2584 672 2637 et
686 2578 762 2637 enlm
777 2593 864 2655 quam
881 2593 967 2654 saepe
981 2595 997 2637 a
1011 2575 1136 2638 librariis
1152 2583 1331 2656 permutatae

178 2678 248 2749 sint,
263 2676 517 2741 Drakenborchius
533 2676 639 2738 docere
653 2678 761 2757 poterit
775 2677 810 2738 ad
823 2676 882 2739 Liv.
898 2676 947 2751 46,
964 2678 1015 2750 41,
1032 2676 1059 2739 3.

265 2777 333 2857 Cap.
353 2777 400 2849 tt,
417 2780 435 2852 t
452 2774 502 2839 35.
534 2776 672 2857 Corporis
697 2781 786 2859 lpitur
809 2781 904 2839 nostri
929 2788 1029 2859 portes
1053 2789 1164 2859 totoque
1184 2778 1282 2860 fipuro
1306 2790 1333 2839 et

177 2883 279 2961 formo
292 2889 319 2939 et
332 2889 445 2941 stature
460 2896 547 2958 paura
562 2890 630 2959 opto
645 2879 684 2941 ud
697 2890 836 2943 lemurum
845 2884 890 2951 sit,
902 2891 1036 2961 apparet:
1050 2899 1140 2962 neque
1151 2892 1191 2941 eat
1201 2880 1330 2950 dubium,

178 2985 248 3062 patin
260 2982 356 3060 froas,
373 2979 457 3050 ocub',
474 2997 561 3041 eures
575 2991 601 3041 et
609 2980 737 3061 reliquae
748 2992 849 3062 partes
864 2981 963 3061 quoles
973 2987 1115 3064 propriae
1125 2994 1192 3044 auat
1205 2981 1328 3043 bominis
1353 2988 1384 3039 lo

287 3154 478 3163 w..s-...u-——m-...n-

246 3237 270 3300 3)
290 3235 360 3287 eant.
378 3252 430 3304 cap.
450 3238 494 3303 11,
511 3236 527 3303 5
544 3236 589 3288 33:
611 3238 673 3290 latre
691 3242 775 3306 aptata
787 3244 939 3306 gravissimi
952 3241 1098 3310 philosophi
1115 3243 1216 3293 britium
1237 3243 1333 3292 sanent

178 3325 238 3375 boat*
246 3338 263 3372 u
273 3327 369 3374 notura
379 3326 529 3389 poetaram,
542 3327 569 3373 et
577 3323 649 3375 mmo
660 3328 803 3393 appetitum
813 3341 902 3378 rerum
910 3327 1072 3378 curaturum
1080 3326 1332 3379 comitianorum-im

176 3410 356 3473 ingerentum
370 3412 528 3474 pataverunt
548 3410 678 3471 mmttm,
694 3412 739 3475 praa·
753 3414 914 3463 coemuntur
930 3429 961 3463 ea
980 3411 1197 3463 commmdatiouc
1212 3416 1329 3475 nemaeo,

177 3507 228 3557 qun
239 3493 329 3560 seipsi
340 3491 457 3557 diligunt.
482 3493 523 3543 Sic
536 3494 611 3556 vulgo
624 3493 749 3559 scribitur,
760 3499 930 3559 continentur,
942 3505 969 3547 et
981 3497 1103 3547 contineri
1117 3497 1195 3560 prima
1207 3512 1330 3546 commen-

178 3577 278 3627 datione
290 3583 394 3626 naturae
407 3593 452 3626 eos
464 3578 512 3627 dici
525 3578 621 3642 volunt,
633 3579 663 3628 ad
677 3593 739 3646 quos
752 3595 782 3629 ea
794 3582 972 3631 commendatio
985 3583 1103 3647 pertinet,
1121 3581 1143 3631 b.
1157 3596 1180 3630 e.
1193 3581 1233 3645 qui
1246 3596 1274 3630 ea
1289 3596 1329 3629 re-

176 3669 269 3723 guntur
280 3667 306 3711 et
318 3661 484 3727 impelluntur.
508 3660 602 3713 Verum
615 3664 649 3714 ita
662 3664 744 3730 inepte
757 3664 780 3712 lsi
793 3671 907 3731 tanquam
920 3680 967 3714 uuo
980 3678 1038 3732 pars
1051 3665 1156 3714 omnium
1169 3664 1329 3727 designaren-

177 3755 232 3809 tur,
251 3760 322 3811 quam
342 3752 423 3797 tumen
441 3762 512 3796 nemo
530 3749 564 3798 ait
576 3749 682 3799 omnium
698 3749 729 3799 ad
742 3764 813 3817 qoem
826 3764 855 3799 ea
868 3751 1047 3799 commendatio
1060 3762 1107 3799 non
1120 3749 1254 3815 pertineat.
1278 3746 1330 3797 lico

177 3832 289 3882 sentiens
300 3830 418 3882 Davisius
430 3846 476 3897 pro
487 3834 612 3900 quat-qma
624 3834 779 3885 scribendum
797 3848 855 3885 esse
867 3835 985 3898 coniecit,
1002 3836 1075 3901 idque
1087 3850 1166 3901 nuper
1177 3850 1191 3884 a
1204 3832 1330 3896 Madvipio

177 3921 305 3982 receptum
317 3924 365 3967 eut.
388 3916 438 3967 Sed
452 3932 482 3967 no
496 3918 532 3968 sie
543 3920 640 3983 quidem
649 3920 729 3973 locutu
741 3932 826 3971 sanun
839 3934 896 3971 esso
904 3918 1023 3970 arbitror.
1044 3920 1106 3971 Nam
1118 3922 1243 3971 conflatori
1252 3918 1330 3984 prima

178 4001 391 4053 commendatione
403 4003 513 4053 homiues
527 4019 575 4053 non
587 4005 637 4054 alio
649 4020 725 4055 senen
737 4004 815 4055 latino
827 4004 875 4055 dici
888 4019 963 4071 poree
974 4005 1062 4070 iudico,
1074 4005 1121 4055 nisi
1131 4012 1159 4054 nt
1169 4020 1199 4054 ea
1211 4006 1330 4065 coerceri,

176 4086 301 4149 celtiberi,
318 4088 425 4151 frenari
442 4087 568 4151 dicantur,
591 4088 653 4153 quod
671 4090 778 4138 alienum
795 4104 852 4138 esse
869 4097 980 4155 apparet
1005 4088 1165 4139 scribendum
1187 4090 1270 4155 itaque
1288 4090 1331 4153 qui

176 4172 334 4232 ooobbetur,
351 4177 380 4221 nt
396 4171 527 4222 relativum
545 4171 670 4223 celeratur
685 4173 716 4222 ud
732 4173 800 4223 illum
816 4175 951 4239 appetitum
969 4188 1050 4223 rerum
1063 4173 1093 4223 ud
1106 4178 1218 4222 naturam
1231 4187 1328 4222 accom-

176 4254 338 4319 modatarum,
352 4255 393 4322 qul
411 4271 472 4306 sane
488 4256 632 4307 continetur
648 4258 724 4322 prima
742 4258 954 4308 commendatione
971 4266 1088 4319 nemeae,
1105 4257 1128 4306 l.
1145 4270 1167 4306 e.
1183 4271 1255 4323 quern
1267 4257 1329 4309 baec

177 4339 202 4389 iu
218 4354 246 4389 ee
263 4340 337 4391 babet
353 4347 381 4390 et
397 4341 580 4407 complectitur,
596 4341 700 4408 eiusque
717 4340 773 4392 ioue
790 4349 817 4393 ot
833 4358 908 4393 causo
925 4349 972 4395 cst.
997 4343 1059 4394 Nam
1076 4347 1209 4408 propteroa
1222 4341 1287 4407 quod
1300 4355 1329 4391 aa

176 4424 279 4491 §niaque
292 4425 383 4489 diligit,
394 4424 424 4477 tt
435 4432 464 4477 ut
474 4441 504 4481 ea
516 4432 625 4493 appetat,
636 4440 700 4492 quae
711 4428 855 4493 pertineant
866 4428 897 4478 ad
909 4434 1023 4479 naturam
1034 4426 1189 4493 explendam
