3290 5142
808 455 959 553 ..t-⁴„

309 644 460 709 ticinatam
481 662 548 707 esse
561 642 736 707 Plutarchus
757 649 918 716 memorat,
944 642 1023 723 quod
1044 648 1198 706 utrorum
1220 642 1273 717 sit,
1294 648 1471 706 nontamen

311 756 466 830 propterea
480 747 561 809 hunc
575 747 654 809 diem
670 747 758 810 etiam
772 745 804 807 in
817 746 872 808 hac
885 745 984 809 tabula
997 746 1120 826 intelligi
1129 764 1250 809 necesse
1261 753 1321 808 est:
1336 764 1406 809 nam
1419 751 1470 807 ant

310 850 410 933 ignota
429 869 477 913 res
491 850 623 933 Euripidi
643 869 721 924 esse,
745 857 810 924 aut,
833 848 859 911 si
877 857 948 912 nota
966 849 1073 924 fuerit,
1095 848 1218 930 impune
1238 848 1343 929 negligi
1362 848 1469 930 potnit

309 952 441 1018 Aderant
455 961 555 1017 autern
569 954 690 1034 Pythiae
703 952 873 1017 vaticinanti
887 951 1007 1033 aliquot,
1022 957 1056 1014 ut
1069 951 1124 1012 lon
1138 951 1201 1032 ipse
1215 951 1255 1013 ait
1269 970 1297 1013 v.
1313 951 1387 1027 416,

520 1051 663 1139 Δελφῶν
684 1045 830 1139 ἀριστῆς,
853 1043 911 1131 otia
930 1047 1110 1138 ἐκλήρωσεν
1129 1047 1249 1132 πάλος,

309 1159 493 1240 aliorumque
513 1159 692 1222 testimoniis
710 1176 775 1229 non
793 1159 882 1221 modo
897 1157 1071 1240 prophetam
1087 1155 1234 1218 adstitisse
1247 1156 1398 1229 norimus,
1420 1155 1470 1235 qui

309 1254 400 1326 voces
416 1262 479 1325 eius
499 1262 660 1342 exciperet,
681 1261 734 1324 sed
748 1260 907 1324 Hosiorum
928 1278 1045 1341 quoque
1067 1276 1161 1321 unum
1178 1265 1265 1340 atque
1280 1257 1405 1322 alterum
1420 1265 1471 1321 aut

309 1365 341 1426 in
366 1366 470 1428 eodem
497 1365 639 1446 penetrali
663 1371 714 1426 aut
736 1363 768 1425 in
787 1363 925 1445 proximo
945 1369 1078 1424 versatos
1097 1380 1172 1423 esse.
1207 1360 1362 1423 Praeterea
1381 1361 1470 1423 ctiam

310 1468 464 1531 ministros
475 1468 641 1549 complures
653 1466 743 1529 luisse
755 1468 911 1541 credimus,
927 1464 978 1547 qui
989 1465 1172 1527 consultores
1184 1463 1295 1527 oraculi
1305 1463 1471 1543 acciperent

310 1575 341 1632 et
367 1569 438 1650 quid
457 1570 625 1633 laciendum
646 1560 724 1632 esset
744 1577 922 1651 antequam
943 1569 1170 1630 admitterentur
1188 1573 1469 1647 praemonstrarent,

310 1673 388 1753 quali
409 1672 505 1735 officio
520 1673 609 1737 etiam
623 1680 718 1735 semet
732 1672 831 1753 ipsum
844 1673 899 1734 lon
912 1671 995 1752 fungi
1008 1670 1149 1745 declarat,
1170 1688 1264 1751 quum
1278 1666 1472 1748 interroganti

308 1773 422 1849 Xutho,
436 1773 487 1849 τίς
507 1767 712 1860 προφητεύει
734 1774 835 1850 θεούς
847 1774 1007 1855 respondet
1020 1793 1046 1835 v.
1062 1774 1135 1849 4l4,

484 1866 580 1961 ἡμεῖς
600 1870 643 1938 ια’
665 1866 697 1957 y'
719 1870 796 1952 ἔξω·
817 1877 884 1939 τῶν
905 1869 971 1940 icto
994 1865 1028 1938 δ’
1052 1865 1165 1951 ἄλλοις
1185 1868 1290 1955 μέλει.

309 1984 440 2062 Apparet
459 1980 538 2041 enim
561 1972 783 2062 προφητεύειν
802 1978 860 2042 boc
877 1979 942 2042 loco
956 1977 1059 2040 latiore
1073 1995 1163 2041 sensu
1177 1974 1380 2057 accipiendum
1395 1994 1470 2051 esse,

311 2099 373 2144 non
387 2082 424 2144 de
438 2081 563 2145 oraculis
577 2080 708 2155 edendis,
724 2081 776 2143 sed
791 2082 828 2144 de
842 2082 892 2143 illo
907 2098 1014 2163 genere
1028 2086 1254 2162 praeceptorum
1266 2086 1355 2160 atquc
1366 2079 1473 2143 admo·

310 2185 474 2261 niticnum3
487 2201 558 2246 nam
571 2183 645 2247 baec
658 2201 778 2265 quoque
793 2184 841 2247 dei
854 2183 974 2247 nomine
989 2190 1021 2247 et
1034 2188 1068 2246 ut
1081 2184 1145 2246 eius
1160 2183 1239 2246 iussa
1253 2181 1423 2245 edebantur.

397 2287 435 2350 lli
449 2304 553 2349 omnes
567 2286 657 2367 igitur
670 2285 716 2349 rol
726 2287 893 2349 sacerdotes
904 2287 948 2349 rel
959 2286 1086 2349 ministri
1097 2286 1185 2350 etiam
1198 2286 1228 2347 in
1239 2284 1380 2366 proximis
1390 2283 1471 2348 lonis

310 2390 407 2453 verbis
429 2389 550 2470 intelligi
568 2395 725 2471 poterunt,
746 2389 852 2469 qanbus
871 2379 903 2451 oi
924 2388 1052 2469 Φοίβου
1073 2383 1205 2471 Δελφοὶ
1218 2379 1384 2470 θέραπες,
1403 2394 1470 2450 ante

311 2511 399 2574 quam
425 2493 570 2573 templum
596 2491 702 2553 adeant
727 2491 890 2572 officiisque
910 2491 973 2554 suis
994 2492 1169 2572 fungantur,
1195 2489 1313 2552 lustrari
1332 2489 1472 2553 iubentrn

310 2592 479 2679 καθαραῖς
502 2587 647 2676 δρόσοις,
669 2613 737 2657 rore
751 2612 827 2676 puro
839 2594 988 2658 Castaliae.
1014 2587 1157 2672 Δρύσον,
1172 2599 1206 2654 nt
1218 2609 1354 2669 rorem,
1369 2611 1470 2673 spoe-

309 2697 348 2760 tis
365 2715 456 2761 sensu
470 2695 597 2778 generali
611 2697 649 2759 de
663 2697 746 2778 aquis
761 2696 849 2760 etiam
864 2697 991 2759 fontium
1007 2694 1063 2758 dici
1076 2694 1251 2758 tralaticium
1263 2701 1318 2756 est.
1344 2695 1387 2758 Gt
1401 2694 1469 2758 inlr.

311 2821 338 2863 r.
362 2800 421 2864 118
442 2807 473 2862 et
492 2800 564 2862 450.
594 2798 731 2862 Valcken.
752 2807 783 2861 et
801 2799 901 2863 blcnlr.
922 2800 958 2863 ad
979 2800 1050 2862 Eur.
1070 2797 1186 2879 Hippcl.
1202 2817 1229 2858 r.
1248 2796 1318 2859 126.
1346 2797 1470 2860 lnttad

310 2903 411 2966 Horat.
427 2902 468 2965 ΙΙΙ
488 2903 535 2966 od.
558 2904 593 2977 4,
609 2903 660 2965 61.
693 2896 846 2983 Θέραπες
865 2921 920 2983 pro
939 2886 1147 2984 θεράποντες
1165 2898 1202 2962 ab
1223 2899 1361 2980 Euripide
1380 2899 1469 2962 etiam

310 3005 501 3086 inSuppl.v.
518 3003 747 3068 rubricantur:
767 3006 872 3087 reliqui
892 3007 952 3069 duo
970 3003 1071 3085 tragici
1090 3001 1167 3065 banc
1186 3001 1319 3066 vocabuli
1340 3002 1468 3065 formam

312 3125 373 3170 non
389 3107 506 3171 habent.

396 3210 527 3273 Proximi
540 3228 651 3283 versus,
667 3210 825 3285 98-161,
840 3210 872 3272 in
886 3209 1034 3274 codicibus
1049 3208 1091 3272 sic
1103 3207 1206 3288 scripti
1219 3212 1305 3270 sunt:

554 3307 664 3393 στόμα
684 3304 717 3374 τ’
738 3304 886 3398 εύφημον
906 3301 1077 3396 φρονρεῖτ’
1099 3303 1240 3392 dycaeo,

554 3409 670 3500 φήμας
690 3406 721 3477 τ’
743 3406 877 3496 ύγαθύς
896 3413 968 3490 τοῖς
988 3407 1163 3478 ἐθέλουσιν

553 3511 758 3596 μαντεύεσθε

555 3613 702 3702 procace
723 3610 811 3693 ἶύύας
832 3610 1044 3705 α’ποφαύνειν.

310 3723 344 3788 in
371 3722 479 3804 quibus
497 3724 577 3787 hunc
595 3722 772 3785 infinitivum
792 3740 889 3803 noque
911 3739 966 3803 pro
986 3721 1158 3802 imperativo
1182 3719 1273 3800 accipi
1292 3736 1389 3800 noque
1407 3719 1468 3782 uilo

310 3828 401 3889 modo
415 3845 484 3890 cum
498 3826 610 3907 reliqua
625 3824 755 3889 oratione
771 3825 903 3887 construi
917 3843 1005 3907 posse
1016 3830 1144 3906 apparet.
1171 3822 1238 3884 Non
1249 3822 1347 3883 minus
1358 3820 1469 3884 absona

310 3935 357 3992 est
366 3930 474 3993 locutio
486 3924 601 4014 φήμας
609 3919 746 4009 dyonea
755 3922 972 4006 μαντεύεσθεε
988 3945 1056 3990 nam
1069 3925 1251 4000 vaticinatur,
1263 3917 1472 4004 comederet,

310 4049 369 4094 una
383 4031 502 4112 Pythia,
521 4048 617 4112 neque
640 4030 763 4093 omnino
778 4032 829 4112 qui
843 4031 920 4095 bona
935 4030 1022 4093 verba
1036 4029 1143 4103 edunt,
1162 4028 1241 4091 unde
1256 4027 1365 4108 aliquid
1379 4027 1469 4090 lausti

311 4135 418 4197 ominis
438 4135 501 4215 capi
520 4133 631 4214 possit,
651 4140 805 4214 propterea
820 4134 876 4215 ipsi
891 4151 1008 4215 quoque
1021 4124 1247 4212 μαντεύεσθαι
1261 4130 1316 4192 dici
1330 4137 1468 4210 possunt

309 4238 411 4319 ltaque
440 4236 617 4299 infinitivum
647 4229 874 4315 μαντεύεσθαι
898 4236 935 4298 ab
960 4227 1118 4297 acetove
1144 4232 1321 4315 pendentem
1347 4232 1470 4294 rescribi

310 4340 418 4403 debere
441 4340 499 4401 ianr
520 4339 649 4420 Scaliger
672 4338 829 4413 intellexit,
855 4357 945 4420 quam
972 4336 1207 4400 emendationem
1232 4334 1346 4398 codices
1366 4343 1469 4417 postea

310 4443 406 4507 collati
420 4441 660 4524 comprobarunt
692 4441 854 4523 significari
867 4448 987 4524 apparet
1001 4438 1113 4504 cracrxli
1126 4438 1327 4503 consultorest
1346 4456 1417 4503 nam
1431 4437 1471 4502 dc
