3164 5138
611 548 635 553 -.
686 458 726 521 ²5
741 548 809 554 ‚W

117 662 204 724 quam
221 645 272 707 ille
286 647 516 709 nationalem
537 647 708 709 theoriam
729 645 813 719 dicit,
828 679 870 690 —
885 662 971 726 quam
986 646 1023 708 ab
1037 646 1210 708 adversariis
1226 662 1288 709 non

121 747 187 810 satis
201 747 445 811 animadversam
460 769 528 812 esse
543 749 680 830 queritur.
709 749 784 811 Nolo
799 766 879 810 nnnc
892 747 1052 810 accuratius
1067 747 1099 810 in
1113 747 1189 810 banc
1202 750 1287 810 theo-

125 852 194 914 riam
204 850 370 932 inquirere,
386 871 480 933 quum
496 852 670 932 praesertim
685 871 747 914 rem
760 869 879 914 omnem
890 849 1036 912 eiusmodi
1046 849 1288 931 esseinteiiigam,

129 974 196 1036 qnae
210 955 247 1017 ad
262 956 411 1037 liquidum
427 956 548 1037 perduci
564 956 708 1036 carusque
723 954 902 1034 argumentis
913 953 1108 1015 demonstrari
1122 953 1169 1016 via
1182 955 1287 1035 possit

129 1057 241 1120 interim
257 1058 297 1121 ab
311 1059 371 1121 bac
386 1060 412 1120 si
427 1057 614 1133 discesseris,
631 1057 662 1119 in
676 1058 844 1119 universum
861 1055 1004 1136 spectanti
1018 1055 1114 1136 paullo
1129 1056 1211 1136 plura
1225 1058 1288 1119 riro

130 1160 302 1222 docdssimo
313 1179 383 1223 cunt
396 1160 569 1223 adversariis
581 1160 749 1222 communia
763 1168 843 1234 sunt,
859 1177 946 1239 quam
959 1158 1025 1239 quis
1039 1158 1137 1239 primo
1148 1159 1288 1240 adspectu

129 1262 231 1324 credat.
263 1261 341 1324 Nam
356 1281 444 1325 mum
460 1262 696 1324 csseiiomerum
708 1262 738 1324 in
751 1261 956 1342 componenda
966 1260 1053 1323 iliade
1062 1261 1148 1324 edam
1161 1261 1286 1342 antiqui-

130 1363 230 1427 on‘bus
252 1364 450 1437 carminibus,
470 1363 633 1426 Nitzscbins
653 1363 800 1434 concedit,
819 1381 914 1444 neque
928 1362 1091 1426 absolutam
1106 1363 1142 1425 ab
1156 1363 1287 1427 ilommo

130 1466 219 1529 totitu
233 1457 334 1529 iliadis
351 1466 573 1548 perpetuitatem
593 1486 660 1530 esse
679 1466 840 1542 contendit,
865 1465 917 1528 scd
932 1474 1029 1546 partes
1047 1474 1163 1529 tantum
1177 1466 1288 1547 aliquot

129 1570 256 1632 muores
274 1570 391 1633 interno
410 1569 537 1650 quodam
552 1569 668 1633 rinudo
687 1570 763 1632 inter
777 1588 810 1631 se
827 1567 1015 1643 coniunctas,
1041 1569 1175 1631 nondum
1189 1578 1288 1633 tamen

129 1671 215 1734 mam
236 1674 269 1734 in
295 1673 383 1735 unius
408 1672 543 1753 corporis
568 1690 740 1753 compagem
766 1690 920 1735 connexas.
967 1672 1059 1751 igitur
1083 1671 1173 1735 totius
1191 1672 1288 1737 iliadis

128 1775 255 1837 termam
276 1784 364 1855 atque
382 1774 522 1837 micum
538 1782 634 1837 mente
648 1782 735 1855 atque
749 1775 848 1836 animo
862 1782 967 1854 posue
985 1773 1086 1853 potius
1101 1775 1288 1856 designatam,

129 1895 216 1956 qnam
229 1896 266 1939 re
279 1878 344 1957 ipsa
359 1886 388 1939 et
402 1876 619 1956 compositione
633 1875 795 1939 murinum
810 1878 970 1957 perlectam
985 1877 1076 1938 luisse
1091 1877 1237 1951 dicemus,
1256 1886 1290 1940 nt

128 1978 165 2040 ab
189 1979 419 2061 intelligentibus
444 1979 633 2042 animadverti
658 1980 782 2043 tortasse
808 1978 948 2060 potuerit,
974 1979 1073 2041 minus
1098 1979 1288 2059 intelligentes

128 2090 224 2144 autem
250 2083 376 2145 latuerit
419 2083 453 2144 in
468 2082 574 2144 borum
600 2090 696 2144 autem
716 2100 840 2144 numero
860 2081 949 2143 etiam
968 2099 1070 2143 eorum
1090 2099 1151 2143 non
1177 2100 1288 2162 paucos

128 2185 219 2247 irrisae
233 2185 387 2247 lamudam
402 2185 465 2258 erit,
480 2183 529 2267 qni
543 2185 574 2246 in
587 2183 752 2247 ediscendis
766 2192 796 2245 et
809 2183 965 2245 recitandis
976 2183 1097 2245 iiomeri
1113 2183 1289 2246 carminibus

128 2287 181 2349 toti
195 2288 334 2368 occupati
353 2296 444 2350 crant
488 2287 563 2350 Nam
578 2307 594 2350 a
612 2287 770 2368 rhapsodis
789 2285 881 2348 muita
896 2284 1063 2349 Nitzschius
1083 2286 1210 2349 admixta
1224 2305 1289 2349 esse

128 2391 167 2452 ait
180 2388 291 2470 partim
305 2409 340 2451 ex
355 2390 420 2452 aliis
435 2389 613 2452 carminibus
628 2388 855 2470 antiquioribus,
871 2406 998 2468 quorum
1012 2406 1075 2451 non
1090 2407 1209 2451 omnem
1225 2408 1290 2452 me·

11 2548 13 2563 ,
127 2493 255 2555 moriam
271 2492 496 2555 Homericomm
517 2493 631 2556 claritas
646 2491 858 2565 obscuraverit,
873 2491 979 2571 partim
994 2491 1030 2554 ab
1045 2491 1118 2574 ipsis
1132 2493 1221 2567 iacta,
1237 2493 1288 2556 sed

127 2597 162 2659 ad
181 2597 276 2669 iiiam,
294 2613 383 2675 quam
398 2594 545 2658 ilumerus
564 2596 595 2657 in
614 2603 711 2657 mente
731 2593 875 2669 babuerit,
895 2595 1022 2656 sormam
1040 2595 1131 2658 totius
1150 2597 1288 2659 carminis

128 2698 279 2761 nonsatis
299 2698 532 2760 accommodata.
569 2698 699 2777 Denique
723 2704 915 2779 posteaquam
937 2695 1071 2776 dispersa
1096 2697 1142 2759 iiia
1156 2700 1289 2762 membra

129 2802 223 2883 colligi
233 2801 406 2881 scriptoque
418 2800 585 2880 consignari
599 2809 629 2862 et
642 2799 673 2861 in
685 2817 776 2861 unum
791 2817 901 2879 corpus
916 2797 1055 2878 coniungi
1066 2808 1168 2879 coepta
1180 2810 1288 2875 oesent,

128 2923 189 2967 nou
203 2920 298 2984 pauca
313 2902 481 2965 huiusmodi
497 2902 714 2984 rbapsodorum
729 2902 926 2965 additamenta
941 2919 1095 2983 perperam
1110 2901 1140 2964 in
1156 2902 1289 2966 ordinem

130 3016 262 3088 recepta,
287 3005 397 3086 aliaque
421 3004 508 3067 etiam
534 3003 645 3085 passim
666 3004 762 3067 addita
788 3023 853 3067 csse
872 3004 907 3066 ab
933 3003 1008 3086 ipsis
1030 3004 1289 3085 compositoribus,

129 3107 238 3188 quibus
254 3107 359 3170 additis
374 3106 550 3188 apertiorem
565 3107 628 3168 iore
647 3106 826 3186 singularum
846 3106 973 3187 partium
987 3107 1064 3169 inter
1082 3126 1115 3168 se
1130 3111 1289 3171 connexio·

130 3229 197 3272 nem
224 3218 417 3290 mutuamque
442 3208 613 3271 relationem
643 3207 812 3271 iudicarent
868 3208 980 3270 iiorum
1004 3209 1093 3288 igitur
1117 3211 1288 3290 placitorum

129 3313 268 3394 pleraque
287 3330 349 3374 non
369 3311 489 3393 propria
508 3310 658 3373 Nitzsclrio
684 3312 737 3373 sed
756 3329 824 3373 cum
845 3309 1016 3373 advesariis
1038 3312 1206 3377 communia
1226 3333 1291 3377 esse

129 3424 264 3498 apparet,
281 3414 437 3495 proprium
459 3424 555 3476 autem
575 3413 706 3493 primum
720 3414 779 3475 hoc
793 3421 851 3487 est,
868 3414 957 3494 quod,
972 3432 1063 3493 quum
1078 3415 1291 3497 antiquioribus

130 3517 312 3582 carminibus
330 3517 493 3580 Homerum
512 3535 600 3580 usum
621 3536 688 3579 esse
708 3516 861 3590 concedat,
887 3515 942 3579 iilis
962 3524 1075 3593 tamen,
1100 3519 1149 3597 qui
1174 3520 1291 3599 longius

129 3621 214 3683 enam
230 3620 392 3701 procedere
407 3619 471 3682 ausi
486 3627 569 3694 sunt,
586 3629 618 3681 ut
632 3637 707 3699 quae
721 3627 751 3680 ct
765 3617 858 3698 qualia
873 3618 919 3680 iila
934 3619 1065 3682 carmina
1084 3620 1190 3683 luerint
1204 3624 1290 3685 certis

130 3722 307 3804 quibusdam
321 3722 438 3784 indiciis
452 3740 512 3784 ase
528 3722 720 3803 deprehendi,
735 3723 864 3803 adeoque
884 3722 978 3784 solnta
991 3722 1048 3785 bac
1060 3732 1179 3786 nostrae
1192 3722 1288 3787 iliadis
1306 3738 1336 3790 ti

129 3844 272 3908 compage
287 3824 416 3905 priscam
430 3833 460 3886 et
469 3825 594 3888 nativam
608 3844 714 3888 eorum
729 3828 855 3887 turmam
866 3824 1047 3905 aliquatenus
1062 3826 1164 3890 saitem
1179 3828 1292 3893 restitui

130 3949 221 4010 posse
241 3936 406 4010 sperarent,
426 3927 586 3990 iordssime
606 3927 723 3990 obsistit
735 3929 880 4008 longeque
895 3947 946 3990 ecs
962 3948 978 3990 a
993 3947 1059 3992 vera
1077 3929 1190 3992 ratione
1206 3933 1289 3994 aber-

128 4052 213 4096 rasse
238 4030 396 4094 oontcndit
441 4030 503 4110 Ego
523 4049 571 4093 me
589 4029 626 4092 ab
644 4030 759 4093 ilerum
778 4040 857 4093 secta
876 4049 936 4093 non
956 4040 1108 4113 untopere
1134 4034 1291 4097 abhorrere

129 4136 285 4216 profiteor,
310 4132 444 4214 mutus
460 4132 490 4194 in
509 4133 687 4196 ammonui
713 4140 932 4214 ceterorumque
958 4135 1203 4216 disputationibus
1229 4154 1291 4198 non

129 4257 222 4319 pauca
237 4236 311 4300 mibi
327 4236 461 4318 cupidius
477 4255 564 4317 quara
580 4236 676 4299 renus
691 4236 788 4318 posita
802 4256 869 4298 esse
880 4238 1039 4312 rideantur,
1055 4256 1150 4317 neque
1164 4240 1289 4317 despero

130 4344 200 4414 tore,
216 4350 251 4403 ut
265 4340 292 4402 si
306 4341 372 4420 quis
387 4339 458 4404 satis
474 4346 557 4402 mute
571 4357 605 4402 ac
618 4340 779 4420 prudenter
792 4341 945 4419 procedat,
961 4340 1068 4421 aliquid
1084 4339 1153 4401 certi
1167 4349 1196 4401 et
1211 4340 1291 4417 qnod

130 4444 329 4508 demonstrari
354 4443 424 4507 satis
456 4442 604 4504 audenter
629 4443 738 4522 possit,
767 4444 885 4507 undem
920 4442 1091 4505 inveniatur.
1123 4474 1166 4541 -ῑ
1195 4440 1292 4499 Porro
