<?xml version="1.0" encoding="UTF-8"?>
<!DOCTYPE html PUBLIC "-//W3C//DTD XHTML 1.0 Transitional//EN"
    "http://www.w3.org/TR/xhtml1/DTD/xhtml1-transitional.dtd">
<html xmlns="http://www.w3.org/1999/xhtml" xml:lang="en" lang="en">
 <head>
  <title>
</title>
<meta http-equiv="Content-Type" content="text/html;charset=utf-8" />
  <meta name='ocr-system' content='tesseract 3.04.00' />
  <meta name='ocr-capabilities' content='ocr_page ocr_carea ocr_par ocr_line ocrx_word'/>
</head>
<body>
  <div class='ocr_page' id='page_1' title='image "./opusculaacademi00schogoog_0844.png"; bbox 0 0 3222 5148; ppageno 0'>
   <div class='ocr_carea' id='block_1_1' title="bbox 658 420 822 528">
    <p class='ocr_par' dir='ltr' id='par_1_1' title="bbox 658 420 822 528">
     <span class='ocr_line' id='line_1_1' title="bbox 658 420 822 528; baseline 0 -101"><span class='ocrx_word' id='word_1_1' title='bbox 658 420 822 528; x_wconf 46' lang='lat' dir='ltr'>Q.</span> 
     </span>
    </p>
   </div>
   <div class='ocr_carea' id='block_1_2' title="bbox 75 617 1313 1828">
    <p class='ocr_par' dir='ltr' id='par_1_2' title="bbox 75 617 1313 1828">
     <span class='ocr_line' id='line_1_2' title="bbox 155 617 1313 705; baseline -0.002 -17"><span class='ocrx_word' id='word_1_2' title='bbox 155 641 244 705; x_wconf 85' lang='lat' dir='ltr'>quem</span> <span class='ocrx_word' id='word_1_3' title='bbox 259 620 429 685; x_wconf 80' lang='lat' dir='ltr'>hominibus</span> <span class='ocrx_word' id='word_1_4' title='bbox 443 620 609 683; x_wconf 87' lang='lat' dir='ltr'>similiores.</span> <span class='ocrx_word' id='word_1_5' title='bbox 638 618 735 698; x_wconf 88' lang='lat' dir='ltr'>Atque</span> <span class='ocrx_word' id='word_1_6' title='bbox 749 634 800 681; x_wconf 83' lang='lat' dir='ltr'>eos</span> <span class='ocrx_word' id='word_1_7' title='bbox 815 617 944 700; x_wconf 88' lang='lat' dir='ltr'>quidem,</span> <span class='ocrx_word' id='word_1_8' title='bbox 961 619 1011 700; x_wconf 83' lang='lat' dir='ltr'>qni</span> <span class='ocrx_word' id='word_1_9' title='bbox 1021 618 1171 703; x_wconf 75' lang='lat' dir='ltr'>Thpntbia</span> <span class='ocrx_word' id='word_1_10' title='bbox 1186 622 1313 697; x_wconf 85' lang='lat' dir='ltr'>moenia,</span> 
     </span>
     <span class='ocr_line' id='line_1_3' title="bbox 153 719 1313 806; baseline -0.002 -18"><span class='ocrx_word' id='word_1_11' title='bbox 153 743 212 788; x_wconf 88' lang='lat' dir='ltr'>une</span> <span class='ocrx_word' id='word_1_12' title='bbox 231 745 267 788; x_wconf 85' lang='lat' dir='ltr'>ex</span> <span class='ocrx_word' id='word_1_13' title='bbox 288 725 346 786; x_wconf 92' lang='lat' dir='ltr'>hoc</span> <span class='ocrx_word' id='word_1_14' title='bbox 366 740 471 805; x_wconf 77' lang='lat' dir='ltr'>genere</span> <span class='ocrx_word' id='word_1_15' title='bbox 491 723 619 785; x_wconf 84' lang='lat' dir='ltr'>maxime</span> <span class='ocrx_word' id='word_1_16' title='bbox 640 719 800 795; x_wconf 88' lang='lat' dir='ltr'>celebrata,</span> <span class='ocrx_word' id='word_1_17' title='bbox 823 721 1036 795; x_wconf 87' lang='lat' dir='ltr'>condidissent,</span> <span class='ocrx_word' id='word_1_18' title='bbox 1062 723 1184 787; x_wconf 87' lang='lat' dir='ltr'>inerunt</span> <span class='ocrx_word' id='word_1_19' title='bbox 1205 725 1256 806; x_wconf 87' lang='lat' dir='ltr'>qm&#39;</span> <span class='ocrx_word' id='word_1_20' title='bbox 1277 744 1313 787; x_wconf 81' lang='lat' dir='ltr'>ex</span> 
     </span>
     <span class='ocr_line' id='line_1_4' title="bbox 153 823 1313 908; baseline 0.002 -21"><span class='ocrx_word' id='word_1_21' title='bbox 153 825 240 907; x_wconf 74' lang='lat' dir='ltr'>Lycia</span> <span class='ocrx_word' id='word_1_22' title='bbox 255 827 284 888; x_wconf 90' lang='lat' dir='ltr'>in</span> <span class='ocrx_word' id='word_1_23' title='bbox 296 825 446 888; x_wconf 78' lang='lat' dir='ltr'>Graeciam</span> <span class='ocrx_word' id='word_1_24' title='bbox 457 825 564 888; x_wconf 87' lang='lat' dir='ltr'>ascitos</span> <span class='ocrx_word' id='word_1_25' title='bbox 579 823 981 907; x_wconf 70' lang='lat' dir='ltr'>perhiberent1)‚sivequod</span> <span class='ocrx_word' id='word_1_26' title='bbox 996 831 1080 888; x_wconf 84' lang='lat' dir='ltr'>vetus</span> <span class='ocrx_word' id='word_1_27' title='bbox 1091 826 1236 908; x_wconf 89' lang='lat' dir='ltr'>quaedam</span> <span class='ocrx_word' id='word_1_28' title='bbox 1248 846 1313 889; x_wconf 92' lang='lat' dir='ltr'>me-</span> 
     </span>
     <span class='ocr_line' id='line_1_5' title="bbox 153 923 1312 1010; baseline 0.001 -19"><span class='ocrx_word' id='word_1_29' title='bbox 153 928 248 991; x_wconf 86' lang='lat' dir='ltr'>moria</span> <span class='ocrx_word' id='word_1_30' title='bbox 262 936 414 1010; x_wconf 80' lang='lat' dir='ltr'>supererat</span> <span class='ocrx_word' id='word_1_31' title='bbox 427 927 463 988; x_wconf 91' lang='lat' dir='ltr'>de</span> <span class='ocrx_word' id='word_1_32' title='bbox 478 928 600 1007; x_wconf 85' lang='lat' dir='ltr'>antiquo</span> <span class='ocrx_word' id='word_1_33' title='bbox 614 923 813 1005; x_wconf 79' lang='lat' dir='ltr'>interbyciam</span> <span class='ocrx_word' id='word_1_34' title='bbox 827 926 1030 1007; x_wconf 88' lang='lat' dir='ltr'>etArgolidem</span> <span class='ocrx_word' id='word_1_35' title='bbox 1046 928 1235 1001; x_wconf 87' lang='lat' dir='ltr'>commercio,</span> <span class='ocrx_word' id='word_1_36' title='bbox 1251 929 1312 993; x_wconf 81' lang='lat' dir='ltr'>sive</span> 
     </span>
     <span class='ocr_line' id='line_1_6' title="bbox 152 1027 1311 1112; baseline 0.003 -21"><span class='ocrx_word' id='word_1_37' title='bbox 152 1029 231 1111; x_wconf 92' lang='lat' dir='ltr'>quod</span> <span class='ocrx_word' id='word_1_38' title='bbox 246 1029 352 1093; x_wconf 84' lang='lat' dir='ltr'>similia</span> <span class='ocrx_word' id='word_1_39' title='bbox 372 1029 513 1110; x_wconf 83' lang='lat' dir='ltr'>quaedam</span> <span class='ocrx_word' id='word_1_40' title='bbox 535 1028 663 1090; x_wconf 84' lang='lat' dir='ltr'>aedilicia</span> <span class='ocrx_word' id='word_1_41' title='bbox 685 1028 772 1089; x_wconf 89' lang='lat' dir='ltr'>etiam</span> <span class='ocrx_word' id='word_1_42' title='bbox 793 1027 824 1089; x_wconf 90' lang='lat' dir='ltr'>in</span> <span class='ocrx_word' id='word_1_43' title='bbox 845 1027 931 1110; x_wconf 78' lang='lat' dir='ltr'>Lycia</span> <span class='ocrx_word' id='word_1_44' title='bbox 946 1030 1098 1103; x_wconf 80' lang='lat' dir='ltr'>extabant,</span> <span class='ocrx_word' id='word_1_45' title='bbox 1114 1049 1190 1112; x_wconf 87' lang='lat' dir='ltr'>quae</span> <span class='ocrx_word' id='word_1_46' title='bbox 1204 1032 1311 1094; x_wconf 86' lang='lat' dir='ltr'>huma·</span> 
     </span>
     <span class='ocr_line' id='line_1_7' title="bbox 151 1130 1312 1215; baseline 0.003 -22"><span class='ocrx_word' id='word_1_47' title='bbox 151 1150 257 1194; x_wconf 88' lang='lat' dir='ltr'>narum</span> <span class='ocrx_word' id='word_1_48' title='bbox 273 1131 376 1194; x_wconf 88' lang='lat' dir='ltr'>virium</span> <span class='ocrx_word' id='word_1_49' title='bbox 393 1131 546 1194; x_wconf 89' lang='lat' dir='ltr'>modulum</span> <span class='ocrx_word' id='word_1_50' title='bbox 561 1131 701 1195; x_wconf 74' lang='lat' dir='ltr'>excedere</span> <span class='ocrx_word' id='word_1_51' title='bbox 714 1137 746 1191; x_wconf 90' lang='lat' dir='ltr'>et</span> <span class='ocrx_word' id='word_1_52' title='bbox 761 1149 777 1191; x_wconf 92' lang='lat' dir='ltr'>a</span> <span class='ocrx_word' id='word_1_53' title='bbox 792 1130 986 1194; x_wconf 89' lang='lat' dir='ltr'>daemonibus</span> <span class='ocrx_word' id='word_1_54' title='bbox 1005 1133 1180 1215; x_wconf 87' lang='lat' dir='ltr'>quibusdam</span> <span class='ocrx_word' id='word_1_55' title='bbox 1199 1141 1251 1197; x_wconf 91' lang='lat' dir='ltr'>aut</span> <span class='ocrx_word' id='word_1_56' title='bbox 1267 1134 1312 1214; x_wconf 87' lang='lat' dir='ltr'>gi-</span> 
     </span>
     <span class='ocr_line' id='line_1_8' title="bbox 75 1231 1311 1318; baseline 0.001 -21"><span class='ocrx_word' id='word_1_57' title='bbox 75 1250 78 1255; x_wconf 74' lang='grc'><em>’</em></span> <span class='ocrx_word' id='word_1_58' title='bbox 149 1236 286 1315; x_wconf 84' lang='lat' dir='ltr'>gentibus</span> <span class='ocrx_word' id='word_1_59' title='bbox 306 1234 422 1297; x_wconf 86' lang='lat' dir='ltr'>condita</span> <span class='ocrx_word' id='word_1_60' title='bbox 442 1253 505 1296; x_wconf 87' lang='lat' dir='ltr'>esse</span> <span class='ocrx_word' id='word_1_61' title='bbox 524 1234 725 1295; x_wconf 80' lang='lat' dir='ltr'>crederentur.</span> <span class='ocrx_word' id='word_1_62' title='bbox 754 1231 828 1294; x_wconf 90' lang='lat' dir='ltr'>Nam</span> <span class='ocrx_word' id='word_1_63' title='bbox 849 1233 979 1313; x_wconf 84' lang='lat' dir='ltr'>gigantes</span> <span class='ocrx_word' id='word_1_64' title='bbox 1000 1236 1148 1317; x_wconf 88' lang='lat' dir='ltr'>quondam</span> <span class='ocrx_word' id='word_1_65' title='bbox 1173 1237 1204 1298; x_wconf 92' lang='lat' dir='ltr'>in</span> <span class='ocrx_word' id='word_1_66' title='bbox 1225 1235 1311 1318; x_wconf 83' lang='lat' dir='ltr'>chia</span> 
     </span>
     <span class='ocr_line' id='line_1_9' title="bbox 149 1335 1311 1421; baseline 0.002 -21"><span class='ocrx_word' id='word_1_67' title='bbox 149 1337 297 1400; x_wconf 79' lang='lat' dir='ltr'>habitasse</span> <span class='ocrx_word' id='word_1_68' title='bbox 316 1337 470 1417; x_wconf 83' lang='lat' dir='ltr'>ipsamque</span> <span class='ocrx_word' id='word_1_69' title='bbox 489 1337 639 1418; x_wconf 75' lang='lat' dir='ltr'>regionem</span> <span class='ocrx_word' id='word_1_70' title='bbox 659 1343 813 1418; x_wconf 89' lang='lat' dir='ltr'>propterea</span> <span class='ocrx_word' id='word_1_71' title='bbox 835 1335 998 1415; x_wconf 85' lang='lat' dir='ltr'>Gigantiem</span> <span class='ocrx_word' id='word_1_72' title='bbox 1017 1338 1125 1400; x_wconf 90' lang='lat' dir='ltr'>dictam</span> <span class='ocrx_word' id='word_1_73' title='bbox 1148 1356 1214 1402; x_wconf 85' lang='lat' dir='ltr'>esse</span> <span class='ocrx_word' id='word_1_74' title='bbox 1239 1338 1311 1421; x_wconf 86' lang='lat' dir='ltr'>legi·</span> 
     </span>
     <span class='ocr_line' id='line_1_10' title="bbox 150 1437 1311 1521; baseline 0.001 -20"><span class='ocrx_word' id='word_1_75' title='bbox 150 1440 260 1520; x_wconf 65' lang='lat' dir='ltr'>musi).</span> <span class='ocrx_word' id='word_1_76' title='bbox 288 1439 355 1501; x_wconf 86' lang='lat' dir='ltr'>Non</span> <span class='ocrx_word' id='word_1_77' title='bbox 374 1442 473 1505; x_wconf 85' lang='lat' dir='ltr'>miuus</span> <span class='ocrx_word' id='word_1_78' title='bbox 492 1439 681 1502; x_wconf 89' lang='lat' dir='ltr'>admirandae</span> <span class='ocrx_word' id='word_1_79' title='bbox 697 1437 858 1500; x_wconf 81' lang='lat' dir='ltr'>molitionis</span> <span class='ocrx_word' id='word_1_80' title='bbox 873 1457 962 1520; x_wconf 90' lang='lat' dir='ltr'>opera</span> <span class='ocrx_word' id='word_1_81' title='bbox 977 1440 1063 1502; x_wconf 88' lang='lat' dir='ltr'>etiam</span> <span class='ocrx_word' id='word_1_82' title='bbox 1082 1440 1160 1521; x_wconf 86' lang='lat' dir='ltr'>apud</span> <span class='ocrx_word' id='word_1_83' title='bbox 1175 1441 1311 1521; x_wconf 77' lang='lat' dir='ltr'>Cyzicum</span> 
     </span>
     <span class='ocr_line' id='line_1_11' title="bbox 149 1540 1309 1622; baseline 0 -18"><span class='ocrx_word' id='word_1_84' title='bbox 149 1549 241 1613; x_wconf 76' lang='lat' dir='ltr'>emur.</span> <span class='ocrx_word' id='word_1_85' title='bbox 254 1548 342 1620; x_wconf 92' lang='lat' dir='ltr'>portu</span> <span class='ocrx_word' id='word_1_86' title='bbox 353 1540 519 1621; x_wconf 76' lang='lat' dir='ltr'>ingentibus</span> <span class='ocrx_word' id='word_1_87' title='bbox 529 1541 659 1622; x_wconf 90' lang='lat' dir='ltr'>lapidum</span> <span class='ocrx_word' id='word_1_88' title='bbox 672 1540 799 1602; x_wconf 91' lang='lat' dir='ltr'>molibus</span> <span class='ocrx_word' id='word_1_89' title='bbox 811 1540 974 1613; x_wconf 87' lang='lat' dir='ltr'>obstructo,</span> <span class='ocrx_word' id='word_1_90' title='bbox 996 1541 1189 1621; x_wconf 87' lang='lat' dir='ltr'>quamobrem</span> <span class='ocrx_word' id='word_1_91' title='bbox 1201 1543 1309 1607; x_wconf 87' lang='lat' dir='ltr'>borum</span> 
     </span>
     <span class='ocr_line' id='line_1_12' title="bbox 149 1639 1310 1724; baseline 0 -19"><span class='ocrx_word' id='word_1_92' title='bbox 149 1662 266 1724; x_wconf 90' lang='lat' dir='ltr'>quoque</span> <span class='ocrx_word' id='word_1_93' title='bbox 280 1643 448 1706; x_wconf 89' lang='lat' dir='ltr'>conditores</span> <span class='ocrx_word' id='word_1_94' title='bbox 462 1643 593 1724; x_wconf 87' lang='lat' dir='ltr'>gigantes</span> <span class='ocrx_word' id='word_1_95' title='bbox 606 1642 695 1704; x_wconf 85' lang='lat' dir='ltr'>luisse</span> <span class='ocrx_word' id='word_1_96' title='bbox 707 1639 945 1721; x_wconf 70' lang='lat' dir='ltr'>credebantur9).</span> <span class='ocrx_word' id='word_1_97' title='bbox 971 1641 1065 1723; x_wconf 76' lang='lat' dir='ltr'>Lyciis</span> <span class='ocrx_word' id='word_1_98' title='bbox 1079 1652 1178 1705; x_wconf 90' lang='lat' dir='ltr'>autem</span> <span class='ocrx_word' id='word_1_99' title='bbox 1190 1642 1310 1705; x_wconf 62' lang='grc' dir='ltr'><strong>11111Τί-</strong></span> 
     </span>
     <span class='ocr_line' id='line_1_13' title="bbox 147 1744 1308 1828; baseline -0.001 -20"><span class='ocrx_word' id='word_1_100' title='bbox 147 1745 335 1826; x_wconf 80' lang='lat' dir='ltr'>rgntbiorum</span> <span class='ocrx_word' id='word_1_101' title='bbox 345 1745 494 1807; x_wconf 89' lang='lat' dir='ltr'>moenium</span> <span class='ocrx_word' id='word_1_102' title='bbox 505 1744 706 1807; x_wconf 87' lang='lat' dir='ltr'>conditoribus</span> <span class='ocrx_word' id='word_1_103' title='bbox 714 1745 803 1819; x_wconf 79' lang='lat' dir='ltr'>etiam</span> <span class='ocrx_word' id='word_1_104' title='bbox 815 1745 975 1828; x_wconf 78' lang='lat' dir='ltr'>Cyclopum</span> <span class='ocrx_word' id='word_1_105' title='bbox 989 1762 1102 1809; x_wconf 89' lang='lat' dir='ltr'>nomen</span> <span class='ocrx_word' id='word_1_106' title='bbox 1115 1746 1243 1809; x_wconf 87' lang='lat' dir='ltr'>inditum</span> <span class='ocrx_word' id='word_1_107' title='bbox 1251 1751 1308 1819; x_wconf 87' lang='lat' dir='ltr'>eat,</span> 
     </span>
    </p>
   </div>
   <div class='ocr_carea' id='block_1_3' title="bbox 218 1910 1312 2019">
    <p class='ocr_par' dir='ltr' id='par_1_3' title="bbox 218 1910 1312 2019">
     <span class='ocr_line' id='line_1_14' title="bbox 218 1910 1312 2019; baseline 0.004 -22"><span class='ocrx_word' id='word_1_108' title='bbox 218 1947 244 2009; x_wconf 90' lang='grc'>’1)</span> <span class='ocrx_word' id='word_1_109' title='bbox 262 1946 346 1999; x_wconf 88' lang='lat' dir='ltr'>Strab.</span> <span class='ocrx_word' id='word_1_110' title='bbox 358 1945 422 2000; x_wconf 88' lang='lat' dir='ltr'>Vlll.</span> <span class='ocrx_word' id='word_1_111' title='bbox 440 1962 464 2013; x_wconf 87' lang='lat' dir='ltr'>q.</span> <span class='ocrx_word' id='word_1_112' title='bbox 476 1947 538 1998; x_wconf 70' lang='lat'>³732</span> <span class='ocrx_word' id='word_1_113' title='bbox 555 1948 590 2019; x_wconf 75' lang='grc' dir='ltr'>τῇ</span> <span class='ocrx_word' id='word_1_114' title='bbox 605 1944 659 2015; x_wconf 72' lang='grc' dir='ltr'>μὲν</span> <span class='ocrx_word' id='word_1_115' title='bbox 676 1939 728 2001; x_wconf 77' lang='grc' dir='ltr'>οὖν</span> <span class='ocrx_word' id='word_1_116' title='bbox 742 1950 862 2014; x_wconf 68' lang='grc' dir='ltr'>Τίρυνθι</span> <span class='ocrx_word' id='word_1_117' title='bbox 881 1910 1042 2017; x_wconf 70' lang='grc' dir='ltr'><em>ὁρμητηρίῳ</em></span> <span class='ocrx_word' id='word_1_118' title='bbox 1050 1942 1218 2015; x_wconf 70' lang='grc' dir='ltr'><em>χρήσασθαι</em></span> <span class='ocrx_word' id='word_1_119' title='bbox 1230 1946 1312 2003; x_wconf 74' lang='lat' dir='ltr'>tonat</span> 
     </span>
    </p>
   </div>
   <div class='ocr_carea' id='block_1_4' title="bbox 148 2026 1311 2269">
    <p class='ocr_par' dir='ltr' id='par_1_4' title="bbox 148 2026 1311 2269">
     <span class='ocr_line' id='line_1_15' title="bbox 149 2026 1311 2103; baseline 0.001 -19"><span class='ocrx_word' id='word_1_120' title='bbox 149 2035 272 2100; x_wconf 76' lang='grc' dir='ltr'><em>Προῖτος</em></span> <span class='ocrx_word' id='word_1_121' title='bbox 288 2031 334 2082; x_wconf 75' lang='grc' dir='ltr'>καὶ</span> <span class='ocrx_word' id='word_1_122' title='bbox 350 2036 471 2101; x_wconf 72' lang='grc' dir='ltr'>τειχίσαι</span> <span class='ocrx_word' id='word_1_123' title='bbox 488 2030 537 2083; x_wconf 76' lang='grc' dir='ltr'>διὰ</span> <span class='ocrx_word' id='word_1_124' title='bbox 553 2028 730 2096; x_wconf 79' lang='grc' dir='ltr'><em>Κυκλώπων,</em></span> <span class='ocrx_word' id='word_1_125' title='bbox 748 2026 795 2089; x_wconf 73' lang='grc' dir='ltr'>οὓς</span> <span class='ocrx_word' id='word_1_126' title='bbox 809 2030 881 2085; x_wconf 70' lang='lat' dir='ltr'>tura</span> <span class='ocrx_word' id='word_1_127' title='bbox 897 2033 952 2103; x_wconf 76' lang='lat' dir='ltr'>palu</span> <span class='ocrx_word' id='word_1_128' title='bbox 964 2028 1044 2096; x_wconf 73' lang='grc' dir='ltr'>εἶναι,</span> <span class='ocrx_word' id='word_1_129' title='bbox 1056 2032 1206 2084; x_wconf 72' lang='grc' dir='ltr'>καλεῖσθαι</span> <span class='ocrx_word' id='word_1_130' title='bbox 1217 2030 1248 2084; x_wconf 71' lang='grc' dir='ltr'>δὲ</span> <span class='ocrx_word' id='word_1_131' title='bbox 1260 2051 1311 2101; x_wconf 85' lang='grc' dir='ltr'>γα·</span> 
     </span>
     <span class='ocr_line' id='line_1_16' title="bbox 149 2111 1308 2187; baseline -0.001 -18"><span class='ocrx_word' id='word_1_132' title='bbox 149 2113 334 2187; x_wconf 76' lang='grc' dir='ltr'>στερόχειρας,</span> <span class='ocrx_word' id='word_1_133' title='bbox 352 2118 542 2185; x_wconf 76' lang='grc' dir='ltr'><em>τρεφομένους</em></span> <span class='ocrx_word' id='word_1_134' title='bbox 554 2114 584 2168; x_wconf 74' lang='grc' dir='ltr'>ἐκ</span> <span class='ocrx_word' id='word_1_135' title='bbox 597 2118 645 2183; x_wconf 77' lang='grc' dir='ltr'>τῆς</span> <span class='ocrx_word' id='word_1_136' title='bbox 656 2116 766 2184; x_wconf 73' lang='grc' dir='ltr'><em>τέχνης·</em></span> <span class='ocrx_word' id='word_1_137' title='bbox 784 2111 860 2183; x_wconf 79' lang='grc' dir='ltr'><em>ἥκειν</em></span> <span class='ocrx_word' id='word_1_138' title='bbox 872 2115 904 2170; x_wconf 76' lang='grc' dir='ltr'>δὲ</span> <span class='ocrx_word' id='word_1_139' title='bbox 914 2116 1138 2186; x_wconf 68' lang='grc' dir='ltr'><em>μεταπέμπτονς</em></span> <span class='ocrx_word' id='word_1_140' title='bbox 1148 2115 1180 2169; x_wconf 75' lang='lat' dir='ltr'>ia</span> <span class='ocrx_word' id='word_1_141' title='bbox 1191 2120 1308 2177; x_wconf 76' lang='grc' dir='ltr'>Λυκίας.</span> 
     </span>
     <span class='ocr_line' id='line_1_17' title="bbox 148 2199 1308 2269; baseline 0.002 -15"><span class='ocrx_word' id='word_1_142' title='bbox 148 2202 284 2255; x_wconf 78' lang='lat' dir='ltr'>Auctorem</span> <span class='ocrx_word' id='word_1_143' title='bbox 305 2201 379 2253; x_wconf 89' lang='lat' dir='ltr'>buius</span> <span class='ocrx_word' id='word_1_144' title='bbox 402 2202 556 2254; x_wconf 73' lang='lat' dir='ltr'>narrationis</span> <span class='ocrx_word' id='word_1_145' title='bbox 574 2202 692 2254; x_wconf 87' lang='lat' dir='ltr'>Straboni</span> <span class='ocrx_word' id='word_1_146' title='bbox 709 2202 861 2254; x_wconf 73' lang='lat' dir='ltr'>Hecataeum</span> <span class='ocrx_word' id='word_1_147' title='bbox 881 2201 963 2255; x_wconf 83' lang='lat' dir='ltr'>inisse</span> <span class='ocrx_word' id='word_1_148' title='bbox 981 2199 1151 2269; x_wconf 81' lang='lat' dir='ltr'>probabiliter</span> <span class='ocrx_word' id='word_1_149' title='bbox 1165 2199 1308 2256; x_wconf 72' lang='lat' dir='ltr'>Oreum</span> 
     </span>
    </p>
   </div>
   <div class='ocr_carea' id='block_1_5' title="bbox 61 2274 1309 2356">
    <p class='ocr_par' dir='ltr' id='par_1_5' title="bbox 61 2274 1309 2356">
     <span class='ocr_line' id='line_1_18' title="bbox 61 2274 1309 2356; baseline 0 -16"><span class='ocrx_word' id='word_1_150' title='bbox 61 2274 67 2283; x_wconf 73' lang='grc'><strong>’</strong></span> <span class='ocrx_word' id='word_1_151' title='bbox 148 2288 246 2350; x_wconf 82' lang='lat' dir='ltr'>statuit,</span> <span class='ocrx_word' id='word_1_152' title='bbox 258 2287 354 2339; x_wconf 80' lang='lat' dir='ltr'>illator.</span> <span class='ocrx_word' id='word_1_153' title='bbox 367 2302 405 2351; x_wconf 75' lang='lat' dir='ltr'>gr.</span> <span class='ocrx_word' id='word_1_154' title='bbox 417 2288 512 2354; x_wconf 83' lang='lat' dir='ltr'>antiqu.</span> <span class='ocrx_word' id='word_1_155' title='bbox 526 2286 614 2353; x_wconf 83' lang='lat' dir='ltr'>lragm.</span> <span class='ocrx_word' id='word_1_156' title='bbox 627 2304 650 2356; x_wconf 89' lang='lat' dir='ltr'>p.</span> <span class='ocrx_word' id='word_1_157' title='bbox 664 2290 710 2340; x_wconf 78' lang='lat' dir='ltr'>ta:</span> <span class='ocrx_word' id='word_1_158' title='bbox 724 2295 750 2339; x_wconf 89' lang='lat' dir='ltr'>et</span> <span class='ocrx_word' id='word_1_159' title='bbox 761 2288 920 2353; x_wconf 80' lang='lat' dir='ltr'>agnoscimm</span> <span class='ocrx_word' id='word_1_160' title='bbox 930 2287 1049 2339; x_wconf 79' lang='lat' dir='ltr'>Hecataei</span> <span class='ocrx_word' id='word_1_161' title='bbox 1059 2286 1184 2339; x_wconf 84' lang='lat' dir='ltr'>rationem</span> <span class='ocrx_word' id='word_1_162' title='bbox 1192 2302 1309 2352; x_wconf 76' lang='lat' dir='ltr'>pragma·</span> 
     </span>
    </p>
   </div>
   <div class='ocr_carea' id='block_1_6' title="bbox 141 2370 1309 4491">
    <p class='ocr_par' dir='ltr' id='par_1_6' title="bbox 146 2370 1309 3119">
     <span class='ocr_line' id='line_1_19' title="bbox 146 2370 1308 2439; baseline -0.001 -13"><span class='ocrx_word' id='word_1_163' title='bbox 146 2373 233 2435; x_wconf 79' lang='lat' dir='ltr'>h&#39;oam,</span> <span class='ocrx_word' id='word_1_164' title='bbox 252 2387 327 2439; x_wconf 89' lang='lat' dir='ltr'>quum</span> <span class='ocrx_word' id='word_1_165' title='bbox 343 2370 441 2424; x_wconf 87' lang='lat' dir='ltr'>labnlsa</span> <span class='ocrx_word' id='word_1_166' title='bbox 454 2373 485 2423; x_wconf 90' lang='lat' dir='ltr'>ad</span> <span class='ocrx_word' id='word_1_167' title='bbox 498 2374 621 2438; x_wconf 84' lang='lat' dir='ltr'>quandam</span> <span class='ocrx_word' id='word_1_168' title='bbox 634 2387 710 2424; x_wconf 82' lang='lat' dir='ltr'>verae</span> <span class='ocrx_word' id='word_1_169' title='bbox 721 2372 843 2425; x_wconf 81' lang='lat' dir='ltr'>historiae</span> <span class='ocrx_word' id='word_1_170' title='bbox 855 2371 1045 2426; x_wconf 84' lang='lat' dir='ltr'>similitudinem</span> <span class='ocrx_word' id='word_1_171' title='bbox 1058 2372 1192 2425; x_wconf 81' lang='lat' dir='ltr'>immutare</span> <span class='ocrx_word' id='word_1_172' title='bbox 1203 2387 1308 2425; x_wconf 88' lang='lat' dir='ltr'>conare·</span> 
     </span>
     <span class='ocr_line' id='line_1_20' title="bbox 148 2455 1308 2525; baseline -0.002 -14"><span class='ocrx_word' id='word_1_173' title='bbox 148 2465 203 2521; x_wconf 80' lang='lat' dir='ltr'>aur,</span> <span class='ocrx_word' id='word_1_174' title='bbox 219 2470 292 2523; x_wconf 82' lang='lat' dir='ltr'>quam</span> <span class='ocrx_word' id='word_1_175' title='bbox 304 2455 444 2508; x_wconf 81' lang='lat' dir='ltr'>Lobecliua</span> <span class='ocrx_word' id='word_1_176' title='bbox 456 2457 515 2523; x_wconf 79' lang='lat' dir='ltr'>Agl.</span> <span class='ocrx_word' id='word_1_177' title='bbox 527 2473 551 2525; x_wconf 90' lang='lat' dir='ltr'>p.</span> <span class='ocrx_word' id='word_1_178' title='bbox 565 2457 615 2509; x_wconf 88' lang='grc'>986</span> <span class='ocrx_word' id='word_1_179' title='bbox 632 2473 687 2509; x_wconf 90' lang='lat' dir='ltr'>enm</span> <span class='ocrx_word' id='word_1_180' title='bbox 705 2466 819 2510; x_wconf 86' lang='lat' dir='ltr'>secutum</span> <span class='ocrx_word' id='word_1_181' title='bbox 836 2474 894 2511; x_wconf 88' lang='lat' dir='ltr'>esse</span> <span class='ocrx_word' id='word_1_182' title='bbox 911 2459 1036 2523; x_wconf 87' lang='lat' dir='ltr'>ostendit,</span> <span class='ocrx_word' id='word_1_183' title='bbox 1053 2460 1129 2509; x_wconf 85' lang='lat' dir='ltr'>etiam</span> <span class='ocrx_word' id='word_1_184' title='bbox 1140 2458 1167 2509; x_wconf 85' lang='lat' dir='ltr'>in</span> <span class='ocrx_word' id='word_1_185' title='bbox 1178 2472 1225 2519; x_wconf 84' lang='lat' dir='ltr'>co,</span> <span class='ocrx_word' id='word_1_186' title='bbox 1242 2458 1308 2524; x_wconf 80' lang='lat' dir='ltr'>guod</span> 
     </span>
     <span class='ocr_line' id='line_1_21' title="bbox 148 2541 1308 2612; baseline -0.001 -16"><span class='ocrx_word' id='word_1_187' title='bbox 148 2542 274 2612; x_wconf 74' lang='lat' dir='ltr'>Cyclopea</span> <span class='ocrx_word' id='word_1_188' title='bbox 290 2543 460 2594; x_wconf 87' lang='lat' dir='ltr'>mercenarios</span> <span class='ocrx_word' id='word_1_189' title='bbox 473 2544 593 2608; x_wconf 84' lang='lat' dir='ltr'>quosdam</span> <span class='ocrx_word' id='word_1_190' title='bbox 605 2541 679 2603; x_wconf 87' lang='lat' dir='ltr'>iecit,</span> <span class='ocrx_word' id='word_1_191' title='bbox 696 2559 812 2595; x_wconf 86' lang='lat' dir='ltr'>manuum</span> <span class='ocrx_word' id='word_1_192' title='bbox 829 2558 907 2610; x_wconf 90' lang='lat' dir='ltr'>opera</span> <span class='ocrx_word' id='word_1_193' title='bbox 923 2543 1019 2595; x_wconf 88' lang='lat' dir='ltr'>vietum</span> <span class='ocrx_word' id='word_1_194' title='bbox 1035 2550 1185 2611; x_wconf 80' lang='lat' dir='ltr'>quaerentes</span> <span class='ocrx_word' id='word_1_195' title='bbox 1202 2543 1308 2609; x_wconf 80' lang='lat' dir='ltr'>ideoque</span> 
     </span>
     <span class='ocr_line' id='line_1_22' title="bbox 147 2623 1309 2699; baseline 0.003 -21"><span class='ocrx_word' id='word_1_196' title='bbox 147 2623 362 2699; x_wconf 75' lang='grc' dir='ltr'><em>γασιερόχαρας</em></span> <span class='ocrx_word' id='word_1_197' title='bbox 375 2628 465 2678; x_wconf 89' lang='lat' dir='ltr'>dictos.</span> <span class='ocrx_word' id='word_1_198' title='bbox 488 2624 626 2678; x_wconf 85' lang='lat' dir='ltr'>Genuinam</span> <span class='ocrx_word' id='word_1_199' title='bbox 639 2628 735 2679; x_wconf 86' lang='lat' dir='ltr'>veteris</span> <span class='ocrx_word' id='word_1_200' title='bbox 744 2626 844 2680; x_wconf 89' lang='lat' dir='ltr'>isbulae</span> <span class='ocrx_word' id='word_1_201' title='bbox 853 2627 959 2680; x_wconf 82' lang='lat' dir='ltr'>formam</span> <span class='ocrx_word' id='word_1_202' title='bbox 968 2628 1067 2680; x_wconf 79' lang='lat' dir='ltr'>fidelius</span> <span class='ocrx_word' id='word_1_203' title='bbox 1077 2642 1196 2680; x_wconf 81' lang='lat' dir='ltr'>seruasse</span> <span class='ocrx_word' id='word_1_204' title='bbox 1206 2628 1309 2681; x_wconf 80' lang='lat' dir='ltr'>videtur</span> 
     </span>
     <span class='ocr_line' id='line_1_23' title="bbox 149 2710 1308 2783; baseline 0 -17"><span class='ocrx_word' id='word_1_205' title='bbox 149 2714 319 2783; x_wconf 72' lang='lat' dir='ltr'>Pherecydes,</span> <span class='ocrx_word' id='word_1_206' title='bbox 337 2713 379 2779; x_wconf 87' lang='lat' dir='ltr'>qui</span> <span class='ocrx_word' id='word_1_207' title='bbox 395 2712 455 2764; x_wconf 89' lang='lat' dir='ltr'>item</span> <span class='ocrx_word' id='word_1_208' title='bbox 468 2710 605 2782; x_wconf 73' lang='lat' dir='ltr'>Cyclopum</span> <span class='ocrx_word' id='word_1_209' title='bbox 623 2714 775 2765; x_wconf 84' lang='lat' dir='ltr'>mentionem</span> <span class='ocrx_word' id='word_1_210' title='bbox 791 2712 864 2779; x_wconf 85' lang='lat' dir='ltr'>iecit,</span> <span class='ocrx_word' id='word_1_211' title='bbox 881 2726 974 2781; x_wconf 85' lang='lat' dir='ltr'>eosque</span> <span class='ocrx_word' id='word_1_212' title='bbox 991 2728 1006 2764; x_wconf 99' lang='lat' dir='ltr'>a</span> <span class='ocrx_word' id='word_1_213' title='bbox 1019 2712 1113 2765; x_wconf 85' lang='lat' dir='ltr'>Perseo</span> <span class='ocrx_word' id='word_1_214' title='bbox 1124 2714 1151 2765; x_wconf 88' lang='lat' dir='ltr'>ln</span> <span class='ocrx_word' id='word_1_215' title='bbox 1162 2713 1308 2782; x_wconf 70' lang='lat' dir='ltr'>Argolide}</span> 
     </span>
     <span class='ocr_line' id='line_1_24' title="bbox 147 2796 1308 2866; baseline 0.002 -17"><span class='ocrx_word' id='word_1_216' title='bbox 147 2815 161 2850; x_wconf 90' lang='lat' dir='ltr'>e</span> <span class='ocrx_word' id='word_1_217' title='bbox 180 2799 285 2866; x_wconf 78' lang='lat' dir='ltr'>Seripho</span> <span class='ocrx_word' id='word_1_218' title='bbox 302 2799 423 2851; x_wconf 85' lang='lat' dir='ltr'>deductos</span> <span class='ocrx_word' id='word_1_219' title='bbox 438 2798 554 2850; x_wconf 85' lang='lat' dir='ltr'>tradidit.</span> <span class='ocrx_word' id='word_1_220' title='bbox 578 2797 662 2848; x_wconf 75' lang='lat' dir='ltr'>Sobel.</span> <span class='ocrx_word' id='word_1_221' title='bbox 678 2797 941 2865; x_wconf 79' lang='lat' dir='ltr'>Apolloe.1v,toe⁰.</span> <span class='ocrx_word' id='word_1_222' title='bbox 966 2796 1030 2849; x_wconf 86' lang='lat' dir='ltr'>Nam</span> <span class='ocrx_word' id='word_1_223' title='bbox 1041 2797 1161 2862; x_wconf 77' lang='lat' dir='ltr'>brentam,</span> <span class='ocrx_word' id='word_1_224' title='bbox 1173 2798 1308 2865; x_wconf 80' lang='lat' dir='ltr'>Steropes,</span> 
     </span>
     <span class='ocr_line' id='line_1_25' title="bbox 146 2879 1306 2951; baseline 0.001 -16"><span class='ocrx_word' id='word_1_225' title='bbox 146 2881 245 2947; x_wconf 85' lang='lat' dir='ltr'>Argen.</span> <span class='ocrx_word' id='word_1_226' title='bbox 263 2898 324 2948; x_wconf 89' lang='lat' dir='ltr'>quos</span> <span class='ocrx_word' id='word_1_227' title='bbox 342 2880 386 2935; x_wconf 89' lang='lat' dir='ltr'>ille</span> <span class='ocrx_word' id='word_1_228' title='bbox 397 2882 523 2949; x_wconf 72' lang='lat' dir='ltr'>Cyclopes</span> <span class='ocrx_word' id='word_1_229' title='bbox 542 2882 679 2935; x_wconf 84' lang='lat' dir='ltr'>nominauit</span> <span class='ocrx_word' id='word_1_230' title='bbox 691 2879 784 2945; x_wconf 76' lang='lat' dir='ltr'>(schol.</span> <span class='ocrx_word' id='word_1_231' title='bbox 798 2881 859 2934; x_wconf 80' lang='lat' dir='ltr'>Eur.</span> <span class='ocrx_word' id='word_1_232' title='bbox 872 2880 928 2935; x_wconf 83' lang='lat' dir='ltr'>Alc</span> <span class='ocrx_word' id='word_1_233' title='bbox 942 2898 966 2933; x_wconf 86' lang='lat' dir='ltr'>v.</span> <span class='ocrx_word' id='word_1_234' title='bbox 981 2882 1014 2944; x_wconf 87' lang='lat'>1.)</span> <span class='ocrx_word' id='word_1_235' title='bbox 1027 2882 1072 2934; x_wconf 83' lang='lat' dir='ltr'>vix</span> <span class='ocrx_word' id='word_1_236' title='bbox 1083 2899 1130 2951; x_wconf 87' lang='lat' dir='ltr'>pro</span> <span class='ocrx_word' id='word_1_237' title='bbox 1141 2883 1306 2936; x_wconf 84' lang='lat' dir='ltr'>mercenariis</span> 
     </span>
     <span class='ocr_line' id='line_1_26' title="bbox 146 2965 1307 3036; baseline 0.001 -16"><span class='ocrx_word' id='word_1_238' title='bbox 146 2968 236 3021; x_wconf 85' lang='lat' dir='ltr'>haberi</span> <span class='ocrx_word' id='word_1_239' title='bbox 249 2967 362 3032; x_wconf 89' lang='lat' dir='ltr'>potuisse</span> <span class='ocrx_word' id='word_1_240' title='bbox 374 2966 473 3018; x_wconf 86' lang='lat' dir='ltr'>credas.</span> <span class='ocrx_word' id='word_1_241' title='bbox 497 2965 603 3018; x_wconf 89' lang='lat' dir='ltr'>Praeter</span> <span class='ocrx_word' id='word_1_242' title='bbox 613 2967 660 3018; x_wconf 87' lang='lat' dir='ltr'>bos</span> <span class='ocrx_word' id='word_1_243' title='bbox 672 2965 771 3018; x_wconf 88' lang='lat' dir='ltr'>Aorteu</span> <span class='ocrx_word' id='word_1_244' title='bbox 783 2965 921 3036; x_wconf 75' lang='lat' dir='ltr'>Cyclopem</span> <span class='ocrx_word' id='word_1_245' title='bbox 932 2967 963 3018; x_wconf 85' lang='lat' dir='ltr'>ab</span> <span class='ocrx_word' id='word_1_246' title='bbox 976 2983 1007 3019; x_wconf 92' lang='lat' dir='ltr'>eo</span> <span class='ocrx_word' id='word_1_247' title='bbox 1019 2975 1239 3020; x_wconf 83' lang='lat' dir='ltr'>commemoratum</span> <span class='ocrx_word' id='word_1_248' title='bbox 1249 2983 1307 3021; x_wconf 83' lang='lat' dir='ltr'>esse</span> 
     </span>
     <span class='ocr_line' id='line_1_27' title="bbox 151 3050 529 3119; baseline -0.005 -15"><span class='ocrx_word' id='word_1_249' title='bbox 151 3069 166 3104; x_wconf 87' lang='lat' dir='ltr'>e</span> <span class='ocrx_word' id='word_1_250' title='bbox 177 3050 282 3104; x_wconf 86' lang='lat' dir='ltr'>Polluce</span> <span class='ocrx_word' id='word_1_251' title='bbox 292 3051 328 3119; x_wconf 84' lang='lat' dir='ltr'>X,</span> <span class='ocrx_word' id='word_1_252' title='bbox 342 3052 389 3103; x_wconf 85' lang='grc'>139</span> <span class='ocrx_word' id='word_1_253' title='bbox 401 3051 529 3103; x_wconf 89' lang='lat' dir='ltr'>discimus.</span> 
     </span>
    </p>

    <p class='ocr_par' dir='ltr' id='par_1_7' title="bbox 145 3132 1305 3290">
     <span class='ocr_line' id='line_1_28' title="bbox 214 3132 1305 3209; baseline 0.006 -24"><span class='ocrx_word' id='word_1_254' title='bbox 214 3137 240 3201; x_wconf 82' lang='grc'>9)</span> <span class='ocrx_word' id='word_1_255' title='bbox 258 3140 391 3205; x_wconf 71' lang='grc' dir='ltr'>Γιγαντία</span> <span class='ocrx_word' id='word_1_256' title='bbox 407 3132 424 3203; x_wconf 81' lang='grc' dir='ltr'><em>ἡ</em></span> <span class='ocrx_word' id='word_1_257' title='bbox 441 3138 537 3189; x_wconf 80' lang='grc' dir='ltr'><em>Λυκία</em></span> <span class='ocrx_word' id='word_1_258' title='bbox 554 3134 694 3208; x_wconf 72' lang='grc' dir='ltr'><em>πρότερον</em></span> <span class='ocrx_word' id='word_1_259' title='bbox 709 3137 757 3188; x_wconf 77' lang='lat' dir='ltr'>sot</span> <span class='ocrx_word' id='word_1_260' title='bbox 773 3138 803 3190; x_wconf 82' lang='lat' dir='ltr'>ol</span> <span class='ocrx_word' id='word_1_261' title='bbox 816 3137 1011 3197; x_wconf 68' lang='lat' dir='ltr'>accomodatas</span> <span class='ocrx_word' id='word_1_262' title='bbox 1026 3140 1165 3207; x_wconf 79' lang='lat' dir='ltr'>rtyeosss.</span> <span class='ocrx_word' id='word_1_263' title='bbox 1194 3137 1305 3209; x_wconf 71' lang='lat' dir='ltr'>neapoli.</span> 
     </span>
     <span class='ocr_line' id='line_1_29' title="bbox 145 3220 869 3290; baseline -0.001 -13"><span class='ocrx_word' id='word_1_264' title='bbox 145 3239 166 3277; x_wconf 88' lang='lat' dir='ltr'>a.</span> <span class='ocrx_word' id='word_1_265' title='bbox 180 3238 205 3275; x_wconf 86' lang='grc' dir='ltr'>ν.</span> <span class='ocrx_word' id='word_1_266' title='bbox 218 3221 281 3276; x_wconf 75' lang='lat' dir='ltr'>Lex.</span> <span class='ocrx_word' id='word_1_267' title='bbox 294 3221 397 3287; x_wconf 78' lang='lat' dir='ltr'>Segner.</span> <span class='ocrx_word' id='word_1_268' title='bbox 411 3236 435 3286; x_wconf 89' lang='lat' dir='ltr'>p.</span> <span class='ocrx_word' id='word_1_269' title='bbox 448 3220 507 3285; x_wconf 85' lang='grc'><strong>232,</strong></span> <span class='ocrx_word' id='word_1_270' title='bbox 520 3221 561 3272; x_wconf 93' lang='grc'>19.</span> <span class='ocrx_word' id='word_1_271' title='bbox 572 3221 657 3290; x_wconf 70' lang='lat' dir='ltr'>Atym.</span> <span class='ocrx_word' id='word_1_272' title='bbox 671 3221 707 3273; x_wconf 84' lang='lat' dir='ltr'>ll.</span> <span class='ocrx_word' id='word_1_273' title='bbox 719 3236 743 3289; x_wconf 96' lang='lat' dir='ltr'>p.</span> <span class='ocrx_word' id='word_1_274' title='bbox 755 3222 815 3289; x_wconf 88' lang='grc'>221,</span> <span class='ocrx_word' id='word_1_275' title='bbox 829 3225 869 3276; x_wconf 87' lang='grc'>19.</span> 
     </span>
    </p>

    <p class='ocr_par' dir='ltr' id='par_1_8' title="bbox 141 3304 1306 4491">
     <span class='ocr_line' id='line_1_30' title="bbox 214 3304 1305 3378; baseline 0.005 -19"><span class='ocrx_word' id='word_1_276' title='bbox 214 3308 240 3372; x_wconf 89' lang='grc'>9)</span> <span class='ocrx_word' id='word_1_277' title='bbox 259 3307 344 3375; x_wconf 89' lang='lat' dir='ltr'>Stepb.</span> <span class='ocrx_word' id='word_1_278' title='bbox 356 3306 418 3375; x_wconf 74' lang='lat' dir='ltr'>lips.</span> <span class='ocrx_word' id='word_1_279' title='bbox 435 3321 456 3357; x_wconf 88' lang='lat' dir='ltr'>s.</span> <span class='ocrx_word' id='word_1_280' title='bbox 474 3322 499 3358; x_wconf 90' lang='lat' dir='ltr'>v.</span> <span class='ocrx_word' id='word_1_281' title='bbox 511 3308 662 3372; x_wconf 73' lang='lat' dir='ltr'>Bicpsxoc,</span> <span class='ocrx_word' id='word_1_282' title='bbox 677 3307 745 3372; x_wconf 85' lang='lat' dir='ltr'>quod</span> <span class='ocrx_word' id='word_1_283' title='bbox 756 3324 845 3361; x_wconf 87' lang='lat' dir='ltr'>nomen</span> <span class='ocrx_word' id='word_1_284' title='bbox 856 3309 955 3361; x_wconf 88' lang='lat' dir='ltr'>insulae</span> <span class='ocrx_word' id='word_1_285' title='bbox 965 3306 1015 3361; x_wconf 81' lang='lat' dir='ltr'>init</span> <span class='ocrx_word' id='word_1_286' title='bbox 1026 3308 1111 3378; x_wconf 85' lang='lat' dir='ltr'>portui</span> <span class='ocrx_word' id='word_1_287' title='bbox 1122 3304 1305 3378; x_wconf 76' lang='lat' dir='ltr'>Cyzicenorum</span> 
     </span>
     <span class='ocr_line' id='line_1_31' title="bbox 145 3386 1305 3469; baseline 0.003 -24"><span class='ocrx_word' id='word_1_288' title='bbox 145 3392 273 3445; x_wconf 82' lang='lat' dir='ltr'>obiectae:</span> <span class='ocrx_word' id='word_1_289' title='bbox 286 3386 458 3457; x_wconf 72' lang='grc' dir='ltr'><em>Ἀγαθοκλῆς</em></span> <span class='ocrx_word' id='word_1_290' title='bbox 468 3389 500 3442; x_wconf 70' lang='grc' dir='ltr'>ἐν</span> <span class='ocrx_word' id='word_1_291' title='bbox 512 3387 608 3461; x_wconf 74' lang='grc' dir='ltr'><em>πρώτῃ</em></span> <span class='ocrx_word' id='word_1_292' title='bbox 621 3392 686 3463; x_wconf 74' lang='grc' dir='ltr'>περὶ</span> <span class='ocrx_word' id='word_1_293' title='bbox 697 3393 820 3453; x_wconf 78' lang='grc' dir='ltr'><strong><em>Κυζίκου</em></strong></span> <span class='ocrx_word' id='word_1_294' title='bbox 832 3398 936 3463; x_wconf 77' lang='grc' dir='ltr'>φησίν,</span> <span class='ocrx_word' id='word_1_295' title='bbox 951 3388 997 3446; x_wconf 76' lang='grc' dir='ltr'>ὅτι</span> <span class='ocrx_word' id='word_1_296' title='bbox 1008 3397 1113 3464; x_wconf 73' lang='grc' dir='ltr'><em>κτίσμα</em></span> <span class='ocrx_word' id='word_1_297' title='bbox 1125 3391 1185 3446; x_wconf 73' lang='grc' dir='ltr'>ἐστὶ</span> <span class='ocrx_word' id='word_1_298' title='bbox 1198 3397 1305 3469; x_wconf 72' lang='grc' dir='ltr'><em>Φερσε-</em></span> 
     </span>
     <span class='ocr_line' id='line_1_32' title="bbox 144 3469 1306 3549; baseline 0.003 -21"><span class='ocrx_word' id='word_1_299' title='bbox 144 3473 234 3548; x_wconf 76' lang='grc' dir='ltr'><em>φόνης</em></span> <span class='ocrx_word' id='word_1_300' title='bbox 250 3478 295 3527; x_wconf 73' lang='grc' dir='ltr'>καὶ</span> <span class='ocrx_word' id='word_1_301' title='bbox 313 3471 405 3544; x_wconf 82' lang='grc' dir='ltr'><em>ὄνομα</em></span> <span class='ocrx_word' id='word_1_302' title='bbox 422 3469 479 3543; x_wconf 69' lang='grc' dir='ltr'>ἔχει</span> <span class='ocrx_word' id='word_1_303' title='bbox 496 3478 640 3544; x_wconf 68' lang='grc' dir='ltr'><em>γίγαντος·</em></span> <span class='ocrx_word' id='word_1_304' title='bbox 664 3477 694 3526; x_wconf 76' lang='grc' dir='ltr'>οἱ</span> <span class='ocrx_word' id='word_1_305' title='bbox 708 3474 763 3547; x_wconf 77' lang='grc' dir='ltr'>γὰρ</span> <span class='ocrx_word' id='word_1_306' title='bbox 780 3481 909 3545; x_wconf 76' lang='grc' dir='ltr'>γίγαντες</span> <span class='ocrx_word' id='word_1_307' title='bbox 929 3473 1138 3546; x_wconf 72' lang='grc' dir='ltr'>ἀπορρήξαντες</span> <span class='ocrx_word' id='word_1_308' title='bbox 1158 3477 1306 3549; x_wconf 67' lang='grc' dir='ltr'><em>αἶγιαὶοιίς</em></span> 
     </span>
     <span class='ocr_line' id='line_1_33' title="bbox 143 3557 1303 3630; baseline 0.007 -17"><span class='ocrx_word' id='word_1_309' title='bbox 143 3557 318 3617; x_wconf 65' lang='lat' dir='ltr'>indisertis&amp;</span> <span class='ocrx_word' id='word_1_310' title='bbox 336 3561 384 3626; x_wconf 78' lang='grc' dir='ltr'>τῆς</span> <span class='ocrx_word' id='word_1_311' title='bbox 401 3558 558 3627; x_wconf 73' lang='grc' dir='ltr'><strong><em>θαλάσσης,</em></strong></span> <span class='ocrx_word' id='word_1_312' title='bbox 584 3558 707 3630; x_wconf 73' lang='grc' dir='ltr'><em>ἐγχῶσαι</em></span> <span class='ocrx_word' id='word_1_313' title='bbox 724 3558 772 3618; x_wconf 74' lang='grc' dir='ltr'>τὰς</span> <span class='ocrx_word' id='word_1_314' title='bbox 788 3558 903 3628; x_wconf 67' lang='lat' dir='ltr'>defluitis</span> <span class='ocrx_word' id='word_1_315' title='bbox 919 3562 971 3616; x_wconf 82' lang='lat' dir='ltr'>acui</span> <span class='ocrx_word' id='word_1_316' title='bbox 984 3557 1137 3615; x_wconf 78' lang='grc' dir='ltr'><em>Ῥυνδακοῦ</em></span> <span class='ocrx_word' id='word_1_317' title='bbox 1154 3563 1303 3629; x_wconf 75' lang='grc' dir='ltr'>ζητοῦντες.</span> 
     </span>
     <span class='ocr_line' id='line_1_34' title="bbox 143 3645 1304 3719; baseline 0.003 -18"><span class='ocrx_word' id='word_1_318' title='bbox 143 3648 251 3701; x_wconf 75' lang='lat' dir='ltr'>Eosdem</span> <span class='ocrx_word' id='word_1_319' title='bbox 267 3647 420 3714; x_wconf 89' lang='lat' dir='ltr'>Apollonius</span> <span class='ocrx_word' id='word_1_320' title='bbox 437 3645 527 3715; x_wconf 72' lang='lat' dir='ltr'>Argi,</span> <span class='ocrx_word' id='word_1_321' title='bbox 544 3647 603 3711; x_wconf 81' lang='grc'><strong>999,</strong></span> <span class='ocrx_word' id='word_1_322' title='bbox 615 3652 753 3717; x_wconf 76' lang='grc' dir='ltr'><em>Γηγενέας</em></span> <span class='ocrx_word' id='word_1_323' title='bbox 769 3648 840 3714; x_wconf 87' lang='lat' dir='ltr'>dicit,</span> <span class='ocrx_word' id='word_1_324' title='bbox 857 3650 882 3702; x_wconf 81' lang='lat' dir='ltr'>l.</span> <span class='ocrx_word' id='word_1_325' title='bbox 893 3664 916 3701; x_wconf 92' lang='lat' dir='ltr'>e.</span> <span class='ocrx_word' id='word_1_326' title='bbox 929 3648 1092 3718; x_wconf 81' lang='lat' dir='ltr'>Terrigenas,</span> <span class='ocrx_word' id='word_1_327' title='bbox 1113 3667 1186 3719; x_wconf 84' lang='lat' dir='ltr'>quam</span> <span class='ocrx_word' id='word_1_328' title='bbox 1206 3652 1304 3719; x_wconf 77' lang='lat' dir='ltr'>signib-</span> 
     </span>
     <span class='ocr_line' id='line_1_35' title="bbox 143 3731 1304 3803; baseline 0.005 -17"><span class='ocrx_word' id='word_1_329' title='bbox 143 3734 270 3786; x_wconf 87' lang='lat' dir='ltr'>cstiouem</span> <span class='ocrx_word' id='word_1_330' title='bbox 287 3733 398 3800; x_wconf 86' lang='lat' dir='ltr'>plerique</span> <span class='ocrx_word' id='word_1_331' title='bbox 414 3739 442 3783; x_wconf 93' lang='lat' dir='ltr'>et</span> <span class='ocrx_word' id='word_1_332' title='bbox 458 3740 559 3785; x_wconf 85' lang='lat' dir='ltr'>ueteres</span> <span class='ocrx_word' id='word_1_333' title='bbox 576 3741 603 3785; x_wconf 91' lang='lat' dir='ltr'>et</span> <span class='ocrx_word' id='word_1_334' title='bbox 619 3733 775 3786; x_wconf 88' lang='lat' dir='ltr'>recentiores</span> <span class='ocrx_word' id='word_1_335' title='bbox 792 3734 870 3786; x_wconf 88' lang='lat' dir='ltr'>etiam</span> <span class='ocrx_word' id='word_1_336' title='bbox 885 3734 912 3786; x_wconf 90' lang='lat' dir='ltr'>in</span> <span class='ocrx_word' id='word_1_337' title='bbox 929 3731 1069 3803; x_wconf 72' lang='grc' dir='ltr'><em>γιγάντων</em></span> <span class='ocrx_word' id='word_1_338' title='bbox 1080 3737 1204 3789; x_wconf 81' lang='lat' dir='ltr'>vocabulo</span> <span class='ocrx_word' id='word_1_339' title='bbox 1219 3741 1304 3792; x_wconf 87' lang='lat' dir='ltr'>inesse</span> 
     </span>
     <span class='ocr_line' id='line_1_36' title="bbox 143 3817 1303 3891; baseline 0.003 -18"><span class='ocrx_word' id='word_1_340' title='bbox 143 3821 262 3873; x_wconf 74' lang='lat' dir='ltr'>madunt:</span> <span class='ocrx_word' id='word_1_341' title='bbox 279 3817 377 3871; x_wconf 72' lang='lat' dir='ltr'>Alcone</span> <span class='ocrx_word' id='word_1_342' title='bbox 389 3833 419 3869; x_wconf 93' lang='lat' dir='ltr'>an</span> <span class='ocrx_word' id='word_1_343' title='bbox 432 3834 505 3883; x_wconf 87' lang='lat' dir='ltr'>vera,</span> <span class='ocrx_word' id='word_1_344' title='bbox 524 3835 573 3871; x_wconf 88' lang='lat' dir='ltr'>non</span> <span class='ocrx_word' id='word_1_345' title='bbox 587 3835 650 3886; x_wconf 87' lang='lat' dir='ltr'>opus</span> <span class='ocrx_word' id='word_1_346' title='bbox 662 3827 702 3872; x_wconf 91' lang='lat' dir='ltr'>est</span> <span class='ocrx_word' id='word_1_347' title='bbox 715 3835 779 3871; x_wconf 90' lang='lat' dir='ltr'>nnuc</span> <span class='ocrx_word' id='word_1_348' title='bbox 791 3821 885 3887; x_wconf 86' lang='lat' dir='ltr'>quaeri.</span> <span class='ocrx_word' id='word_1_349' title='bbox 911 3819 960 3871; x_wconf 89' lang='lat' dir='ltr'>Sed</span> <span class='ocrx_word' id='word_1_350' title='bbox 972 3819 1097 3874; x_wconf 83' lang='lat' dir='ltr'>Deiocbns</span> <span class='ocrx_word' id='word_1_351' title='bbox 1109 3821 1303 3891; x_wconf 84' lang='lat' dir='ltr'>Proconnesius,</span> 
     </span>
     <span class='ocr_line' id='line_1_37' title="bbox 142 3903 1303 3975; baseline 0.002 -15"><span class='ocrx_word' id='word_1_352' title='bbox 142 3907 220 3960; x_wconf 85' lang='lat' dir='ltr'>medii</span> <span class='ocrx_word' id='word_1_353' title='bbox 231 3905 287 3959; x_wconf 88' lang='lat' dir='ltr'>lere</span> <span class='ocrx_word' id='word_1_354' title='bbox 298 3903 394 3958; x_wconf 76' lang='lat' dir='ltr'>ueculi</span> <span class='ocrx_word' id='word_1_355' title='bbox 406 3904 488 3970; x_wconf 82' lang='lat' dir='ltr'>quinti</span> <span class='ocrx_word' id='word_1_356' title='bbox 500 3920 523 3956; x_wconf 90' lang='lat' dir='ltr'>a.</span> <span class='ocrx_word' id='word_1_357' title='bbox 535 3904 562 3956; x_wconf 85' lang='lat' dir='ltr'>C.</span> <span class='ocrx_word' id='word_1_358' title='bbox 576 3907 702 3974; x_wconf 86' lang='lat' dir='ltr'>scriptor,</span> <span class='ocrx_word' id='word_1_359' title='bbox 719 3906 825 3958; x_wconf 89' lang='lat' dir='ltr'>similem</span> <span class='ocrx_word' id='word_1_360' title='bbox 840 3907 961 3973; x_wconf 84' lang='lat' dir='ltr'>quandam</span> <span class='ocrx_word' id='word_1_361' title='bbox 974 3923 1030 3959; x_wconf 88' lang='lat' dir='ltr'>cam</span> <span class='ocrx_word' id='word_1_362' title='bbox 1041 3907 1166 3975; x_wconf 70' lang='lat' dir='ltr'>Hecataeo</span> <span class='ocrx_word' id='word_1_363' title='bbox 1178 3910 1303 3963; x_wconf 85' lang='lat' dir='ltr'>rationem</span> 
     </span>
     <span class='ocr_line' id='line_1_38' title="bbox 143 3989 1302 4066; baseline 0.003 -20"><span class='ocrx_word' id='word_1_364' title='bbox 143 3993 324 4060; x_wconf 85' lang='lat' dir='ltr'>pragmaticam</span> <span class='ocrx_word' id='word_1_365' title='bbox 341 3998 460 4054; x_wconf 86' lang='lat' dir='ltr'>secutus,</span> <span class='ocrx_word' id='word_1_366' title='bbox 472 3989 614 4058; x_wconf 80' lang='lat' dir='ltr'>Cyzicenos</span> <span class='ocrx_word' id='word_1_367' title='bbox 631 3993 695 4044; x_wconf 88' lang='lat' dir='ltr'>istos</span> <span class='ocrx_word' id='word_1_368' title='bbox 711 4009 759 4044; x_wconf 88' lang='lat' dir='ltr'>non</span> <span class='ocrx_word' id='word_1_369' title='bbox 775 3990 891 4058; x_wconf 80' lang='lat' dir='ltr'>gigantes</span> <span class='ocrx_word' id='word_1_370' title='bbox 906 3993 1024 4045; x_wconf 88' lang='lat' dir='ltr'>seditem</span> <span class='ocrx_word' id='word_1_371' title='bbox 1036 3994 1207 4048; x_wconf 89' lang='lat' dir='ltr'>mercenarios</span> <span class='ocrx_word' id='word_1_372' title='bbox 1219 3992 1302 4066; x_wconf 80' lang='grc' dir='ltr'><em>ι’γγα-</em></span> 
     </span>
     <span class='ocr_line' id='line_1_39' title="bbox 143 4074 1302 4148; baseline 0.003 -17"><span class='ocrx_word' id='word_1_373' title='bbox 143 4075 308 4147; x_wconf 73' lang='grc' dir='ltr'><em>στρόχειρας</em></span> <span class='ocrx_word' id='word_1_374' title='bbox 324 4076 404 4129; x_wconf 84' lang='lat' dir='ltr'>luisse</span> <span class='ocrx_word' id='word_1_375' title='bbox 422 4074 533 4128; x_wconf 82' lang='lat' dir='ltr'>soluite</span> <span class='ocrx_word' id='word_1_376' title='bbox 550 4076 680 4129; x_wconf 86' lang='lat' dir='ltr'>Thessalia</span> <span class='ocrx_word' id='word_1_377' title='bbox 702 4079 836 4140; x_wconf 85' lang='lat' dir='ltr'>advectos,</span> <span class='ocrx_word' id='word_1_378' title='bbox 861 4078 1064 4145; x_wconf 87' lang='lat' dir='ltr'>quemadmodum</span> <span class='ocrx_word' id='word_1_379' title='bbox 1087 4081 1167 4134; x_wconf 86' lang='lat' dir='ltr'>schol.</span> <span class='ocrx_word' id='word_1_380' title='bbox 1184 4079 1302 4148; x_wconf 87' lang='lat' dir='ltr'>Apellea.</span> 
     </span>
     <span class='ocr_line' id='line_1_40' title="bbox 141 4154 1302 4231; baseline 0.004 -16"><span class='ocrx_word' id='word_1_381' title='bbox 141 4162 162 4228; x_wconf 88' lang='lat' dir='ltr'>l,</span> <span class='ocrx_word' id='word_1_382' title='bbox 174 4154 224 4216; x_wconf 88' lang='grc'>996</span> <span class='ocrx_word' id='word_1_383' title='bbox 241 4165 278 4230; x_wconf 86' lang='lat' dir='ltr'>(in</span> <span class='ocrx_word' id='word_1_384' title='bbox 294 4164 347 4215; x_wconf 90' lang='lat' dir='ltr'>cod.</span> <span class='ocrx_word' id='word_1_385' title='bbox 361 4161 443 4214; x_wconf 87' lang='lat' dir='ltr'>Paris.</span> <span class='ocrx_word' id='word_1_386' title='bbox 459 4179 499 4230; x_wconf 91' lang='lat' dir='ltr'>ap.</span> <span class='ocrx_word' id='word_1_387' title='bbox 513 4161 539 4213; x_wconf 85' lang='lat' dir='ltr'>C.</span> <span class='ocrx_word' id='word_1_388' title='bbox 554 4161 655 4230; x_wconf 84' lang='lat' dir='ltr'>Miiller,</span> <span class='ocrx_word' id='word_1_389' title='bbox 666 4162 766 4230; x_wconf 82' lang='lat' dir='ltr'>Fragm.</span> <span class='ocrx_word' id='word_1_390' title='bbox 779 4166 870 4216; x_wconf 90' lang='lat' dir='ltr'>histor.</span> <span class='ocrx_word' id='word_1_391' title='bbox 887 4180 926 4229; x_wconf 81' lang='lat' dir='ltr'>gr.</span> <span class='ocrx_word' id='word_1_392' title='bbox 941 4165 962 4218; x_wconf 91' lang='grc'>11</span> <span class='ocrx_word' id='word_1_393' title='bbox 979 4180 1003 4231; x_wconf 89' lang='lat' dir='ltr'>p.</span> <span class='ocrx_word' id='word_1_394' title='bbox 1017 4166 1067 4231; x_wconf 88' lang='grc'><strong>18.)</strong></span> <span class='ocrx_word' id='word_1_395' title='bbox 1079 4165 1167 4220; x_wconf 86' lang='lat' dir='ltr'>reiert.</span> <span class='ocrx_word' id='word_1_396' title='bbox 1192 4167 1246 4219; x_wconf 83' lang='lat' dir='ltr'>Nec</span> <span class='ocrx_word' id='word_1_397' title='bbox 1261 4169 1302 4220; x_wconf 91' lang='lat' dir='ltr'>di-</span> 
     </span>
     <span class='ocr_line' id='line_1_41' title="bbox 143 4246 1299 4323; baseline 0.006 -24"><span class='ocrx_word' id='word_1_398' title='bbox 143 4263 219 4299; x_wconf 82' lang='lat' dir='ltr'>versa</span> <span class='ocrx_word' id='word_1_399' title='bbox 234 4246 283 4300; x_wconf 82' lang='lat' dir='ltr'>luit</span> <span class='ocrx_word' id='word_1_400' title='bbox 297 4264 385 4302; x_wconf 89' lang='lat' dir='ltr'>eorum</span> <span class='ocrx_word' id='word_1_401' title='bbox 402 4249 541 4313; x_wconf 88' lang='lat' dir='ltr'>sententia,</span> <span class='ocrx_word' id='word_1_402' title='bbox 558 4249 599 4317; x_wconf 87' lang='lat' dir='ltr'>qui</span> <span class='ocrx_word' id='word_1_403' title='bbox 611 4264 657 4301; x_wconf 92' lang='lat' dir='ltr'>eos</span> <span class='ocrx_word' id='word_1_404' title='bbox 668 4247 790 4314; x_wconf 81' lang='lat' dir='ltr'>Pelasgos</span> <span class='ocrx_word' id='word_1_405' title='bbox 802 4251 930 4303; x_wconf 77' lang='lat' dir='ltr'>dixerunt.</span> <span class='ocrx_word' id='word_1_406' title='bbox 941 4249 1025 4303; x_wconf 87' lang='lat' dir='ltr'>Schoi.</span> <span class='ocrx_word' id='word_1_407' title='bbox 1037 4252 1084 4318; x_wconf 89' lang='lat' dir='ltr'>Ap.</span> <span class='ocrx_word' id='word_1_408' title='bbox 1097 4251 1116 4319; x_wconf 92' lang='lat' dir='ltr'>l,</span> <span class='ocrx_word' id='word_1_409' title='bbox 1130 4254 1187 4306; x_wconf 84' lang='grc'><strong>981.</strong></span> <span class='ocrx_word' id='word_1_410' title='bbox 1211 4254 1299 4323; x_wconf 85' lang='lat' dir='ltr'>Stepb.</span> 
     </span>
     <span class='ocr_line' id='line_1_42' title="bbox 142 4331 1300 4410; baseline 0.009 -26"><span class='ocrx_word' id='word_1_411' title='bbox 142 4333 202 4401; x_wconf 76' lang='lat' dir='ltr'>Bpa.</span> <span class='ocrx_word' id='word_1_412' title='bbox 221 4331 240 4383; x_wconf 94' lang='lat' dir='ltr'>l.</span> <span class='ocrx_word' id='word_1_413' title='bbox 256 4331 289 4396; x_wconf 85' lang='lat'>1.;</span> <span class='ocrx_word' id='word_1_414' title='bbox 305 4349 452 4403; x_wconf 82' lang='lat' dir='ltr'>quamquam</span> <span class='ocrx_word' id='word_1_415' title='bbox 463 4334 626 4401; x_wconf 73' lang='lat' dir='ltr'>Agathoclem</span> <span class='ocrx_word' id='word_1_416' title='bbox 644 4335 670 4386; x_wconf 89' lang='lat' dir='ltr'>in</span> <span class='ocrx_word' id='word_1_417' title='bbox 687 4335 725 4387; x_wconf 82' lang='lat' dir='ltr'>luis</span> <span class='ocrx_word' id='word_1_418' title='bbox 741 4333 834 4400; x_wconf 83' lang='lat' dir='ltr'>luisse,</span> <span class='ocrx_word' id='word_1_419' title='bbox 851 4336 875 4386; x_wconf 87' lang='lat' dir='ltr'>id</span> <span class='ocrx_word' id='word_1_420' title='bbox 891 4337 956 4403; x_wconf 81' lang='lat' dir='ltr'>quod</span> <span class='ocrx_word' id='word_1_421' title='bbox 972 4338 1120 4405; x_wconf 84' lang='lat' dir='ltr'>eStephsni</span> <span class='ocrx_word' id='word_1_422' title='bbox 1137 4340 1193 4393; x_wconf 84' lang='lat' dir='ltr'>loeo</span> <span class='ocrx_word' id='word_1_423' title='bbox 1206 4342 1300 4410; x_wconf 80' lang='lat' dir='ltr'>aliquis</span> 
     </span>
     <span class='ocr_line' id='line_1_43' title="bbox 142 4418 1007 4491; baseline 0.003 -18"><span class='ocrx_word' id='word_1_424' title='bbox 142 4418 271 4484; x_wconf 81' lang='lat' dir='ltr'>coniiciat,</span> <span class='ocrx_word' id='word_1_425' title='bbox 281 4435 330 4471; x_wconf 85' lang='lat' dir='ltr'>aon</span> <span class='ocrx_word' id='word_1_426' title='bbox 342 4422 427 4475; x_wconf 88' lang='lat' dir='ltr'>credo.</span> <span class='ocrx_word' id='word_1_427' title='bbox 451 4421 556 4474; x_wconf 79' lang='lat' dir='ltr'>Miscuit</span> <span class='ocrx_word' id='word_1_428' title='bbox 567 4421 720 4491; x_wconf 88' lang='lat' dir='ltr'>epitomator</span> <span class='ocrx_word' id='word_1_429' title='bbox 731 4422 847 4475; x_wconf 61' lang='lat' dir='ltr'>&amp;uersas</span> <span class='ocrx_word' id='word_1_430' title='bbox 859 4422 1007 4476; x_wconf 85' lang='lat' dir='ltr'>relationes.</span> 
     </span>
    </p>
   </div>
   <div class='ocr_carea' id='block_1_7' title="bbox 0 0 1616 5148">
    <p class='ocr_par' dir='ltr' id='par_1_9' title="bbox 0 0 1616 5148">
     <span class='ocr_line' id='line_1_44' title="bbox 0 0 1616 5148; baseline 0 4"><span class='ocrx_word' id='word_1_431' title='bbox 0 0 1616 5148; x_wconf 95' lang='lat' dir='ltr'> </span> 
     </span>
    </p>
   </div>
  </div>
 </body>
</html>
