3178 5136
650 464 711 530 221

113 650 303 727 describenda,
317 661 359 729 ut,
373 652 399 714 si
410 670 505 716 vinum
515 652 590 715 male
603 652 733 729 eesserit,
746 654 805 716 hoe
818 653 958 716 damnum
972 652 1150 733 reliquorum
1164 653 1262 716 invdu
1284 663 1315 715 18

113 756 260 819 sustentari
273 754 380 837 possit.
410 755 575 820 Philodami
586 756 622 818 de
635 757 694 819 hoe
707 763 864 836 praesepto
879 755 1017 819 iudicium
1028 755 1106 837 apud
1117 755 1261 818 Goettlin

113 859 181 938 glum
194 859 238 921 ita
251 859 399 939 seriptum
412 866 504 922 extat:
519 853 767 945 φιλοχρημάτου
782 855 821 922 δὲ
833 854 873 922 τὸ
886 857 1062 945 παραινεῖν
1074 854 1140 919 τῶν
1152 847 1262 940 ὕπαρ-

113 954 222 1039 ,dnm
237 953 347 1023 πλείω
361 956 405 1022 τὰ
416 954 570 1047 κάρπιμα
581 956 648 1023 τῶν
661 951 830 1047 ἀκάρπων,
851 952 888 1024 ei'
898 980 934 1043 ys
946 957 989 1023 τὰ
1004 954 1190 1045 προοοδικᾶ
1203 954 1263 1023 καὶ

115 1054 282 1149 ἀπρόοοδα
295 1055 388 1125 ταῦτ’
404 1054 529 1146 ἔλεγεν·
544 1065 635 1146 (quod
650 1063 718 1126 lesit
730 1063 809 1126 haud
824 1062 923 1126 duhie:
938 1063 990 1127 sed
1005 1082 1093 1145 quam
1105 1063 1176 1126 levis
1190 1063 1264 1126 haee

114 1165 297 1246 reprehensio
316 1165 371 1240 sit,
390 1183 478 1231 nemo
498 1185 560 1231 non
575 1167 674 1245 videt)
693 1158 724 1229 ei
739 1161 800 1250 γὰρ
812 1161 855 1229 τὰ
868 1159 1026 1251 χρήσιμα,
1041 1160 1100 1228 καὶ
1115 1156 1262 1250 ἄχρηστα

114 1264 237 1344 κοινῶς·
261 1261 377 1341 adura
389 1269 453 1348 γὰρ]
478 1266 531 1332 dei
545 1262 691 1354 χρήσιμα
710 1263 864 1345 κελεύειν,
887 1262 946 1331 καὶ
966 1262 1071 1353 μηδὲν
1092 1257 1261 1353 ἔχρηστον.

114 1370 228 1435 illenim
248 1372 388 1447 membri,
407 1364 438 1436 ai
457 1367 518 1458 γὰρ
534 1407 577 1417 -
594 1368 727 1449 κοινῶς,
746 1373 826 1434 hune
845 1388 967 1434 sensum
982 1370 1175 1451 Goettlingius
1196 1387 1262 1432 essa

113 1474 176 1537 vult:
187 1479 237 1536 sris
251 1493 322 1538 arro
335 1468 508 1560 χρήσιμα
520 1474 654 1556 mediate
665 1471 713 1537 eei
727 1466 921 1558 καρπίμα,
935 1473 1260 1537 murmuriosae

112 1594 177 1655 paor
193 1577 285 1639 dms:
310 1577 343 1640 iu
360 1596 419 1657 quo
434 1577 590 1641 verborum
610 1584 747 1641 contextu
761 1577 930 1641 adverbium
945 1580 1062 1643 omniuo
1081 1592 1143 1638 non
1162 1582 1262 1655 potest

111 1695 166 1741 non
178 1697 236 1759 pro
251 1697 287 1742 eo
304 1678 408 1760 adripi,
427 1679 508 1760 quod
526 1689 572 1743 est
581 1678 672 1760 ptos
687 1680 731 1742 vel
748 1683 859 1761 stium
884 1698 944 1760 quo
960 1696 1052 1742 sensu
1064 1678 1184 1751 κοινῶς
1197 1693 1260 1738 non

111 1780 216 1843 diu'tur.
251 1781 352 1861 Neque
374 1800 444 1844 vero
467 1771 614 1867 ι’ίχρηοτα
638 1780 741 1863 plurali
765 1799 889 1847 numero
912 1790 991 1845 reete
1014 1781 1145 1862 positum
1169 1778 1261 1841 videri

110 1892 208 1962 potest
221 1901 315 1964 mrum
330 1884 410 1966 quod
424 1891 509 1948 antea
523 1884 634 1947 dietum
648 1892 702 1959 est,
717 1880 757 1948 vd
772 1884 955 1971 παραινεῖν,
971 1884 1148 1964 singularem
1160 1881 1260 1963 potius

108 1986 238 2066 requimt
266 1986 412 2066 Equidem
425 2005 488 2050 non
502 1987 603 2051 duhito
618 1987 689 2068 quin
704 1986 743 2049 ita
761 1986 810 2049 hie
827 1987 910 2051 locus
930 1987 1103 2050 scribendos
1122 1994 1152 2048 et
1169 1986 1260 2048 inter-

107 2088 279 2169 pungendus
290 2088 343 2152 sit:
359 2079 390 2151 ei
403 2085 464 2171 γὰρ
475 2085 519 2153 τὰ
528 2084 673 2175 χρήσιμα
686 2085 744 2152 καὶ
755 2079 910 2175 ἄχρηστα,
926 2086 1045 2164 κοινῶς
1059 2082 1171 2160 erolum
1184 2084 1261 2159 ηδει

105 2185 249 2276 χρήσιμα
267 2185 410 2254 κελεύειν
428 2185 486 2254 καὶ
499 2186 602 2276 μηδὲν
614 2183 785 2277 ἄχρηστον,
801 2192 831 2254 h.
843 2213 869 2253 e.
884 2196 995 2255 naarai
1011 2186 1058 2254 τὰ
1078 2183 1260 2274 κάρπιμα

106 2290 187 2356 urei
200 2285 366 2378 ἄκαρπα
378 2312 452 2366 τινα,
470 2304 609 2376 stupro
622 2304 769 2375 ιτιιιιμαιαι
783 2305 836 2367 eat,
855 2297 1009 2376 [αιοιιιοεο
1023 2306 1050 2358 τι
1062 2295 1259 2374 riofravetuoso,

104 2397 151 2458 sed
162 2395 339 2477 moeror
348 2396 434 2459 uilio
448 2407 474 2458 ιι
486 2396 605 2458 inutilis
619 2397 694 2459 dixit
709 2396 746 2479 (r.
761 2396 889 2477 ιἰιιεὶὶιρι·
900 2396 1016 2479 vehit),
1032 2395 1152 2461 dedalei
1161 2398 1259 2476 potius

104 2497 154 2561 lor
162 2502 313 2580 praepo,
326 2509 361 2561 ut
373 2501 473 2562 oavrvio
485 2502 518 2561 aiv
531 2502 702 2561 mierum
711 2499 797 2562 utilis
807 2511 899 2563 emeat
911 2498 1022 2562 etaihil
1034 2499 1144 2561 maille.
1171 2497 1258 2574 Quod

104 2600 299 2681 Goettlingius
313 2602 344 2664 in
359 2602 577 2682 interpretando
592 2604 639 2663 sia
652 2619 722 2663 νινε
738 2602 839 2683 posuit
852 2621 907 2683 pro
923 2621 959 2665 eo
974 2602 1053 2683 quod
1067 2601 1257 2664 Philodemus

103 2703 172 2766 this
185 2694 219 2765 si
233 2697 306 2787 γάρ,
321 2703 435 2767 etiarnsi
449 2703 661 2784 reprehendere
674 2703 754 2782 nolo,
770 2704 868 2769 minus
883 2712 981 2768 tamon
995 2712 1258 2771 aoeuratesenten-

102 2806 206 2868 tiarum
223 2806 437 2869 connexionem
453 2804 608 2887 expressit,
627 2824 701 2886 quae
715 2824 776 2869 non
795 2808 974 2871 adversativa
992 2807 1044 2871 sed
1063 2805 1187 2869 causalis
1205 2814 1259 2867 est.

101 2907 250 2970 Nimirum
270 2907 390 2971 duram
413 2909 567 2971 verboruma
594 2901 748 2995 κάρπιμα
771 2917 801 2972 et
822 2899 959 2993 ἄκαρπα
981 2907 1259 2990 interpretationem,

102 3028 189 3090 quam
207 3009 310 3092 priore
326 3010 394 3072 loeo
412 3011 527 3092 posuit,
547 3010 736 3075 Philodemus
754 3012 898 3076 veriorem
918 3014 974 3077 sihi
1002 3012 1093 3075 videri
1116 3011 1261 3092 signifieat

102 3132 163 3176 erm
178 3112 220 3175 oh
235 3131 368 3189 eausam,
386 3114 466 3195 quod
481 3114 507 3177 si
522 3114 610 3177 altera
624 3114 682 3189 illa,
702 3132 790 3195 quam
804 3117 969 3197 posteriore
982 3118 1048 3179 loeo
1063 3116 1160 3195 ponit,
1180 3115 1259 3178 aesi-

101 3216 210 3294 piatur,
231 3215 429 3296 Theophrasti
448 3225 639 3298 praeceptum
657 3216 746 3297 plane
764 3217 925 3282 absurdum
940 3217 992 3295 sit,
1015 3236 1154 3299 apparere
1178 3217 1258 3280 enim

101 3335 160 3379 non
178 3319 242 3380 hoe
261 3317 389 3400 praecipi
408 3319 557 3393 debuisse,
579 3320 712 3400 utpium
731 3319 792 3383 sint
808 3320 888 3384 utilia
906 3340 995 3403 quam
1013 3319 1135 3396 inutilia,
1154 3320 1204 3382 sed
1226 3330 1259 3382 ut

102 3421 200 3483 omnia
214 3421 311 3496 utilia,
326 3421 398 3484 nihil
412 3433 507 3486 autern
522 3422 623 3486 inutile
638 3422 686 3485 sit
715 3422 851 3487 Ceterum
866 3425 977 3505 quoda
997 3442 1045 3485 me
1065 3421 1195 3504 positum
1214 3433 1260 3485 est

101 3518 315 3601 adstruitis,
335 3523 423 3587 etiam
438 3527 474 3588 ad
490 3525 616 3606 spatium
631 3524 750 3589 lacunae
767 3526 872 3589 melius
887 3526 1032 3600 convenit,
1053 3543 1141 3604 quam
1156 3524 1258 3586 Goett-

101 3624 179 3707 lingii
199 3621 390 3705 πόρτιγὰρ]
412 3625 475 3691 dei:
500 3646 570 3691 nam
589 3646 679 3708 quum
699 3628 879 3710 Neapolitani
904 3628 1031 3691 editores
1057 3621 1187 3699 adures]
1209 3622 1260 3688 dei

101 3730 287 3811 scripserint,
305 3731 409 3805 trium,
429 3749 490 3793 non
505 3731 634 3812 quinque
646 3730 809 3795 litterarum
824 3732 951 3813 spatium
970 3749 1091 3794 vacuum
1111 3729 1259 3792 invenisse

184 3936 309 4016 Reliqua
322 3937 517 4017 Theophrasti
531 3945 684 4019 praerepta
699 3939 737 4000 ad
756 3936 920 4000 custodiam
939 3936 1088 3999 honorum
1109 3945 1138 3999 et
1156 3936 1257 4016 inspe-

102 4036 229 4101 etionenr
243 4039 402 4119 pertinent,
421 4039 575 4119 inquibus
591 4040 680 4102 simul
698 4039 785 4101 etiam
804 4047 888 4120 aptae
907 4039 1110 4121 dispositionis
1128 4039 1260 4099 mentio-

101 4154 172 4200 nem
186 4141 267 4215 lacit3
287 4141 417 4203 derecto
433 4151 599 4204 usuautem
615 4141 710 4205 diuers
728 4141 814 4223 plane
832 4143 1037 4223 praetermisit
1072 4142 1106 4204 ln
1126 4141 1258 4203 custodia

101 4240 176 4315 τοῖς
186 4261 224 4305 τε
237 4243 428 4329 Περσικοῖς,
450 4244 503 4319 ait,
526 4238 686 4331 συμφέρει
703 4241 853 4329 χρῆσθαι
873 4239 930 4308 καὶ
948 4244 1019 4321 τοῖς
1033 4242 1256 4314 Λακωνικοῖς.

103 4338 223 4405 Persica
237 4362 312 4424 quae
325 4345 402 4409 dieat
414 4365 487 4408 mou
500 4347 566 4428 ipse
578 4347 712 4427 exponit:
727 4342 879 4433 Περαικᾶ
893 4342 932 4411 δὲ
945 4335 986 4433 ἦν
998 4343 1038 4409 τὸ
1052 4342 1164 4410 πάντα
1178 4337 1259 4404 ἐπι-

102 4436 237 4508 τάττειν
249 4442 306 4511 καὶ
319 4440 419 4511 πάντ’
433 4443 558 4535 ἐφορᾶν
572 4439 681 4529 αὐτόν,
697 4451 776 4530 quod
792 4450 829 4513 de
841 4467 910 4530 rege
923 4450 1080 4513 Persarum
1091 4443 1260 4521 xenophon
