3284 5152
701 490 849 589 ju

196 676 246 742 ‘nl
277 674 374 741 solsol
407 671 593 756 (χάρματα)
619 675 675 737 diei
714 683 835 759 apperet
865 694 899 741 ea
931 692 1006 757 quse
1036 676 1206 740 communia
1232 676 1351 758 utrique

190 782 305 865 parenti
319 797 383 842 esse
396 778 546 851 deberent,
563 776 670 859 quibus
685 779 736 859 qul
750 780 831 842 solus
845 778 964 842 excluse
980 777 1071 841 altero
1085 776 1202 851 fruitur,
1217 778 1350 859 prolecto

190 885 318 947 iniustus
332 888 386 945 est.
417 880 496 944 llaec
510 879 581 962 quin
595 889 675 942 esset
689 882 835 945 sententie
850 897 912 943 non
927 878 1053 942 debebat
1066 897 1083 940 a
1097 878 1248 942 Bedbamc
1263 881 1350 944 dubi·

151 1031 153 1035 ,
190 987 259 1061 teri,
280 986 364 1049 cuim
384 983 476 1066 ipsius
492 980 694 1064 interpretatio
708 984 798 1064 „qui
817 984 934 1065 palam
955 981 1105 1063 impune
1124 990 1255 1062 peceat
1275 999 1348 1046 non

190 1090 284 1152 clam
305 1088 400 1150 iuste
420 1085 535 1148 iecit“
557 1103 698 1168 perquam
720 1086 845 1149 absurdo
868 1090 921 1147 est.
953 1084 1066 1147 Omitto
1081 1100 1235 1165 quiscerem,
1259 1102 1348 1166 οοαια

190 1198 257 1273 opta
271 1188 416 1253 sententia
431 1188 484 1261 sit,
500 1186 551 1249 sed
567 1187 654 1249 rerba
668 1192 784 1250 lautum
800 1187 947 1270 spectabo.
983 1181 1032 1248 Td
1047 1180 1142 1248 κοινὰ
1156 1185 1244 1267 igitur
1257 1186 1350 1268 sigui·

189 1294 276 1357 llcure
300 1292 360 1355 vult
384 1291 402 1353 i.
425 1311 453 1371 q.
473 1288 601 1370 palam,
623 1289 859 1352 subaudiendum
879 1288 942 1351 sine
961 1288 1050 1352 dubio
1071 1280 1110 1350 οὐ
1132 1284 1245 1351 δίκαια
1266 1284 1350 1373 δρῶν

188 1402 279 1466 ratus,
302 1392 423 1472 χαίρων
435 1396 535 1454 auum
552 1393 570 1453 i.
586 1410 615 1473 q.
632 1392 793 1473 impune,
808 1391 946 1454 inductus
960 1392 1071 1454 scilicet
1085 1390 1231 1454 eiusmodi
1245 1408 1348 1453 exem-

188 1496 259 1579 plis,
280 1495 329 1558 ubi
350 1494 398 1575 qui
419 1493 528 1576 aliquid
544 1509 613 1555 non
634 1494 785 1574 impune
806 1494 896 1557 iacit
910 1485 950 1556 οὕ
964 1495 1085 1575 χαίρων
1098 1493 1212 1557 ποιεῖν
1225 1494 1349 1557 dicitur:

188 1599 315 1679 denique
329 1591 427 1675 μόνος
442 1614 507 1658 esse
523 1595 540 1656 i.
561 1615 590 1676 q.
610 1596 712 1658 clam.
742 1596 821 1659 'l'alia
836 1597 964 1660 retutere
979 1598 1067 1678 piget.
1098 1597 1235 1660 Ceterum
1250 1597 1348 1660 laten-

188 1701 259 1763 dum
275 1706 320 1761 est
334 1699 556 1761 collocationem
571 1698 702 1761 adiectivi
715 1692 817 1778 μόνος
826 1699 935 1781 aliquid
948 1699 1118 1763 offensionis
1129 1699 1247 1763 bebere.
1272 1700 1345 1761 Nam

188 1804 245 1866 rim
259 1802 329 1865 eills
349 1802 385 1864 ad
403 1792 524 1882 χαίρων
543 1801 642 1881 potius
661 1819 752 1883 quem
770 1801 806 1864 ad
827 1797 893 1886 δρᾷ
910 1801 1057 1884 pertinere
1077 1802 1267 1865 menifestum
1293 1809 1347 1865 est.

186 1904 301 1968 Mallem
316 1905 460 1986 seriptum
474 1897 516 1965 sd
530 1899 626 1965 κοινοὶ
639 1903 761 1987 χαίρων
774 1900 892 1984 μοῦνος
907 1894 948 1967 oti
960 1902 1075 1968 δίκαια
1086 1900 1159 1990 δρᾷ.
1187 1904 1261 1968 Nam
1274 1906 1350 1969 banc

186 2008 316 2071 adiectiri
329 2008 457 2071 termam
472 2006 560 2069 etiam
576 2007 607 2069 iu
620 2006 753 2069 iambicis
767 2024 829 2070 non
843 2006 943 2088 respui
958 2023 976 2069 u
990 2006 1105 2089 tragicis
1120 2015 1234 2071 certum
1250 2016 1304 2071 eet.

273 2111 325 2173 lon
342 2127 435 2192 quum
449 2126 512 2172 non
526 2109 631 2171 hebeat
645 2109 725 2190 quod
740 2116 843 2172 contra
858 2108 950 2183 dieat,
974 2110 1137 2173 orationem
1153 2110 1209 2173 elio
1223 2128 1348 2174 conver·

188 2220 254 2274 teus
273 2230 356 2275 suam
378 2210 577 2274 conditionem
600 2228 659 2274 non
679 2210 843 2274 absimilem
863 2229 969 2274 eorum
989 2230 1055 2274 esee
1073 2212 1127 2285 ait,
1148 2231 1224 2294 quae
1239 2212 1347 2276 Creusa

187 2314 225 2375 de
239 2315 400 2379 amicosne
414 2314 587 2389 numereril3
602 2332 704 2377 rerum
719 2330 813 2397 quum
828 2314 937 2377 Creusa
952 2314 1041 2377 etiem
1053 2314 1137 2396 plmu
1148 2315 1180 2377 in
1189 2316 1267 2379 bunc
1278 2334 1348 2378 seu·

187 2416 309 2479 lentim
325 2416 436 2479 dictura
452 2417 593 2489 ridemur,
609 2417 678 2480 huic
692 2417 845 2481 intercedit
859 2436 886 2480 r.
902 2417 981 2479 375:

388 2514 432 2602 pr)
456 2512 500 2603 δή
520 2510 559 2597 μ’
581 2508 640 2581 ἐπ’
662 2507 774 2583 οἶκτον
794 2510 881 2601 ἔξαγ)
904 2506 944 2584 οὗ
965 2513 1165 2604 λαλήαμνθα,

187 2622 237 2686 8ἱα
255 2621 334 2685 euim
357 2638 419 2683 uon
433 2620 663 2701 improbabiliter
676 2622 713 2684 eb
728 2622 878 2703 Hmlungo
894 2629 1056 2687 correctum
1072 2623 1197 2688 rrbitror
1209 2624 1345 2688 ecdicum

186 2725 361 2807 scripturum
383 2718 440 2785 καὶ
459 2719 505 2807 μή
525 2715 557 2807 y’
584 2715 641 2787 ἐπ’
673 2711 783 2789 οἶκτόν
808 2715 845 2805 μ’
868 2715 959 2807 ἔξαγ’
981 2759 1033 2801 -,
1055 2726 1087 2789 in
1108 2744 1165 2808 que
1187 2725 1245 2789 καί
1257 2725 1345 2789 libra·

186 2828 299 2889 riorum
314 2844 413 2890 errore
428 2827 574 2889 invectum
590 2844 656 2889 esse
671 2846 687 2888 e
702 2845 788 2891 versu
801 2827 963 2910 superiore,
983 2827 1041 2891 set
1053 2819 1100 2903 α’,
1116 2815 1142 2890 ci
1157 2820 1231 2904 ξέν’,
1248 2815 1347 2907 οἶμαι

186 2920 302 3011 μητέρ’
316 2920 442 2991 ἀθλίαν
457 2930 589 2999 aedeis,
612 2948 754 3012 perquam
771 2929 909 2994 credibile
924 2930 1083 3010 videtur*)‚
1111 2931 1175 2994 lloe
1188 2930 1258 2993 vitio
1273 2929 1346 2992 sub

188 3031 246 3093 leto
266 3032 413 3112 reliquum
434 3049 552 3094 verstnn
573 3030 621 3094 alii
641 3032 725 3095 aliter
744 3034 941 3096 refluxerunt:
962 3053 1028 3117 eqo,
1048 3041 1083 3097 ut
1097 3033 1171 3108 dixi,
1194 3033 1345 3112 liertuugo

187 3133 342 3197 assentior.
371 3132 456 3208 Quod
476 3140 574 3195 autem
598 3132 675 3197 idem
695 3152 763 3196 cum
785 3134 933 3209 bobraeo,
958 3154 1048 3218 οααιο
1071 3136 1160 3198 etiam
1179 3134 1346 3198 Radbamus

184 3242 303 3297 seculus
318 3243 372 3307 est,
385 3225 586 3317 ’λαλήσμιθα
600 3235 725 3316 scripsit,
740 3244 775 3299 ut
788 3243 867 3300 esset
881 3237 1215 3320 plusquamperfectum,
1231 3245 1347 3318 praeter

188 3337 393 3399 necessitatem
409 3337 519 3399 lectum
534 3344 618 3418 puto,

270 3437 486 3518 obtemperms
505 3438 614 3500 Creusa
633 3437 714 3500 lonis
739 3438 940 3503 intercessioni
968 3459 1029 3503 non
1055 3441 1182 3523 emplius
1201 3442 1346 3505 debuine

81 3601 84 3607 ,
187 3545 267 3600 sorte
283 3539 369 3601 rerba
383 3539 517 3615 lecit**),
539 3538 590 3601 sed
606 3538 763 3603 revertitur
776 3541 812 3603 ed
826 3541 937 3604 emicas
951 3541 1029 3605 illius
1044 3561 1173 3617 cauum,
1189 3546 1226 3608 de
1241 3562 1299 3626 que
1313 3563 1346 3607 se

185 3640 337 3704 oraculum
359 3641 560 3704 consulturum
576 3659 640 3703 esse
654 3660 679 3702 r.
697 3641 758 3703 346
773 3643 904 3725 professe
918 3651 996 3718 erat,
1019 3643 1180 3725 lonemque
1194 3655 1292 3727 roget,
1311 3653 1347 3709 ut

186 3743 257 3824 qnid
279 3743 445 3806 laciendum
466 3742 506 3805 sit
523 3762 613 3826 porre
635 3764 667 3809 se
688 3746 799 3809 docent.
829 3747 884 3809 lon
904 3755 1002 3810 eutem
1024 3764 1088 3809 rem
1102 3747 1183 3809 luctu
1197 3748 1345 3811 difficilem

185 3865 252 3909 esse
267 3846 397 3908 ostendit
411 3867 437 3909 v.
455 3846 527 3909 377.

285 3933 384 4010 οἶσθ’
406 3938 470 4022 οὖν,
493 3949 597 4031 iuquit,
622 3938 642 4011 ὃ
663 3945 781 4031 κάμνοι
802 3954 863 4014 τοῦ
884 3945 984 4033 λόγου
1005 3946 1153 4031 μάλιστά
1174 3971 1245 4029 σοι’,

188 4044 333 4128 Κάμνειν
354 4050 416 4113 lere
436 4059 470 4112 ut
490 4051 596 4114 νοσεῖν
615 4053 652 4114 de
672 4053 761 4116 rebus
779 4053 889 4135 pariter
903 4063 991 4136 utque
1006 4055 1042 4116 de
1057 4054 1226 4119 bominibus
1239 4054 1346 4119 dicitur

185 4153 262 4214 mele
277 4170 308 4214 se
323 4152 499 4217 habentibus
514 4162 545 4217 et
558 4155 729 4219 dillienltete
739 4157 837 4239 eliqua
846 4157 1056 4221 laborantibus.
1084 4158 1127 4223 Gi.
1139 4156 1213 4219 bled.
1227 4177 1251 4219 ν.
1266 4156 1342 4220 ⁷68:

237 4266 427 4374 ἶ)Α1ἱινοίμιὶ
439 4314 483 4359 aot
493 4303 534 4377 μή
550 4302 599 4376 μή.
624 4308 674 4359 οἱα.
687 4308 791 4361 Usener.
804 4309 835 4361 N.
849 4310 915 4362 blus.
929 4310 974 4363 ltb.
987 4309 1074 4363 xxlll
1086 4326 1110 4377 p.
1124 4311 1181 4362 15⁴.

252 4388 289 4452 ”l
306 4387 357 4440 Pro
374 4391 489 4463 πέραινε
505 4408 529 4443 ν.
546 4392 597 4443 378
616 4392 719 4445 Usener.
737 4392 754 4445 l.
770 4393 788 4445 l.
799 4393 856 4447 vult
867 4390 992 4468 ’πέρονα
1016 4396 1044 4448 Ρ.
1057 4396 1170 4448 Schmidt
1181 4402 1280 4457 nutem,
1295 4395 1343 4446 lice

185 4472 328 4538 repudians,
342 4460 381 4525 dv
392 4470 425 4543 μ’
439 4473 598 4545 ἀνιστορεῖς
611 4479 675 4551 nipe
688 4478 819 4543 legendum
830 4485 913 4544 putot.
