3266 5140
165 677 282 757 quando
302 685 352 738 aut
365 674 478 736 morbis
494 683 543 737 aut
561 675 698 756 periodis
716 680 768 735 not
785 673 882 755 aliquo
901 675 1033 755 graviore
1052 676 1129 737 nudo
1150 677 1321 757 opprimun-

166 788 222 851 tur,
238 785 287 839 aut
303 776 428 839 somniis
445 785 531 857 atque
546 777 669 839 ostentis
682 784 855 850 terreantur,
871 778 907 839 ad
916 777 1061 839 eiusmodi
1069 796 1151 839 saera
1166 781 1322 858 confugere

164 883 273 954 solere,
290 881 396 962 quibus
418 879 569 962 propitiari
591 880 662 943 deos
680 898 768 960 posse
783 880 954 961 opinentur,
973 898 1029 942 neo
1047 878 1150 941 deesse
1167 879 1321 962 improbos

165 984 306 1066 quosdam
323 992 410 1064 atque
424 983 532 1064 impios
548 984 738 1063 impostores,
753 982 803 1061 qui
818 982 953 1045 credulos
973 982 1089 1045 animos
1108 1001 1196 1061 prava
1215 1001 1321 1063 super·

165 1086 284 1149 stitione
305 1086 458 1166 impleant,
480 1085 624 1164 donisque
645 1092 675 1146 et
697 1082 847 1145 seorilioiis
874 1083 1046 1163 quibusdam
1071 1082 1176 1145 oblatis
1198 1085 1320 1147 deorum

165 1190 238 1251 iram
253 1188 360 1269 placari
375 1196 404 1249 et
418 1196 604 1269 pennatorum
619 1185 733 1248 veniam
753 1185 902 1265 impetrari
922 1205 1012 1266 posse
1031 1187 1188 1261 affirment,
1207 1187 1253 1248 eui
1269 1205 1321 1248 su·

164 1290 329 1372 perstitioui
344 1308 408 1371 quo
420 1291 518 1353 minus
533 1288 674 1369 indulgeri
688 1306 742 1369 per
755 1306 838 1351 seem
857 1288 990 1369 privatim
1005 1298 1034 1351 et
1048 1289 1124 1352 iutra
1138 1290 1263 1371 parietes
1278 1289 1321 1350 ia-

165 1400 209 1454 cta
224 1392 336 1473 possit,
354 1392 464 1455 ideireo
485 1393 544 1454 hoe
563 1408 652 1454 omne
671 1408 765 1470 genus
786 1391 943 1452 arcendum
964 1409 1042 1452 esse:
1063 1387 1117 1453 iba
1135 1386 1181 1476 μή
1201 1382 1273 1475 ἱερά
1286 1411 1322 1453 τε

165 1492 221 1558 καὶ
237 1492 371 1577 βιομοός
385 1489 419 1558 ἐν
434 1488 541 1571 ἰδίαις
556 1487 681 1569 οἰκίαις
695 1485 884 1575 ἱδρυόμενοι
894 1488 1009 1575 λάθρα
1021 1489 1098 1568 τούς
1111 1490 1214 1569 θεούς
1227 1490 1323 1566 ἵλεως

166 1590 315 1678 οἰόμενοι
326 1597 435 1661 ποιεῖν
448 1591 589 1672 θυσίαις
601 1616 638 1659 τε
651 1591 710 1658 καί
724 1587 834 1674 erigetis
849 1589 961 1670 αὐτοῖς
978 1615 1015 1657 τε
1033 1590 1220 1680 ἐγκλήματα
1238 1590 1323 1678 πρὸς

164 1696 256 1763 θεῶν
274 1697 441 1763 ποιῶνται
460 1694 606 1774 καὶτοῖς
625 1692 859 1780 ἐπιτρέπουσι,
879 1694 937 1760 καὶ
957 1694 1053 1761 πᾶσα
1068 1688 1206 1781 οὕτωςῆ
1223 1691 1322 1770 πόλις

166 1795 320 1885 ἀπολαύῃ
339 1799 404 1864 τῶν
421 1794 550 1882 ἀσεβῶν
566 1794 693 1885 τρόπον
712 1796 788 1863 τινὰ
808 1792 955 1877 δικαίως.
992 1801 1049 1863 Sed
1069 1801 1106 1864 ab
1126 1802 1183 1863 hae
1199 1799 1321 1875 rationo,

165 1924 252 1987 quam
268 1906 298 1967 in
313 1920 366 1967 sua
381 1905 493 1967 dvimte
507 1905 588 1968 Plato
604 1904 745 1984 sequitur,
760 1904 940 1966 Graeoorum
948 1903 1076 1965 civitates
1092 1922 1195 1966 omnes
1209 1902 1321 1981 longis·

165 2007 240 2068 sime
254 2016 383 2068 remotae
397 2015 493 2080 erant,
508 2024 657 2087 qrrunaqne
673 2005 741 2066 illud
761 2005 859 2085 ipsum
876 2024 968 2085 genus
988 2005 1220 2085 superstitionis,
1234 2006 1281 2068 oui
1296 2006 1321 2067 is

165 2110 227 2189 lege
242 2126 295 2171 sua
311 2109 524 2170 occurrendum
540 2109 654 2179 statuit,
670 2106 747 2186 apud
762 2125 868 2169 omnes
882 2107 913 2169 in
927 2107 1050 2187 publicis
1065 2108 1251 2189 religionibus
1267 2109 1321 2170 do-

164 2212 335 2286 minaretur,
348 2229 410 2272 non
425 2219 487 2272 erat
497 2211 638 2291 prolecto,
653 2227 705 2271 eur
724 2208 811 2271 etiarn
827 2210 962 2290 privatim
976 2209 1049 2271 deos
1064 2218 1187 2291 propter
1199 2210 1320 2272 eandem

165 2314 405 2395 superstitionem
431 2313 537 2394 planari
561 2320 698 2374 vetarent
739 2312 839 2391 ltaque
863 2330 926 2374 non
952 2312 1042 2374 modo
1068 2312 1219 2375 interdieta
1241 2332 1321 2375 sacra

164 2417 277 2498 privata
291 2433 436 2496 nusquam
452 2415 593 2487 videmus,
608 2413 660 2474 sed
676 2421 794 2474 cautum
809 2413 925 2495 ubique,
939 2430 985 2488 ne,
999 2431 1074 2494 quae
1087 2414 1247 2495 antiquitus
1263 2423 1322 2477 tru-

164 2519 224 2581 dito
236 2526 326 2593 erant,
341 2537 394 2600 per
410 2517 575 2579 socordiam
591 2515 750 2590 interirent,
765 2533 838 2577 neve
853 2516 1013 2597 quidquam
1027 2518 1059 2579 in
1074 2517 1132 2580 hoe
1146 2536 1251 2597 genere
1265 2519 1321 2580 ho-

162 2640 273 2684 norum
299 2621 355 2683 diis
381 2618 545 2681 debitorum
567 2619 819 2693 intermitteretur,
841 2638 915 2698 quas
937 2637 1006 2681 eura
1027 2626 1060 2681 ut
1080 2620 1246 2682 eommunis
1261 2631 1323 2684 erat

162 2724 281 2786 Graecis
298 2742 364 2785 eum
380 2721 531 2794 Romanis,
547 2720 589 2782 sio
603 2721 724 2782 eandem
740 2721 825 2782 etiam
840 2721 1027 2785 inCiesronis
1043 2721 1154 2800 legibus
1169 2742 1322 2785 commen-

163 2826 226 2887 dari
246 2824 380 2886 vidimus.
412 2824 498 2897 Quod
518 2831 615 2885 antem
635 2833 784 2904 praeterea
804 2823 970 2903 adiungitur
989 2843 1005 2885 o
1025 2823 1178 2899 Cicerone,
1197 2843 1235 2886 ne
1256 2827 1321 2906 quis

162 2948 260 2990 novos
277 2928 349 2989 deos
365 2927 426 2988 sive
440 2925 565 2988 advenas
585 2926 642 2987 nisi
658 2926 773 3006 publiee
788 2926 914 2989 adscitos
929 2925 1064 3006 privatim
1080 2926 1163 2999 seht,
1177 2928 1236 2990 boo
1250 2946 1319 2989 nuni

163 3032 340 3093 Graecarum
356 3029 502 3090 civitatum
517 3028 629 3107 legibus
645 3029 778 3091 similitor
793 3037 910 3090 mutum
926 3028 1019 3101 luerit,
1035 3028 1199 3108 ambigitur.
1229 3032 1272 3092 ho
1285 3031 1321 3092 de

163 3131 267 3195 ceteris
282 3131 412 3213 quidem,
430 3150 551 3211 quarum
566 3131 697 3193 instituta
712 3140 833 3211 propter
854 3139 1114 3193 monumentorum
1134 3150 1169 3194 ae
1186 3133 1321 3195 testimo-

161 3235 282 3295 niorum
299 3233 442 3295 delectum
459 3252 562 3313 pamm
578 3234 692 3313 cognita
710 3243 791 3308 sunt,
808 3233 892 3295 etiam
908 3254 942 3296 ex
956 3235 1015 3297 hoo
1030 3253 1134 3314 genere
1149 3233 1220 3297 nihil
1235 3234 1321 3297 nohis
1342 3248 1357 3297 5

163 3338 329 3399 innotuisse
348 3355 410 3398 non
436 3356 507 3398 sane
532 3337 699 3398 mirandum
725 3344 784 3409 est;
805 3335 855 3396 sed
876 3336 912 3397 de
941 3337 1169 3400 Atheniensibus
1196 3357 1321 3419 quoquo,

163 3458 291 3520 quorum
316 3441 414 3501 minus
437 3438 590 3501 obscurata
613 3438 755 3499 memoria
778 3444 835 3511 est,
857 3437 1082 3518 haudquaquam
1106 3442 1176 3502 satis
1196 3450 1320 3503 constet.

162 3544 194 3603 C.
210 3542 243 3603 F.
258 3540 445 3603 llermsnnus
460 3541 591 3621 quidem,
610 3538 849 3619 diligentissimus
868 3540 1071 3619 antiquitatum
1091 3561 1258 3621 graecarum
1275 3546 1321 3605 in-

163 3646 300 3723 dagator,
320 3643 415 3704 cultus
436 3651 550 3704 exteros
570 3644 599 3703 h.
621 3662 645 3701 e.
665 3650 832 3702 exterorum
854 3642 975 3703 deorum
996 3660 1077 3705 soora
1097 3645 1173 3724 apud
1194 3646 1320 3707 Graecos

163 3754 214 3809 aut
231 3755 307 3807 certe
323 3744 399 3824 apud
407 3742 599 3806 Athenienses
614 3744 724 3823 legibus
740 3743 890 3806 interdicta
906 3744 996 3806 luisse
1011 3745 1103 3807 tribus
1119 3747 1222 3809 saltem
1237 3750 1320 3809 testi-

162 3848 274 3911 moniis
290 3847 407 3927 probari
422 3848 599 3923 autumat²)‚
616 3847 860 3928 reprehenditque
875 3847 1067 3920 Lobeclium,
1082 3849 1176 3912 virum
1191 3850 1320 3913 subtilis-

163 3952 283 4023 simum,
298 3950 348 4030 qni
363 3950 465 4011 iisdem
483 3949 539 4010 illis
556 3950 728 4011 testimoniis
745 3950 906 4031 propositis
926 3950 1018 4012 nihilo
1039 3951 1136 4015 minus
1151 3961 1249 4015 tamen
1264 3954 1320 4016 du·

163 4054 256 4115 bitsre
271 4072 302 4113 se
317 4054 471 4132 professus
486 4054 534 4124 sit,
550 4070 586 4113 an
601 4052 693 4114 ullum
708 4072 858 4115 sacrorum
868 4071 962 4132 genus
968 4053 1320 4135 publieishtbeniensium

162 4156 276 4235 legibus
291 4154 471 4235 prohibitum
488 4155 622 4231 luerim).

233 4398 257 4457 ll
276 4399 409 4465 Antiquitt.
424 4397 513 4449 Grues.
528 4395 627 4465 sueth.
643 4396 674 4448 ll)
686 4405 737 4448 not.
753 4396 791 4448 lu.

234 4481 259 4543 3)
279 4483 438 4549 Αςίαορίιιοι.
451 4498 475 4549 p.
489 4481 546 4533 bbl.
