3178 5136
574 462 700 556 „2⁴25
756 550 763 553 ,

134 666 231 725 μονοος
249 646 296 723 sit3
314 649 344 710 in
357 649 434 730 quati
449 650 689 712 subordinatione
709 647 887 729 copulativae
906 648 1063 728 particulae
1076 648 1173 710 locum
1188 667 1249 711 non

133 766 183 809 esee
194 760 308 830 apparet
335 752 375 815 ita
387 752 494 815 sinclis
506 753 628 834 aliquem
643 753 740 815 dicere
754 769 816 813 non
830 750 990 813 mtdtorum
1005 751 1161 813 verborum
1175 770 1250 824 esse,

133 851 171 911 sed
183 870 260 931 pauca
274 873 361 935 eaque
375 875 443 918 vcra
457 855 561 930 dicere,
577 856 607 917 in
623 874 679 935 qua
694 853 838 916 sententia
850 853 1018 915 coordinata
1031 853 1102 915 haec
1112 853 1250 914 adiectira

132 956 365 1027 unnthuncrecte
375 949 413 1020 οῦ
423 955 555 1021 πολλῶν
563 952 668 1040 λόγων
677 945 761 1019 εἶναι
777 957 869 1029 dices,
885 947 954 1017 ἀλλ)
965 947 1060 1037 ὀλίγα
1070 950 1128 1018 καὶ
1139 948 1252 1040 ἀληθῆ

132 1050 223 1135 tepere
237 1066 331 1121 contra
350 1061 478 1140 siquem
499 1061 587 1122 multa
608 1062 739 1141 quidem,
760 1060 810 1121 sed
827 1060 857 1121 in
873 1059 919 1120 his
942 1077 1032 1138 panca
1047 1059 1251 1121 tantummodo

132 1174 180 1218 rara
191 1161 308 1238 proferre
319 1163 406 1238 dicas,
418 1165 497 1225 dices
509 1183 576 1225 cum
586 1162 724 1244 Euripide
735 1162 799 1242 iph.
812 1161 873 1223 dul.
888 1161 967 1222 957:
984 1148 1021 1236 ὃς
1032 1152 1113 1243 ὀλίγ’
1126 1154 1247 1246 etque,
1274 1178 1304 1226 15

131 1255 213 1322 nnn
232 1258 267 1325 δὲ
286 1263 396 1349 ψευδῆ
416 1260 513 1346 λέγει,
535 1265 586 1327 ubi
601 1266 787 1327 manifestum
803 1272 849 1325 est
863 1281 924 1326 non
939 1265 1072 1344 potuisse
1088 1256 1183 1345 ὀλίγα
1194 1259 1252 1326 καὶ

131 1350 218 1448 &indi
236 1365 301 1442 dici,
320 1386 382 1430 non
402 1368 494 1448 magis
510 1387 596 1448 quam
613 1376 716 1430 nostro
731 1366 798 1429 loco
818 1358 1038 1448 reciperandae
1060 1358 1253 1445 οἷπόμουσον

130 1481 154 1523 ιι
165 1483 211 1543 qua
227 1467 408 1532 dermannus
428 1470 519 1532 voluit
533 1472 655 1532 ratione.
687 1469 744 1530 Sed
765 1487 827 1530 non
843 1468 935 1547 magis
951 1469 1038 1530 etiarn
1053 1468 1080 1530 si
1094 1488 1161 1530 cum
1177 1471 1251 1532 Por-

130 1580 187 1627 aono
200 1560 251 1631 οῦκ
264 1589 325 1633 non
339 1564 421 1635 κοῦκ
434 1573 513 1652 legas
527 1573 669 1635 renuntia
684 1571 739 1634 ioci
756 1570 913 1643 constabit,
930 1588 1004 1651 quae
1018 1572 1183 1652 nonpotuit
1197 1571 1254 1633 nisi

129 1666 216 1732 itaiere
235 1673 338 1735 efferri:
361 1667 397 1737 ἐν
418 1670 560 1749 πολλαῖς
581 1670 709 1756 παῦρον
731 1660 772 1733 dv
795 1664 903 1753 εῦροις
922 1667 962 1735 ad
984 1664 1041 1736 οῦκ
1063 1663 1255 1754 οἷπόμουσον

129 1770 160 1830 td
170 1768 281 1855 παῦρον
301 1766 345 1837 dv
365 1767 474 1858 ιῦροις
495 1770 586 1856 γένος
608 1767 666 1837 οῦκ
689 1765 893 1853 ἅπόμοοοον.
937 1775 1024 1838 Nunc
1043 1785 1139 1838 autem
1164 1795 1253 1857 quum

128 1866 157 1931 et
173 1873 316 1953 γιναικῶν
338 1878 450 1939 dictum
467 1877 517 1949 sit,
538 1887 659 1957 apparet
676 1895 738 1939 non
761 1878 797 1939 de
816 1885 897 1956 parte
917 1881 1125 1943 tantummodo
1146 1881 1197 1941 sed
1218 1881 1254 1940 dc

128 1973 236 2039 inverso
250 1997 356 2057 genere
370 1979 476 2060 aliquid
492 1980 661 2060 praedicari.
692 1979 792 2061 ltaque
812 1981 997 2043 retinendum
1014 1983 1130 2063 quidem
1147 2000 1254 2044 censeo

127 2066 185 2135 νοῦν
204 2068 410 2158 ἅπόμοοσον,
432 2082 491 2143 hoc
511 2090 608 2143 tamen
634 2100 694 2143 non
718 2083 953 2163 coniungendum
977 2103 1043 2144 eum
1067 2080 1195 2167 παῦρον
1217 2078 1255 2145 δὲ

126 2169 206 2254 γένος,
227 2183 273 2243 sed
290 2202 362 2245 cum
382 2183 582 2264 superioribus
609 2178 751 2267 noioeane
772 2180 881 2263 porion
903 2181 960 2245 καὶ
983 2176 1073 2268 ἡμῖν,
1097 2194 1130 2247 nt
1154 2187 1255 2247 eadem

40 2260 42 2389 J
126 2276 178 2339 haee
189 2283 325 2346 renuntia
340 2284 370 2346 in
385 2286 444 2347 tine
457 2286 570 2368 periodi
585 2294 741 2366 repetatur,
757 2287 802 2349 ilia
818 2297 915 2350 autem
931 2288 1017 2351 verba
1037 2281 1183 2351 πάσαισι
1197 2283 1257 2369 μὲν

126 2369 165 2440 οῦ·
186 2380 307 2468 παῦρον
331 2422 373 2431 -
396 2378 504 2472 εῦροις
531 2378 571 2448 dv
599 2380 681 2463 ἴσως
707 2408 760 2469 pro
791 2391 957 2469 parenthesi
986 2390 1158 2473 interposita
1188 2390 1255 2452 sint.

125 2479 187 2545 idon
199 2487 278 2550 etiam
296 2488 463 2568 Pssugkium
479 2490 610 2551 sensisse
628 2489 690 2552 eins
710 2490 906 2572 interpunctio
928 2495 1065 2556 ostendit
1096 2496 1154 2557 Sed
1169 2513 1255 2555 versu

126 2594 206 2661 parto
220 2588 349 2676 παῦρον
364 2585 454 2653 δέτι
470 2586 509 2675 do}
524 2592 678 2671 legendum
688 2594 810 2669 ridetur,
823 2596 902 2677 qnod
914 2596 1156 2678 suprascriptum
1171 2606 1216 2658 est
1226 2597 1255 2657 in

126 2686 173 2746 cod.
186 2689 262 2752 Rom.
280 2696 314 2752 Α.
345 2692 438 2754 Ceteri
453 2712 619 2772 pronomen
635 2695 785 2757 omittunt:
807 2689 868 2778 γάρ
885 2718 917 2759 er
928 2698 1094 2760 coniectura
1102 2698 1256 2759 Porsonus

125 2789 227 2869 scripsit.

40 2894 42 2999 p
191 2893 279 2956 Scrib.
296 2895 541 2978 Gryphiswaldiae
556 2919 579 2961 a.
596 2898 624 2960 d.
641 2898 697 2961 vll.
714 2900 755 2961 ld.
770 2899 851 2962 Mart.
867 2900 1116 2963 uncccxxxvt
