3190 5136
794 427 989 523 Q-.-

312 617 342 671 et
356 609 503 672 saevitiam
523 613 607 673 anxie
624 612 759 692 precihus
778 622 808 675 et
827 614 976 677 semiheiis
995 613 1110 695 placare
1128 620 1311 676 mnarmtm.
1354 610 1470 687 Quodsi

313 730 414 774 rerum
429 720 484 788 est,
499 712 530 775 id
544 714 623 794 quod
638 722 684 777 est
697 732 769 777 sane
782 716 978 790 verissimum,
991 715 1028 778 ad
1044 732 1163 776 ornnem
1176 715 1369 787 honestatem,
1384 713 1471 775 iusti-

312 813 397 887 tiam,
419 816 656 896 temperantiam,
679 835 799 879 omnem
818 818 943 899 denique
961 816 1098 879 virtutem
1118 817 1253 878 homines
1271 814 1417 877 veteribus
1436 833 1473 876 ac

313 915 467 996 praecipue
488 916 631 998 Aeschylo
654 919 805 999 pervenire
829 920 893 981 sine
914 919 1037 982 deorum
1060 918 1164 981 auxdio
1188 934 1250 980 non
1275 933 1366 997 posse
1388 916 1472 978 risos

313 1036 388 1093 esse,
402 1036 498 1099 neque
516 1020 639 1082 existere
657 1037 788 1100 unquam
807 1020 872 1083 illas
891 1040 908 1083 a
922 1020 1027 1100 pietate
1042 1020 1197 1094 seiunctas,
1212 1017 1400 1098 consequitur
1412 1034 1470 1081 ne·

314 1118 457 1196 cessario,
474 1121 609 1183 homines
628 1121 837 1184 aPrometheo
856 1121 1007 1184 institutos
1027 1122 1173 1203 similique
1192 1138 1260 1201 erga
1279 1121 1351 1182 deos
1370 1118 1470 1181 animo

313 1223 450 1302 impletos
468 1241 531 1284 non
550 1222 684 1304 pontisne
702 1224 768 1304 pios
787 1223 970 1305 deorumque
990 1232 1137 1298 amantes,
1156 1224 1338 1304 ideoquene
1356 1221 1470 1284 mortio

313 1324 431 1404 quidem
452 1332 539 1405 atque
557 1324 719 1388 honestatis
740 1335 893 1406 compotes
907 1346 982 1389 esse.
1011 1327 1105 1406 Atque
1122 1327 1182 1388 hoc
1195 1343 1285 1388 sensu
1299 1327 1330 1386 in
1345 1323 1471 1386 Prome·

313 1426 413 1486 theum
435 1426 590 1489 convenire
608 1427 667 1490 dixi
685 1446 796 1490 nomen
815 1423 989 1510 διαβόλου,
1012 1448 1041 1509 p.
1062 1428 1118 1502 53,
1143 1427 1286 1509 siquidem
1305 1427 1335 1489 id
1358 1442 1471 1489 nomeu

313 1545 381 1589 eum
396 1527 548 1607 signifieat,
563 1529 613 1608 qui
627 1529 746 1591 alicuius
761 1531 892 1593 animum
907 1530 943 1593 ab
957 1530 1047 1593 altero
1062 1529 1210 1593 abalienat.
1254 1528 1286 1591 ld
1301 1528 1471 1591 Hermanno

313 1629 344 1691 in
362 1648 426 1691 eam
446 1630 621 1693 sententiam
640 1632 815 1711 detorquere
836 1631 955 1712 placuit,
974 1649 1009 1693 ao
1028 1631 1053 1693 si
1072 1631 1157 1711 plane
1175 1629 1384 1692 Prometheum
1403 1648 1473 1693 nrm

314 1731 420 1794 Salona
442 1751 675 1813 comparassem,
701 1735 797 1815 quiet
816 1736 880 1815 ipse
900 1726 1059 1815 trapetas
1077 1751 1093 1795 a
1108 1731 1280 1795 Christianis
1300 1731 1471 1812 appellatur.

266 1843 297 1894 12
314 1833 376 1914 llgo
391 1834 570 1897 ahalienasse
584 1853 651 1897 eum
666 1837 803 1898 homines
819 1856 835 1899 a
850 1837 905 1898 diis
921 1835 989 1908 dixi,
1003 1853 1097 1915 eoque
1112 1836 1221 1897 iactum
1235 1852 1311 1908 esse,
1326 1843 1360 1895 ut
1373 1854 1390 1895 a
1405 1852 1474 1895 vera

313 1935 359 1997 via
376 1935 417 1997 illi
436 1936 605 1998 aberrarent
623 1947 653 1998 et
671 1938 701 1999 in
720 1937 795 2000 mah
814 1938 906 2000 multa
925 1937 1099 2000 inciderent:
1115 1936 1301 1999 Hermannus
1320 1944 1417 1999 antem
1431 1936 1474 1998 ita

313 2036 442 2115 loquitar
455 2055 485 2117 p.
501 2037 530 2109 6,
545 2057 580 2099 ac
594 2037 620 2099 si
635 2038 762 2100 voluisse
776 2057 843 2101 eum
858 2039 994 2102 homiues
1010 2040 1045 2102 ad
1060 2040 1229 2120 pravitatem
1243 2038 1376 2119 pellicere
1390 2037 1474 2100 dixe-

313 2139 379 2200 rim.
410 2139 559 2212 Quantum
574 2139 668 2202 aheim
683 2141 719 2202 ab
733 2141 789 2204 hac
800 2142 953 2217 sententia,
967 2141 993 2203 si
1007 2142 1105 2205 miuus
1121 2143 1219 2205 omnis
1234 2159 1299 2205 mea
1312 2140 1473 2221 disputatio

314 2241 449 2315 docebat,
469 2242 558 2304 exiis
584 2251 662 2304 certe
681 2243 803 2322 intelligi
821 2243 932 2317 debuit,
957 2262 1031 2324 quae
1049 2244 1220 2307 'Phemidem
1245 2243 1391 2309 dicentem
1416 2243 1472 2305 ioci

313 2342 463 2406 Prometh.
484 2344 571 2406 solut
591 2365 617 2406 r.
634 2344 820 2408 eos-618.
842 2345 1033 2420 est-ott,
1053 2355 1082 2409 et
1101 2365 1175 2427 quae
1192 2345 1262 2409 huic
1276 2345 1472 2409 Prometheus

313 2464 339 2507 v.
361 2446 419 2507 741
442 2445 611 2526 respondet.
659 2448 732 2510 Nam
756 2455 949 2530 posteaquam
969 2448 1106 2530 exposuit
1125 2448 1260 2520 Themis,
1281 2464 1387 2511 omnes
1406 2447 1473 2511 illae

313 2556 399 2622 artes,
414 2567 488 2628 quas
502 2547 697 2612 Prometheus
710 2550 881 2614 hominihus
894 2550 1058 2626 tradiderit,
1071 2568 1133 2614 non
1148 2550 1297 2614 obstitisse
1310 2549 1472 2630 quominus

312 2648 343 2710 hi
362 2649 442 2729 pravi
461 2670 496 2712 ac
514 2650 614 2713 miseri
632 2652 799 2727 evaderent,
819 2653 907 2733 idque
925 2659 1080 2733 propterea
1099 2652 1243 2726 evenisse,
1266 2651 1344 2733 quod
1364 2651 1474 2713 intem·

312 2752 424 2833 postire
438 2752 500 2814 illas
516 2762 545 2814 et
558 2772 757 2835 praepropere
771 2754 951 2828 tradidisset,
966 2754 1097 2834 poenitet
1110 2753 1320 2817 Prometheum
1335 2754 1401 2816 iacti
1416 2754 1474 2828 sui,

313 2862 343 2916 et
361 2854 536 2935 simulatque
555 2855 712 2935 intelligere
730 2857 840 2936 coepit,
858 2864 887 2917 et
905 2856 1076 2936 sapientiam
1095 2856 1127 2917 in
1148 2856 1216 2918 lore
1233 2856 1392 2930 maiorem,
1415 2873 1475 2918 nee

313 2956 458 3018 minorem
478 2974 546 3036 erga
564 2957 700 3019 homines
721 2958 949 3020 benevolentiam
970 2976 1050 3041 esee,
1072 2957 1170 3019 odisse
1183 2958 1283 3021 lovem
1302 2958 1410 3020 desinit
1423 2976 1474 3020 re·

314 3057 521 3139 conciliarique
546 3077 613 3121 cum
632 3078 668 3120 eo
688 3061 776 3140 cupit.
824 3059 899 3121 ilinc
918 3059 1106 3121 manifestum
1125 3068 1182 3134 est,
1207 3068 1316 3140 quanta
1339 3061 1378 3123 sit
1395 3060 1475 3123 inter

313 3159 523 3222 Prometheum
539 3169 567 3222 et
582 3161 719 3224 Satanam
735 3160 952 3235 dissimilitudo,
963 3160 1028 3222 licet
1043 3161 1152 3241 pariter
1165 3170 1287 3242 uterque
1302 3155 1473 3243 διάβολος,

312 3263 341 3324 h.
355 3281 380 3323 e
391 3262 568 3325 abalienator
582 3262 735 3325 hominum
751 3281 767 3324 a
783 3264 846 3336 deo,
862 3263 918 3325 diei
928 3263 1063 3342 potuerit
1093 3263 1173 3326 Alter
1186 3264 1265 3326 enim
1280 3282 1343 3326 non
1357 3264 1475 3328 minem

312 3365 342 3427 in
358 3365 495 3427 homines
514 3383 601 3444 quam
616 3366 647 3426 in
662 3366 749 3427 deum
765 3364 833 3426 odio
849 3365 987 3427 incensus
1007 3374 1064 3440 eet,
1080 3365 1165 3439 alter,
1181 3385 1271 3447 quum
1286 3366 1385 3429 locem
1403 3366 1473 3446 qui·

313 3469 379 3531 dem
399 3475 569 3546 ceterosque
588 3466 660 3528 deos
680 3466 784 3539 oderit,
804 3467 959 3529 hominum
978 3475 1076 3529 tamen
1091 3474 1137 3529 eet
1150 3468 1383 3531 ammtissimus:
1399 3468 1473 3531 alter

314 3570 410 3632 sciens
429 3568 588 3648 volensque
606 3569 742 3631 homines
761 3570 795 3631 ad
817 3570 986 3649 pravitatem
1005 3568 1125 3650 pellicit,
1139 3587 1198 3650 quo
1213 3588 1266 3632 eos
1286 3570 1411 3633 miseros
1427 3573 1473 3632 la·

313 3672 378 3745 ciat,
392 3671 463 3733 alter
477 3671 644 3734 consultum
664 3670 835 3733 homiuibus
854 3672 926 3746 vult,
948 3671 999 3734 sed
1014 3671 1132 3750 ignarus
1148 3672 1368 3736 remorationis
1388 3691 1422 3734 ea
1437 3671 1474 3734 iis

313 3772 451 3837 beneficia
466 3772 568 3847 tradit,
589 3790 663 3853 quae
677 3774 829 3836 rideantur
843 3774 959 3853 quidem
974 3791 1036 3835 non
1055 3773 1116 3835 sint
1133 3782 1230 3835 autem
1245 3793 1311 3837 vere
1324 3774 1473 3848 benefida,

314 3876 365 3939 sed
381 3874 530 3955 pravitatis
544 3875 644 3955 potius
659 3876 847 3937 etmalorum
862 3869 1013 3947 admenta,
1026 3875 1134 3937 seilicet
1148 3875 1174 3937 si
1190 3875 1235 3937 illa
1255 3877 1318 3939 sola
1334 3877 1473 3939 homines

312 3976 445 4049 habeant,
460 3993 522 4038 non
533 3977 676 4040 adiunctis
691 3977 754 4039 aliis
769 3977 856 4039 honis
867 3975 1038 4049 maioribus,
1053 3975 1090 4038 de
1105 3975 1211 4055 quihus
1223 3993 1285 4038 non
1297 3977 1472 4056 cogitaverat

313 4078 507 4142 Prometheus
521 4097 617 4159 neque
630 4080 781 4160 impertire
795 4079 859 4158 ipse
878 4098 911 4140 ea
922 4077 1092 4140 hominihus
1108 4086 1251 4158 potuerat
1294 4078 1370 4142 Hinc
1383 4079 1473 4142 simul

313 4180 399 4243 mam
424 4180 493 4244 illud
519 4180 700 4261 intelligitur,
726 4198 813 4260 qnam
839 4198 906 4242 vere
923 4180 1111 4243 dermannus
1136 4198 1167 4260 p.
1188 4180 1208 4243 d
1233 4198 1282 4243 me
1305 4181 1473 4262 postulasse

313 4283 468 4363 significet,
504 4292 536 4344 ut
570 4301 687 4345 morum
716 4281 890 4361 virtutisque
923 4291 1078 4364 praecepta
1106 4283 1302 4347 Prometheus
1335 4284 1471 4347 traderet

313 4385 414 4466 Neque
433 4385 490 4447 dixi
510 4402 640 4465 unquam
660 4383 767 4463 aliquid
782 4383 940 4456 eiusmodi,
961 4402 1017 4447 nee
1033 4384 1117 4464 potui
1135 4387 1270 4464 prolecto
1284 4385 1394 4460 dicere,
1414 4384 1472 4447 nisi
