3276 5144
869 490 930 567 lid

821 592 973 601 m

312 680 409 773 pellat,
426 688 552 773 quorum
568 693 725 754 vindictam
742 693 832 765 alteri,
847 692 983 773 precibus
999 691 1060 752 suis
1075 687 1192 770 spretis,
1207 689 1395 752 metuendam
1411 708 1474 751 esse

313 796 475 875 significare
498 797 567 867 vult,
590 795 748 876 potuitque
767 794 893 856 fortasse
909 793 986 867 lieri,
1006 793 1085 855 utin
1100 790 1252 854 comoedia
1268 792 1474 874 Aristophanes

311 912 365 978 pro
392 899 438 960 dei
461 898 582 960 alicuius
601 897 723 958 nomine
740 897 882 958 scuticam
897 896 957 967 vel,
984 895 1064 976 quod
1086 894 1291 975 praetulerim,
1312 894 1473 976 scipionem

310 1002 450 1082 appellari
464 1001 582 1073 faceret,
600 999 650 1080 qui
666 999 775 1062 scilicet
790 999 887 1071 alteri,
909 998 966 1059 nisi
981 997 1208 1077 obtemperaret,
1224 996 1333 1059 malum
1352 997 1473 1059 datums

310 1111 402 1165 esset:
418 1120 515 1184 neque
529 1109 630 1165 tamen
645 1103 718 1164 adeo
734 1100 914 1183 probabilem
929 1101 1006 1161 hanc
1020 1099 1197 1162 sententiam
1213 1118 1278 1162 esse
1292 1100 1425 1171 dixerim,
1440 1106 1474 1159 ut

310 1211 466 1285 propterea
494 1204 628 1266 codicum
651 1203 736 1266 lectio
758 1204 861 1284 utique
883 1202 1039 1265 reiicienda
1059 1202 1107 1263 sit.
1144 1202 1219 1263 Nam
1239 1201 1470 1264 demonstrativo

309 1306 486 1388 pronomine
507 1308 663 1387 loquentes
682 1324 744 1367 non
763 1325 829 1368 raro
849 1313 945 1368 semet
966 1306 1047 1386 ipsos
1069 1303 1220 1384 designare
1243 1322 1333 1366 nemo
1349 1304 1472 1384 ignorat,

309 1409 503 1489 dixeruntque
519 1408 555 1469 de
570 1406 627 1469 hoc
641 1426 699 1470 usu
714 1408 936 1469 demonstrativi
951 1424 1042 1487 quum
1054 1406 1100 1467 alii
1112 1406 1208 1480 multi,
1224 1414 1289 1468 turn
1302 1406 1472 1467 Matthiaeus

310 1514 339 1586 t.
356 1509 450 1585 470,9
471 1517 501 1572 et
514 1509 651 1574 ldonlrius
671 1511 707 1572 ad
721 1512 792 1573 Eur.
813 1511 873 1571 Alc.
889 1509 1010 1571 addi:
1032 1509 1171 1589 quodque
1187 1526 1267 1573 nunc
1281 1507 1471 1589 Dicaeopolis,

309 1613 392 1676 cuius
414 1614 487 1675 hacc
508 1613 594 1676 verba
618 1619 702 1687 sunt,
722 1620 790 1695 post
811 1613 940 1674 daurom
956 1611 1119 1693 personalis
1134 1611 1319 1692 pronominis
1335 1603 1419 1689 ἐμοί,
1442 1610 1473 1671 ῖο

309 1716 468 1798 repetenda
496 1717 542 1779 sui
568 1717 768 1798 designatione
794 1734 849 1796 per
872 1715 1136 1777 demonstrativum
1164 1732 1224 1776 non
1251 1715 1322 1775 item
1342 1712 1471 1774 nativam

307 1812 424 1903 τούτῳ,
449 1818 500 1879 sed
516 1820 715 1881 accusativum
730 1836 797 1880 cum
813 1817 1032 1899 praepositione
1047 1823 1179 1897 usurpat,
1194 1834 1255 1879 non
1270 1816 1362 1896 magis
1378 1816 1471 1877 oden·

307 1921 376 1982 dere
392 1920 488 1995 debet,
506 1939 593 2003 quam
609 1922 714 1984 similis
729 1923 854 1983 mutatio
869 1928 1033 1983 structurae
1048 1920 1080 1982 in
1095 1940 1121 1982 v.
1138 1922 1216 1983 δῖός
1239 1918 1370 1993 πωλεῖν,
1394 1911 1471 1999 dye-

307 2016 419 2104 ρᾶζειν
441 2019 527 2103 πρὸς
548 2017 615 2102 ἐμέ,
639 2017 796 2106 Λαμάχῳ
821 2019 858 2084 δὲ
870 2017 928 2106 μή,
944 2022 994 2085 ubi
1009 2041 1098 2086 nemo
1113 2029 1164 2084 aut
1178 2014 1254 2102 ἐμοί
1267 2030 1319 2084 aut
1332 2016 1418 2103 πρὸς
1433 2015 1472 2082 dd

306 2119 473 2203 Λάμαχον
493 2126 650 2187 dicendum
670 2127 763 2189 fuisse
783 2126 907 2206 putabit.
939 2126 1048 2188 Nostro
1068 2133 1167 2188 autem
1188 2125 1254 2187 loco
1276 2124 1323 2186 illa
1346 2121 1470 2184 mutatio

305 2234 389 2289 tauto
412 2227 511 2289 minus
530 2229 606 2289 mira
626 2227 718 2288 videri
738 2234 850 2309 potest,
865 2228 890 2289 si
905 2232 1077 2307 reputamus
1093 2227 1279 2309 Dicacopolin
1293 2226 1356 2288 sine
1370 2224 1470 2297 dubio,

308 2344 401 2410 quum
417 2325 504 2410 πρὸς
525 2322 655 2392 τουτονί
669 2331 787 2403 diceret,
803 2330 891 2391 simul
905 2330 996 2391 etiam
1011 2329 1101 2409 digito
1116 2338 1212 2392 semet
1227 2329 1324 2411 ipsum
1344 2327 1471 2390 demon·

305 2437 423 2493 strasse.
454 2430 583 2493 Elmslcii
598 2451 668 2495 vcro
680 2432 859 2513 opinionem,
874 2432 925 2512 qui
939 2422 1027 2513 πρός
1041 2450 1159 2494 coram
1172 2432 1342 2513 significare,
1358 2447 1471 2511 prono·

305 2532 384 2594 mine
400 2540 497 2596 autem
514 2551 574 2595 non
589 2533 776 2617 Dicaeopolin
792 2534 843 2595 sed
865 2541 916 2595 aut
930 2532 1057 2613 legatum
1069 2535 1220 2596 Persicum
1237 2539 1288 2596 aut
1298 2533 1468 2596 eunuchum

306 2634 369 2697 eius
385 2636 525 2697 comitem
540 2635 682 2716 designari
698 2636 769 2709 vult,
783 2652 844 2697 non
860 2652 934 2715 opus
950 2640 995 2697 cst
1008 2636 1146 2698 refutare.

392 2737 422 2798 V.
442 2737 501 2798 195
524 2756 588 2817 sqq.
606 2737 787 2818 [licaeopolis
803 2737 909 2798 hausto
924 2736 1106 2800 indutiarum
1121 2736 1326 2800 tricennalium
1341 2740 1468 2820 guntulo,

307 2826 335 2899 ui
357 2831 536 2915 Διονύσιοι,
558 2839 709 2912 exclamat,

469 2926 568 3002 αὗται
589 2937 649 3020 μὲν
671 2932 781 3016 ῖζοοο’
806 2931 991 3024 ἀμβροσίας
1012 2938 1070 3006 καὶ
1090 2938 1257 3026 νέκταρος,

467 3031 528 3103 κᾶν
550 3039 603 3129 τῷΙ
620 3038 763 3123 στόματι
785 3037 926 3126 λέγουσι,
948 3035 1036 3123 βαῖν’
1060 3037 1144 3106 ὅποι
1166 3042 1288 3118 θέλοις,

471 3139 528 3205 καὶ
549 3141 594 3229 μὴ
616 3136 779 3229 ’πιτηροῖν
800 3136 887 3207 σιτί’
911 3136 1041 3229 ἡμερῶν
1061 3143 1163 3228 τριοῖν
1184 3144 1261 3222 arb,

304 3246 347 3309 sic
367 3246 444 3307 enim
463 3245 516 3309 hos
531 3266 633 3309 versus
648 3247 825 3309 ordinandos
840 3264 906 3309 esse
922 3266 990 3310 curn
1006 3248 1125 3310 Reisirio
1142 3256 1172 3310 et
1186 3248 1341 3322 lleinelrio,
1355 3249 1467 3313 Vindio.

302 3348 389 3410 Arist.
411 3368 440 3430 p.
465 3351 494 3423 5,
510 3350 613 3423 credo,
636 3368 729 3430 quum
749 3351 834 3429 vulgo
855 3350 959 3413 tertius
980 3350 1062 3412 alteri
1083 3358 1285 3431 anteponatur.
1317 3352 1470 3414 Assentior

300 3451 373 3513 item
393 3451 536 3514 bleinclrio
552 3452 708 3514 llamalreri
730 3453 928 3515 coniecturam
951 3448 1071 3536 μηκέτι
1092 3455 1222 3535 μετρεῖν
1243 3472 1277 3517 ac
1292 3453 1407 3535 Bergkii
1420 3448 1467 3537 pri

299 3545 482 3636 'ncysiperv
496 3554 676 3637 reprobanti,
692 3554 744 3615 sed
760 3573 812 3616 cur
826 3573 881 3635 pro
897 3555 1031 3617 codicum
1046 3555 1171 3618 lectione
1182 3552 1226 3640 μὴ
1246 3547 1409 3641 ’πιτηροῖν
1423 3555 1469 3617 vir

301 3656 432 3735 egregius
457 3651 574 3740 μηκέτι
601 3655 709 3740 τηρεῖν
734 3657 923 3719 scribendum
952 3676 1016 3719 csse
1035 3657 1220 3731 iudicaverit,
1247 3676 1309 3721 non
1328 3658 1398 3721 satis
1417 3677 1468 3721 rne

300 3757 464 3839 perspicere
484 3759 587 3821 lateor.
617 3757 692 3821 Nam
714 3759 757 3821 vis
773 3758 997 3841 praepositionis
1012 3776 1073 3820 non
1088 3760 1250 3822 admodum
1266 3761 1379 3824 diversa
1394 3745 1467 3824 milai

300 3859 331 3921 in
345 3860 405 3922 hoc
415 3860 580 3940 composito
594 3880 660 3923 esse
676 3861 792 3924 ridetur
805 3863 842 3925 ab
857 3880 900 3937 ea,
917 3881 992 3943 quac
1004 3869 1051 3925 cst
1062 3862 1093 3924 in
1105 3855 1314 3939 ἐπισκοπεῖν,
1329 3856 1466 3949 ἐφορᾶν,

301 3955 511 4047 ἐπιφρονεῖν,
546 3957 786 4041 ἐπιμελεῖσθαι
815 3982 850 4025 ac
876 3963 1036 4026 similibus:
1068 3957 1238 4050 ἐπιτηρεῖν
1262 3966 1349 4047 igitur
1374 3967 1469 4030 οιτῖα

191 4154 194 4157 ¹
300 4053 428 4149 ripatorio
448 4059 547 4147 τριοῖν
562 4063 586 4125 ἰο
601 4064 717 4139 dicitur,
734 4066 785 4147 qui
800 4075 931 4128 mentem
948 4065 1071 4129 advertit
1085 4067 1234 4130 servandis
1250 4068 1374 4143 cibariis,
1391 4088 1467 4151 quae

299 4165 329 4227 in
350 4164 480 4228 triduum
502 4166 666 4241 sufficiant,
691 4186 852 4250 curamque
874 4169 993 4232 adhibet
1007 4187 1045 4230 nc
1060 4168 1202 4231 deficiant.
1218 4205 1261 4215 -
1275 4171 1370 4232 Etiam
1386 4172 1466 4253 quod

297 4268 329 4330 in
351 4269 443 4332 altero
463 4286 548 4331 versu
569 4269 689 4344 dicitur,
712 4259 774 4331 adv
801 4267 850 4354 τῷ
871 4266 1015 4351 στόματι
1037 4266 1179 4352 λέγουσι,
1203 4292 1306 4336 vercor
1325 4290 1363 4334 ne
1382 4273 1467 4336 aliter

297 4369 500 4450 accipiendum
519 4372 572 4446 sit,
597 4390 685 4453 quam
706 4373 743 4434 ab
766 4373 992 4454 interpretibus,
1015 4374 1041 4437 si
1062 4391 1122 4437 non
1142 4375 1295 4447 omnbus,
1316 4376 1466 4459 plerisque

295 4478 405 4545 umen,
421 4479 574 4555 acceptum
589 4481 644 4538 cst.
673 4474 765 4556 Vulgo
780 4477 859 4538 enirn
876 4496 916 4539 os
932 4477 1163 4540 indutiarum
1178 4478 1334 4560 significari
1347 4486 1465 4562 putant,
