3266 5140
803 426 866 487 446

260 610 458 690 Peripateticis
480 621 509 673 et
523 631 539 673 a
553 610 699 673 veteribus
714 612 910 684 Academicis,
927 612 977 692 qui
991 629 1023 674 rc
1038 611 1255 676 consentientes
1268 608 1415 674 vocabulis

260 712 438 787 dilimebant,
453 730 573 774 ornnem
587 713 668 775 hunc
681 713 778 775 locum
796 714 907 775 civilem
921 714 1145 794 doctrinamque
1159 713 1307 794 politicam
1318 711 1414 791 gravi·

259 824 303 878 ter
318 825 347 878 et
363 816 955 897 1111111111111111111111111ρί11υεῦ),
970 834 1065 895 neque
1075 815 1222 877 immerito
1234 814 1291 895 ipsi
1303 814 1414 894 gloriati

259 928 338 994 sunt,
354 918 447 980 claros
463 919 540 980 viros
555 939 571 981 a
586 938 618 980 se
632 919 793 981 instructos
806 936 1016 999 saepenumero
1029 917 1248 998 rempublicam
1261 917 1414 992 rexisset).

258 1019 318 1083 Nec
333 1020 502 1083 Stoicorum
518 1020 592 1083 ratio
608 1020 643 1083 ab
658 1021 705 1083 his
721 1021 912 1102 discrepabat.
943 1022 1041 1095 Quum
1057 1021 1135 1082 enim
1150 1019 1185 1082 ad
1201 1020 1327 1082 tuendos
1342 1036 1415 1081 con·

260 1121 477 1202 servandosque
495 1123 631 1184 bomines
648 1122 798 1184 bominem
813 1131 914 1185 natum
929 1141 995 1185 esse
1009 1122 1164 1195 sentirent,
1185 1130 1413 1184 consentaneum

260 1242 325 1285 esse
340 1223 409 1285 huic
423 1234 541 1287 naturae
555 1224 764 1304 intelligebant,
783 1233 817 1286 ut
836 1225 953 1306 sapiens
973 1224 1059 1287 etiam
1074 1243 1136 1286 rem
1152 1223 1299 1304 publicam
1314 1241 1415 1303 gerere

260 1334 288 1387 et
302 1325 506 1388 administrare
521 1326 652 1405 1111118).
675 1327 761 1400 Quod
777 1336 872 1389 autem
888 1327 1002 1389 crimini
1018 1327 1104 1388 datur
1117 1326 1206 1388 huius
1220 1334 1316 1388 sectae
1330 1325 1413 1404 prin-

260 1428 372 1509 cipibus
383 1429 428 1504 ⁰),
449 1428 535 1489 vitam
549 1446 653 1490 eorum
668 1446 734 1489 cum
749 1429 912 1510 praeceptis
927 1428 1126 1502 discordasse,
1147 1445 1238 1508 quum
1253 1425 1415 1488 recusarint

259 1529 316 1608 ipsi
342 1529 377 1591 ad
398 1548 461 1590 rem
481 1529 625 1609 publicam
644 1530 794 1603 accedere,
819 1538 849 1591 et
867 1531 898 1591 in
914 1528 974 1591 ctio
990 1529 1088 1609 potius
1104 1537 1133 1591 et
1146 1529 1251 1591 umbra
1265 1546 1416 1590 senescere

261 1631 430 1692 induerint:
453 1632 511 1693 hoc
525 1631 642 1712 quidem
659 1631 785 1705 crimen,
806 1632 831 1693 si
847 1650 924 1712 opus
940 1631 986 1703 sit,
1002 1629 1083 1691 iacile
1098 1630 1201 1711 aliquis
1217 1630 1321 1703 diluat,
1342 1648 1415 1709 pos·

261 1741 386 1813 suntque
399 1751 460 1794 noo
478 1734 561 1813 pauci
576 1733 733 1794 memorari
749 1731 801 1793 viri
816 1731 1068 1812 praestantissimi,
1079 1732 1248 1795 Stoicorum
1263 1732 1414 1812 disciplina

260 1835 403 1903 instructi,
420 1835 468 1914 qui
483 1842 640 1915 postquam
656 1834 691 1896 ad
707 1851 768 1896 rem
784 1834 929 1914 publicam
941 1842 1137 1908 accesserunt,
1149 1834 1206 1895 vim
1219 1841 1248 1895 ct
1259 1833 1415 1896 efficaciam

260 1937 348 1998 buius
363 1935 533 2016 disciplinae
547 1934 669 2014 egregiis
684 1936 767 1997 iactis
783 1936 1021 2016 comprobarunt
1047 1934 1114 1996 Non
1128 1934 1250 1998 dubium
1262 1945 1308 1997 est
1318 1945 1414 1999 antem

262 2040 347 2118 quin,
368 2056 442 2119 quae
460 2038 537 2119 apud
553 2036 721 2099 Ciceronem
738 2056 828 2117 quum
848 2037 911 2098 aliis
925 2038 997 2099 locis
1012 2045 1074 2098 tum
1090 2037 1120 2098 in
1134 2037 1207 2099 libro
1222 2038 1318 2118 primo
1334 2038 1370 2099 de
1384 2056 1416 2098 re

260 2140 374 2221 publica
400 2140 587 2220 disputantur
611 2139 647 2200 de
668 2139 712 2201 illa
732 2141 914 2220 quaestione,
941 2138 1128 2201 conveniatne
1147 2138 1271 2219 sapienti
1293 2147 1417 2201 tractare

260 2242 495 2323 rempublicam,
514 2260 553 2302 an
572 2242 664 2304 otium
685 2243 783 2321 potius
798 2252 826 2304 et
840 2242 965 2322 quietem
982 2240 1063 2320 sequi
1078 2240 1189 2313 deceat,
1215 2260 1232 2302 e
1246 2242 1413 2303 Stoicorum

262 2345 391 2407 lontibus
417 2343 540 2405 derivata
568 2343 635 2405 sint.
680 2344 723 2404 111
748 2342 794 2404 bis
815 2359 905 2404 unum
925 2359 1004 2403 nunc
1017 2341 1116 2403 iocum
1131 2343 1255 2404 maxime
1269 2343 1413 2423 insignem

261 2446 426 2509 adscribere
451 2445 545 2526 placet
555 2452 563 2488 ¹
575 2452 616 2520 ⁰).
660 2442 744 2517 „llic
754 2446 928 2525 persugia‘t
944 2443 1051 2523 inquit,
1065 2463 1163 2525 „quae
1177 2456 1295 2507 summit
1307 2444 1364 2507 sibi
1377 2446 1416 2507 od

261 2552 484 2618 excoctionem,
500 2565 554 2628 quo
568 2547 690 2627 facilites
705 2551 761 2610 otio
772 2550 981 2629 persmtamm,
997 2559 1071 2610 certe
1084 2551 1202 2609 mim'me
1216 2559 1283 2610 mm
1294 2548 1415 2609 audier-

262 2653 313 2723 do,
340 2670 429 2732 mium
452 2654 494 2711 ito
513 2650 625 2720 mmm,
653 2650 787 2711 accedere
806 2651 845 2712 od
863 2669 925 2711 rem
941 2649 1091 2730 publicam
1102 2648 1274 2730 plerumque
1287 2649 1416 2711 boatium

260 2753 345 2815 1111111
358 2772 391 2815 re
407 2752 483 2815 bomo
497 2753 612 2831 dignos,
629 2771 694 2813 enm
708 2752 812 2833 quibus
826 2756 997 2833 comparari
1009 2752 1176 2822 sordidum,
1192 2752 1346 2831 confligere
1360 2770 1415 2813 ac-

261 2867 333 2926 tem,
362 2855 545 2917 multitudine
567 2857 742 2935 praesertim
766 2858 902 2926 imitata,
933 2859 1071 2916 mr'remtm
1095 2865 1122 2915 et
1141 2853 1341 2934 periculosum
1365 2858 1415 2915 sit:

261 2957 450 3038 quomobrem
463 2975 553 3037 meque
567 2960 705 3037 sapientis
725 2976 784 3019 esse
798 2962 928 3038 coemere
942 2956 1083 3027 babemus,
1097 2976 1186 3036 quum
1199 2960 1319 3018 imanes
1334 2968 1416 3037 atqm

261 3062 415 3122 iadom'tos
427 3063 548 3139 impetus
562 3058 645 3139 calgi
659 3058 789 3122 solabere
802 3079 863 3121 aee
874 3062 974 3140 possit,
989 3077 1080 3140 acque
1094 3058 1232 3129 liberalia,
1245 3077 1310 3121 cum
1319 3062 1417 3140 tmpu-

229 3172 245 3221 s
263 3165 306 3222 ris
328 3173 410 3241 otqm
432 3159 609 3222 immanibm
630 3162 809 3223 adversariis
828 3162 1018 3223 decertantem
1031 3160 1079 3222 cel
1092 3160 1333 3223 ammonam
1347 3179 1416 3222 oer-

264 3264 335 3325 bero
348 3263 455 3333 subire,
471 3261 519 3322 oet
531 3274 682 3344 emortum
697 3266 821 3344 sapienti
829 3281 889 3324 nott
897 3263 1036 3343 ferendos
1046 3265 1187 3324 imiim'os:
1198 3264 1323 3344 procede
1334 3266 1419 3343 prasi

263 3366 346 3428 bom's
370 3377 397 3428 et
419 3364 548 3446 sortitam
566 3377 593 3427 et
609 3384 714 3445 magno
735 3369 832 3427 ammo
849 3365 992 3445 praeditis
1013 3363 1076 3426 sliu
1090 3368 1128 3427 sit
1140 3366 1179 3427 cd
1193 3363 1417 3445 rempublicam

262 3469 390 3532 1111111111·
404 3487 493 3530 camo
506 3471 619 3542 tuamor,
633 3487 721 3548 mam
733 3486 770 3529 m
781 3477 909 3548 paream
922 3465 1073 3548 improbis,
1087 3485 1159 3528 aeos
1174 3466 1210 3528 ab
1224 3467 1325 3529 iisdem
1339 3466 1417 3528 loce·

262 3576 330 3634 rari
342 3589 405 3633 rem
416 3570 567 3652 publicem
578 3574 747 3651 patiamur,
774 3590 863 3651 qoam
878 3569 1026 3631 ramittam
1038 3570 1134 3648 serre,
1160 3572 1187 3631 ri
1200 3572 1332 3650 capium,
1356 3586 1418 3630 soa

261 3678 322 3735 ium
340 3679 475 3754 queom.“
519 3674 634 3754 Scripta
656 3673 728 3734 baec
741 3692 757 3734 a
771 3673 912 3735 Cicerone
927 3680 998 3734 sunt
1011 3680 1077 3733 ante
1091 3689 1186 3734 annos
1201 3671 1416 3751 propemodum

263 3775 308 3837 bis
323 3776 413 3837 mille:
434 3775 486 3836 sed
509 3776 641 3855 prolecto
656 3775 746 3837 nobis
761 3774 930 3855 nostrisque
944 3774 991 3835 bis
1007 3774 1187 3855 temporibus
1203 3772 1311 3852 scripta
1326 3771 1416 3833 videri
1467 3838 1487 3855 ,

265 3934 563 3941 ...ω-..ωσι

330 4056 355 4117 o)
374 4055 431 4107 Vid.
445 4055 533 4107 Cicero
545 4055 576 4105 de
588 4053 660 4105 Fine.
673 4052 715 4116 tv,
729 4052 753 4111 2,
767 4054 791 4103 5.
815 4053 848 4103 ci.
862 4052 894 4103 ib.
907 4052 949 4117 22,
962 4052 1004 4103 bl.
1017 4053 1047 4102 de
1059 4052 1109 4103 div.
1121 4049 1152 4115 11,
1167 4050 1189 4111 l,
1202 4051 1227 4100 3.

331 4142 355 4205 7)
373 4140 457 4192 Verba
471 4138 600 4191 Ciceronis
613 4145 679 4201 sunt,
693 4135 809 4203 11111111,
824 4136 865 4199 ao,
880 4137 936 4188 115.

331 4224 356 4291 8)
374 4225 441 4277 llaec
454 4240 551 4293 qnoque
564 4223 692 4274 Ciceronis
704 4229 771 4286 sunt,
784 4222 814 4273 dc
825 4221 898 4272 Fine.
912 4221 950 4288 111,
964 4221 1005 4287 20,
1017 4221 1058 4272 68.

330 4311 356 4377 a)
375 4311 445 4378 Apud
458 4310 615 4363 Plutarchum
627 4309 658 4359 de
671 4307 779 4359 Stoicor.
792 4322 895 4375 repagn.
908 4324 929 4357 e.
942 4307 966 4357 2.

316 4396 356 4459 to)
374 4395 454 4446 llatat
464 4394 535 4445 locus
547 4395 578 4445 de
590 4409 619 4445 re
630 4391 698 4461 publ.
714 4392 722 4443 1
739 4409 761 4444 c
775 4392 799 4444 5.
