3154 5138
865 461 926 525 382

801 545 999 559 -n—

321 663 404 717 nota
419 672 501 716 esse
514 659 609 714 recte
622 658 828 731 argumenta
842 657 1043 714 tractaturo
1057 650 1111 713 ris
1126 660 1161 713 ct
1173 659 1301 713 natura
1319 650 1465 713 omnium

321 775 451 832 rerum3
477 754 557 837 qnod
584 761 681 817 autern
702 753 830 816 maxime
850 753 1047 835 quaerundum
1069 761 1145 826 1111,
1167 751 1468 833 interessemeaiiquid

318 860 397 927 inter
409 859 465 921 has
479 857 633 932 formulas,
652 874 690 918 on
708 855 850 919 uusmris
865 854 1036 937 promiscue
1049 872 1195 937 usurpare
1207 854 1318 928 liceret,
1335 853 1365 916 id
1382 871 1469 934 neque

321 961 493 1037 Eirenichus
508 958 658 1041 quaesivit,
673 975 770 1040 neque
784 958 949 1039 quisquam,
964 958 1044 1039 qnod
1058 957 1163 1032 stiam,
1183 963 1297 1039 praeter
1310 955 1332 1018 i
1347 955 1472 1030 sutum,

321 1063 417 1144 quiin
430 1060 642 1129 cornmentario
657 1061 693 1123 ad
708 1062 766 1124 Cic.
783 1062 819 1123 ds
832 1063 906 1142 legg.
921 1078 952 1142 p.
966 1062 1025 1122 451
1045 1060 1202 1123 discrimen
1217 1061 1277 1123 hoc
1290 1077 1358 1122 esse
1370 1058 1473 1131 statuit

321 1173 354 1227 et
367 1163 484 1226 omnis
498 1180 615 1225 rernm
631 1169 759 1225 natura
773 1163 812 1225 sit
826 1163 892 1244 ipse
911 1163 1051 1237 mundus,
1067 1171 1169 1226 contra
1189 1162 1345 1224 omnium
1363 1178 1474 1223 rerum

321 1277 448 1329 natura
463 1265 574 1328 dicatur
587 1264 620 1327 iu
635 1265 855 1328 enumeratione
869 1265 1006 1346 partium.
1043 1265 1155 1346 Nempe
1168 1265 1235 1341 hoc,
1250 1264 1367 1346 opinor,
1379 1261 1474 1334 reiut

212 1354 217 1363 ’
320 1368 444 1432 alternam
459 1367 525 1442 dici,
540 1367 590 1430 ubi
605 1369 641 1430 de
654 1367 836 1448 singularum
850 1386 950 1431 rerum
965 1367 1009 1430 vel
1024 1367 1060 1429 ds
1074 1367 1162 1431 unius
1177 1367 1319 1449 adusque
1333 1365 1476 1429 mimum

322 1471 509 1552 cogitandum
529 1479 620 1546 esset,
638 1470 776 1546 dternm,
796 1471 833 1533 de
853 1470 936 1534 omni
954 1489 1053 1534 rerum
1072 1469 1274 1545 universitate,
1294 1487 1382 1551 11111111
1396 1466 1477 1530 edam

323 1573 425 1637 mundi
439 1573 560 1636 nomine
578 1572 769 1655 appellamus.
812 1573 850 1636 Et
869 1591 940 1636 sans
959 1573 995 1635 iis
1021 1590 1098 1654 qnos
1117 1589 1208 1653 snpra
1227 1570 1318 1652 posui
1336 1570 1409 1633 iocis
1427 1587 1478 1651 pro

323 1677 458 1740 omniunt
472 1693 572 1738 rerum
587 1684 689 1738 natura
703 1677 838 1757 potuisse
852 1677 940 1738 etiam
954 1675 1082 1738 cuiusvis
1097 1694 1123 1737 1.
1136 1676 1279 1755 cuiusque
1293 1672 1338 1736 rei
1351 1682 1479 1736 numam

324 1779 381 1843 dici
396 1778 615 1842 concedendum
630 1786 689 1851 est,
709 1795 804 1859 neque
822 1778 893 1841 iliud
908 1777 1079 1858 ambigitur,
1100 1795 1219 1840 emnem
1234 1794 1337 1839 renim
1352 1784 1479 1838 1111111111

323 1882 379 1945 dici
404 1898 460 1962 pro
487 1880 569 1943 onmi
594 1882 707 1943 mundo
735 1881 776 1943 roi
795 1880 877 1943 omni
897 1898 996 1943 rerum
1023 1880 1218 1943 universitate
1263 1880 1379 1943 Eodem
1398 1894 1480 1941 111111

323 1985 410 2047 etiam
425 1983 596 2065 simpliciter
615 1984 733 2045 omnis
752 1991 894 2058 natura,
913 1991 987 2046 tota
1007 1992 1147 2059 natura,
1166 1983 1341 2046 universa
1360 1989 1480 2045 natura

325 2086 438 2162 (licitur,
451 2085 529 2148 reiut
541 2085 577 2158 11,
596 2086 643 2159 10,
659 2085 948 2162 1811111131.
980 2086 1142 2150 Fatendum
1157 2094 1204 2148 est
1219 2094 1321 2148 tamen
1333 2084 1481 2148 omnium

324 2209 348 2251 r.
364 2207 394 2251 n.
410 2206 472 2251 non
486 2207 523 2271 qo
538 2189 636 2251 solum
652 2206 743 2251 sensu
758 2189 813 2251 dici
829 2189 973 2270 potuisse,
988 2208 1074 2270 qoem
1091 2207 1181 2270 supra
1196 2189 1378 2263 indicarint
1387 2186 1481 2265 sitiq.

325 2291 454 2355 cuiusvis
477 2300 528 2355 aut
546 2292 687 2373 cuiusque
706 2292 750 2354 rei
768 2300 886 2370 numa,
902 2293 956 2355 sed
977 2293 1063 2354 etiam
1078 2292 1131 2369 sic,
1145 2300 1179 2354 ut
1192 2292 1232 2354 sit
1245 2294 1266 2354 i.
1282 2310 1312 2373 q.
1329 2300 1484 2356 namrares

325 2413 431 2457 omnes
446 2394 605 2475 complexa,
620 2393 764 2476 siquidem
779 2394 838 2457 hoe
851 2395 952 2477 ipsum
967 2411 1089 2457 omnes
1104 2412 1167 2458 non
1182 2395 1283 2459 solum
1307 2390 1483 2458 dmuibntim

325 2515 416 2560 sensu
436 2496 540 2560 dicitur
560 2499 598 2561 de
611 2498 747 2579 singuiis,
767 2498 821 2561 sed
834 2498 923 2561 etium
939 2497 1088 2561 collectim
1104 2499 1141 2561 de
1154 2498 1281 2562 cunctis.
1328 2500 1423 2579 Atque
1434 2496 1487 2557 hoo

325 2619 414 2663 sensu
437 2620 454 2663 a
476 2600 617 2663 Cicerone
637 2600 678 2677 ΙΙ,
702 2599 754 2673 13,
770 2599 812 2663 36
827 2600 971 2680 scriptum
986 2600 1207 2664 esssarbitror:
1235 2602 1268 2664 is
1295 2609 1416 2664 autem
1438 2602 1487 2659 est

294 2725 309 2775 s
328 2704 472 2786 gradus,
486 2703 521 2766 in
537 2721 605 2784 quo
620 2720 736 2765 rerum
751 2702 909 2766 omnium
920 2710 1048 2766 natura
1058 2705 1219 2785 ponitur,
1235 2721 1338 2785 neque
1350 2700 1489 2767 amantior

326 2807 430 2883 Bakio,
446 2807 496 2889 qui
511 2814 602 2869 totam
618 2804 696 2868 iilam
711 2805 940 2888 disputationem
955 2807 1111 2870 manifesto
1131 2805 1287 2887 postidare
1301 2813 1448 2878 autumat,
1460 2810 1489 2864 ut

326 2919 485 2990 reponatur
498 2926 616 2973 rerum
633 2909 748 2970 omnis
764 2918 874 2972 natura.
920 2909 994 2972 Nam
1014 2910 1176 2991 opponitur
1195 2909 1237 2973 ibi
1257 2930 1276 2973 a
1292 2908 1436 2973 Cicerone
1447 2924 1489 2968 11·

326 3030 393 3075 mm
409 3011 543 3075 omnium
558 3020 662 3074 natum
678 3012 781 3072 ceteris
796 3013 923 3087 naturis,
942 3030 1016 3093 quae
1034 3022 1105 3074 sunt
1118 3029 1216 3075 rerum
1234 3012 1434 3093 singulorum,
1446 3026 1490 3071 ea

326 3132 384 3194 qno
397 3115 461 3195 ipsa
477 3112 628 3195 oppositio
648 3112 835 3176 manifestum
855 3112 934 3188 iacit,
954 3114 1107 3176 omnium
1121 3131 1183 3176 non
1197 3133 1269 3177 esse
1285 3116 1305 3178 i.
1323 3135 1354 3197 q.
1370 3110 1489 3194 singula

327 3234 403 3291 mm,
418 3215 472 3278 sed
486 3215 505 3275 i.
522 3234 550 3296 q.
566 3222 746 3276 cunctonrm.
790 3215 899 3278 Eadem
919 3215 993 3278 ratio
1013 3223 1059 3279 est
1079 3217 1116 3278 de
1137 3216 1210 3299 legg.
1226 3218 1270 3292 11,
1288 3219 1321 3291 7,
1341 3217 1396 3292 16,
1411 3231 1491 3298 quem

325 3320 423 3381 iocum
438 3334 527 3398 snpra
541 3315 762 3397 adscripsimus.
807 3318 845 3379 dt
858 3317 909 3380 ubi
924 3317 1004 3381 nulla
1018 3327 1065 3381 est
1084 3318 1258 3383 huiusmodi
1275 3315 1490 3402 oppositioni

326 3437 388 3482 non
404 3418 559 3483 omniurn
575 3419 627 3480 sed
642 3419 759 3481 omnis
773 3437 889 3482 rerum
907 3430 1031 3484 natura
1046 3420 1083 3483 de
1097 3421 1289 3487 universitate
1305 3442 1409 3488 rerum
1425 3418 1490 3485 did·

326 3532 385 3600 tur,
411 3522 662 3604 quemadmodum
687 3522 714 3596 1,
743 3524 795 3597 11,
821 3522 876 3585 27:
906 3525 1060 3587 animum
1089 3542 1151 3606 per
1179 3533 1351 3589 naturam
1380 3540 1490 3589 rernm

327 3644 465 3690 omnem
491 3625 666 3687 intentum
692 3633 727 3688 et
752 3634 1022 3702 commeantem,
1041 3626 1162 3709 aliisque
1182 3627 1258 3691 locis
1280 3628 1492 3711 compluribus.

326 3730 403 3793 nulia
422 3728 557 3791 codicum
576 3729 720 3791 variemus.
758 3728 866 3791 Nostro
886 3728 975 3810 igitur
991 3731 1058 3792 loco
1079 3729 1206 3794 dubitari
1226 3748 1296 3793 non
1311 3750 1407 3813 posse
1421 3727 1492 3793 nti

326 3841 400 3906 tror,
416 3831 487 3912 qnin
502 3830 653 3911 scripserit
666 3829 768 3892 Cicero
784 3847 923 3892 omnem
936 3839 1097 3894 naturam
1111 3851 1245 3909 rerum,
1260 3835 1357 3916 idque
1371 3850 1434 3898 non
1447 3850 1493 3895 so·

326 3936 388 3998 ium
403 3935 434 3996 in
449 3951 510 3996 uno
528 3931 663 3996 Lambini
683 3932 799 4007 codice,
818 3933 870 3995 sed
891 3932 979 3996 etiarn
998 3933 1028 3996 in
1047 3934 1141 3998 tribus
1160 3936 1233 4011 aliis,
1250 3930 1492 4017 Norirnirorqmsi

327 4036 359 4111 i.,
374 4036 576 4116 Rehdigerano
591 4044 620 4098 et
634 4035 827 4116 Giogaviensi
843 4036 993 4099 inventum
1007 4047 1062 4099 est

413 4138 439 4214 1,
459 4140 511 4214 15,
527 4138 568 4201 39
580 4157 635 4220 pro
652 4157 701 4212 so,
728 4139 808 4219 qnod
829 4137 859 4200 in
877 4138 1025 4221 plerisque
1039 4139 1190 4204 codicibus
1209 4140 1341 4222 iegitur,
1355 4139 1493 4205 fatalem

326 4242 488 4308 umbram
506 4248 541 4302 st
558 4240 820 4303 necessitatem
840 4260 958 4305 rerum
979 4246 1196 4319 suturarum,
1216 4243 1362 4310 Klotsius
1382 4240 1493 4323 scripti!

329 4346 470 4409 fatalem
485 4343 554 4405 vim
570 4343 685 4424 ipsam
700 4351 735 4406 et
747 4361 820 4407 nco
836 4363 861 4407 r.
874 4344 1114 4422 i.,scilioctrim,
1125 4344 1492 4427 qnodrocabuiumetirm

329 4448 461 4512 liausius
480 4465 514 4508 ox
534 4463 596 4509 imo
614 4446 714 4508 codice
733 4446 841 4509 Eliensi
862 4450 1016 4522 asciverat,
1034 4449 1064 4512 in
1084 4449 1198 4530 priore,
1218 4449 1341 4531 ipsam
1358 4445 1492 4513 antonin
