<?xml version="1.0" encoding="UTF-8"?>
<!DOCTYPE html PUBLIC "-//W3C//DTD XHTML 1.0 Transitional//EN"
    "http://www.w3.org/TR/xhtml1/DTD/xhtml1-transitional.dtd">
<html xmlns="http://www.w3.org/1999/xhtml" xml:lang="en" lang="en">
 <head>
  <title>
</title>
<meta http-equiv="Content-Type" content="text/html;charset=utf-8" />
  <meta name='ocr-system' content='tesseract 3.04.00' />
  <meta name='ocr-capabilities' content='ocr_page ocr_carea ocr_par ocr_line ocrx_word'/>
</head>
<body>
  <div class='ocr_page' id='page_1' title='image "./opusculaacademi00schogoog_0739.png"; bbox 0 0 3276 5144; ppageno 0'>
   <div class='ocr_carea' id='block_1_1' title="bbox 784 444 933 542">
    <p class='ocr_par' dir='ltr' id='par_1_1' title="bbox 784 444 933 542">
     <span class='ocr_line' id='line_1_1' title="bbox 784 444 933 542; baseline 0 -36"><span class='ocrx_word' id='word_1_1' title='bbox 784 444 933 542; x_wconf 52' lang='lat' dir='ltr'>jap—</span> 
     </span>
    </p>
   </div>
   <div class='ocr_carea' id='block_1_2' title="bbox 265 633 1438 3793">
    <p class='ocr_par' dir='ltr' id='par_1_2' title="bbox 265 633 1438 3793">
     <span class='ocr_line' id='line_1_2' title="bbox 272 633 1438 715; baseline 0.003 -20"><span class='ocrx_word' id='word_1_2' title='bbox 272 633 378 695; x_wconf 86' lang='lat' dir='ltr'>miram</span> <span class='ocrx_word' id='word_1_3' title='bbox 393 633 530 713; x_wconf 84' lang='lat' dir='ltr'>nullaque</span> <span class='ocrx_word' id='word_1_4' title='bbox 545 634 658 695; x_wconf 84' lang='lat' dir='ltr'>rationu</span> <span class='ocrx_word' id='word_1_5' title='bbox 672 639 785 695; x_wconf 91' lang='lat' dir='ltr'>mutam</span> <span class='ocrx_word' id='word_1_6' title='bbox 801 653 866 696; x_wconf 86' lang='lat' dir='ltr'>esse</span> <span class='ocrx_word' id='word_1_7' title='bbox 880 634 1014 708; x_wconf 75' lang='lat' dir='ltr'>arbitror,</span> <span class='ocrx_word' id='word_1_8' title='bbox 1036 635 1129 715; x_wconf 90' lang='lat' dir='ltr'>ipsius</span> <span class='ocrx_word' id='word_1_9' title='bbox 1144 641 1242 698; x_wconf 88' lang='lat' dir='ltr'>autem</span> <span class='ocrx_word' id='word_1_10' title='bbox 1259 636 1312 698; x_wconf 88' lang='lat' dir='ltr'>riri</span> <span class='ocrx_word' id='word_1_11' title='bbox 1327 637 1438 699; x_wconf 91' lang='lat' dir='ltr'>doctis-</span> 
     </span>
     <span class='ocr_line' id='line_1_3' title="bbox 272 736 1437 821; baseline 0.002 -23"><span class='ocrx_word' id='word_1_12' title='bbox 272 737 339 798; x_wconf 89' lang='lat' dir='ltr'>simi</span> <span class='ocrx_word' id='word_1_13' title='bbox 353 737 624 817; x_wconf 78' lang='lat' dir='ltr'>interpretationem</span> <span class='ocrx_word' id='word_1_14' title='bbox 641 754 715 809; x_wconf 89' lang='lat' dir='ltr'>eam,</span> <span class='ocrx_word' id='word_1_15' title='bbox 737 754 826 816; x_wconf 63' lang='lat' dir='ltr'>mam</span> <span class='ocrx_word' id='word_1_16' title='bbox 842 736 897 798; x_wconf 91' lang='lat' dir='ltr'>sihi</span> <span class='ocrx_word' id='word_1_17' title='bbox 913 736 1054 798; x_wconf 82' lang='lat' dir='ltr'>veriorem</span> <span class='ocrx_word' id='word_1_18' title='bbox 1071 736 1162 798; x_wconf 88' lang='lat' dir='ltr'>videri</span> <span class='ocrx_word' id='word_1_19' title='bbox 1177 737 1226 810; x_wconf 84' lang='lat' dir='ltr'>ait,</span> <span class='ocrx_word' id='word_1_20' title='bbox 1247 737 1333 818; x_wconf 83' lang='lat' dir='ltr'>longe</span> <span class='ocrx_word' id='word_1_21' title='bbox 1347 757 1437 821; x_wconf 89' lang='lat' dir='ltr'>quam</span> 
     </span>
     <span class='ocr_line' id='line_1_4' title="bbox 272 837 1438 922; baseline 0.003 -22"><span class='ocrx_word' id='word_1_22' title='bbox 272 838 444 912; x_wconf 80' lang='lat' dir='ltr'>Quintiliani</span> <span class='ocrx_word' id='word_1_23' title='bbox 458 837 544 900; x_wconf 81' lang='lat' dir='ltr'>verba</span> <span class='ocrx_word' id='word_1_24' title='bbox 560 839 759 900; x_wconf 86' lang='lat' dir='ltr'>obscuriorem</span> <span class='ocrx_word' id='word_1_25' title='bbox 776 839 849 900; x_wconf 91' lang='lat' dir='ltr'>mihi</span> <span class='ocrx_word' id='word_1_26' title='bbox 863 838 954 900; x_wconf 86' lang='lat' dir='ltr'>videri</span> <span class='ocrx_word' id='word_1_27' title='bbox 968 839 1073 900; x_wconf 82' lang='lat' dir='ltr'>fateor.</span> <span class='ocrx_word' id='word_1_28' title='bbox 1098 839 1146 901; x_wconf 90' lang='lat' dir='ltr'>Sic</span> <span class='ocrx_word' id='word_1_29' title='bbox 1157 840 1236 902; x_wconf 87' lang='lat' dir='ltr'>enim</span> <span class='ocrx_word' id='word_1_30' title='bbox 1249 840 1388 922; x_wconf 90' lang='lat' dir='ltr'>loquitur,</span> <span class='ocrx_word' id='word_1_31' title='bbox 1403 860 1438 904; x_wconf 89' lang='lat' dir='ltr'>ac</span> 
     </span>
     <span class='ocr_line' id='line_1_5' title="bbox 271 941 1436 1023; baseline 0.001 -19"><span class='ocrx_word' id='word_1_32' title='bbox 271 942 297 1004; x_wconf 89' lang='lat' dir='ltr'>si</span> <span class='ocrx_word' id='word_1_33' title='bbox 322 942 421 1004; x_wconf 87' lang='lat' dir='ltr'>credat</span> <span class='ocrx_word' id='word_1_34' title='bbox 444 941 657 1014; x_wconf 80' lang='lat' dir='ltr'>Quintilianum</span> <span class='ocrx_word' id='word_1_35' title='bbox 683 941 817 1003; x_wconf 86' lang='lat' dir='ltr'>adverbia</span> <span class='ocrx_word' id='word_1_36' title='bbox 839 941 1001 1021; x_wconf 90' lang='lat' dir='ltr'>posteriore</span> <span class='ocrx_word' id='word_1_37' title='bbox 1024 941 1145 1002; x_wconf 82' lang='lat' dir='ltr'>demum</span> <span class='ocrx_word' id='word_1_38' title='bbox 1161 942 1288 1022; x_wconf 89' lang='lat' dir='ltr'>quodam</span> <span class='ocrx_word' id='word_1_39' title='bbox 1303 951 1436 1023; x_wconf 88' lang='lat' dir='ltr'>tempora</span> 
     </span>
     <span class='ocr_line' id='line_1_6' title="bbox 271 1043 1435 1125; baseline -0.001 -19"><span class='ocrx_word' id='word_1_40' title='bbox 271 1045 366 1106; x_wconf 81' lang='lat' dir='ltr'>verbis</span> <span class='ocrx_word' id='word_1_41' title='bbox 392 1044 424 1106; x_wconf 90' lang='lat' dir='ltr'>iu</span> <span class='ocrx_word' id='word_1_42' title='bbox 439 1044 570 1106; x_wconf 88' lang='lat' dir='ltr'>oratioue</span> <span class='ocrx_word' id='word_1_43' title='bbox 591 1052 732 1125; x_wconf 88' lang='lat' dir='ltr'>tanquam</span> <span class='ocrx_word' id='word_1_44' title='bbox 755 1043 930 1106; x_wconf 90' lang='lat' dir='ltr'>adminicula</span> <span class='ocrx_word' id='word_1_45' title='bbox 947 1043 1091 1124; x_wconf 88' lang='lat' dir='ltr'>quaedam</span> <span class='ocrx_word' id='word_1_46' title='bbox 1107 1043 1173 1104; x_wconf 91' lang='lat' dir='ltr'>addi</span> <span class='ocrx_word' id='word_1_47' title='bbox 1189 1052 1292 1124; x_wconf 86' lang='lat' dir='ltr'>coepta</span> <span class='ocrx_word' id='word_1_48' title='bbox 1307 1052 1435 1125; x_wconf 89' lang='lat' dir='ltr'>putasse,</span> 
     </span>
     <span class='ocr_line' id='line_1_7' title="bbox 271 1145 1435 1226; baseline 0.001 -18"><span class='ocrx_word' id='word_1_49' title='bbox 271 1147 418 1209; x_wconf 87' lang='lat' dir='ltr'>intellecto</span> <span class='ocrx_word' id='word_1_50' title='bbox 433 1154 532 1209; x_wconf 86' lang='lat' dir='ltr'>tamen</span> <span class='ocrx_word' id='word_1_51' title='bbox 547 1165 650 1209; x_wconf 88' lang='lat' dir='ltr'>eorum</span> <span class='ocrx_word' id='word_1_52' title='bbox 667 1146 789 1208; x_wconf 80' lang='lat' dir='ltr'>arcebis</span> <span class='ocrx_word' id='word_1_53' title='bbox 801 1146 983 1209; x_wconf 86' lang='lat' dir='ltr'>discrimine:</span> <span class='ocrx_word' id='word_1_54' title='bbox 1000 1154 1085 1207; x_wconf 89' lang='lat' dir='ltr'>antea</span> <span class='ocrx_word' id='word_1_55' title='bbox 1098 1145 1185 1226; x_wconf 80' lang='lat' dir='ltr'>igitur</span> <span class='ocrx_word' id='word_1_56' title='bbox 1196 1156 1245 1208; x_wconf 86' lang='lat' dir='ltr'>aut</span> <span class='ocrx_word' id='word_1_57' title='bbox 1256 1148 1335 1209; x_wconf 95' lang='lat' dir='ltr'>nulla</span> <span class='ocrx_word' id='word_1_58' title='bbox 1346 1147 1435 1209; x_wconf 85' lang='lat' dir='ltr'>fuisso</span> 
     </span>
     <span class='ocr_line' id='line_1_8' title="bbox 271 1248 1436 1330; baseline -0.002 -17"><span class='ocrx_word' id='word_1_59' title='bbox 271 1259 321 1313; x_wconf 91' lang='lat' dir='ltr'>ant</span> <span class='ocrx_word' id='word_1_60' title='bbox 336 1258 415 1313; x_wconf 88' lang='lat' dir='ltr'>certe</span> <span class='ocrx_word' id='word_1_61' title='bbox 426 1266 488 1311; x_wconf 91' lang='lat' dir='ltr'>non</span> <span class='ocrx_word' id='word_1_62' title='bbox 499 1267 553 1330; x_wconf 88' lang='lat' dir='ltr'>pro</span> <span class='ocrx_word' id='word_1_63' title='bbox 565 1248 748 1311; x_wconf 82' lang='lat' dir='ltr'>adminiculis</span> <span class='ocrx_word' id='word_1_64' title='bbox 760 1249 915 1312; x_wconf 86' lang='lat' dir='ltr'>verborum</span> <span class='ocrx_word' id='word_1_65' title='bbox 928 1248 1036 1311; x_wconf 90' lang='lat' dir='ltr'>habita.</span> <span class='ocrx_word' id='word_1_66' title='bbox 1053 1248 1188 1310; x_wconf 88' lang='lat' dir='ltr'>Noluisse</span> <span class='ocrx_word' id='word_1_67' title='bbox 1200 1249 1295 1311; x_wconf 86' lang='lat' dir='ltr'>virum</span> <span class='ocrx_word' id='word_1_68' title='bbox 1307 1249 1436 1311; x_wconf 89' lang='lat' dir='ltr'>circum·</span> 
     </span>
     <span class='ocr_line' id='line_1_9' title="bbox 270 1350 1435 1435; baseline 0 -20"><span class='ocrx_word' id='word_1_69' title='bbox 270 1353 489 1435; x_wconf 85' lang='lat' dir='ltr'>spectissimum</span> <span class='ocrx_word' id='word_1_70' title='bbox 514 1359 575 1414; x_wconf 88' lang='lat' dir='ltr'>tarn</span> <span class='ocrx_word' id='word_1_71' title='bbox 596 1350 796 1413; x_wconf 84' lang='lat' dir='ltr'>incredibilem</span> <span class='ocrx_word' id='word_1_72' title='bbox 816 1351 960 1413; x_wconf 88' lang='lat' dir='ltr'>inscitiam</span> <span class='ocrx_word' id='word_1_73' title='bbox 982 1350 1162 1424; x_wconf 91' lang='lat' dir='ltr'>Quintiliano</span> <span class='ocrx_word' id='word_1_74' title='bbox 1188 1351 1335 1432; x_wconf 86' lang='lat' dir='ltr'>imputare</span> <span class='ocrx_word' id='word_1_75' title='bbox 1356 1360 1435 1415; x_wconf 88' lang='lat' dir='ltr'>certo</span> 
     </span>
     <span class='ocr_line' id='line_1_10' title="bbox 270 1454 1435 1535; baseline -0.003 -16"><span class='ocrx_word' id='word_1_76' title='bbox 270 1456 348 1529; x_wconf 77' lang='lat' dir='ltr'>sci03</span> <span class='ocrx_word' id='word_1_77' title='bbox 368 1457 419 1518; x_wconf 86' lang='lat' dir='ltr'>scd</span> <span class='ocrx_word' id='word_1_78' title='bbox 440 1459 497 1519; x_wconf 95' lang='lat' dir='ltr'>hoc</span> <span class='ocrx_word' id='word_1_79' title='bbox 512 1457 537 1518; x_wconf 92' lang='lat' dir='ltr'>si</span> <span class='ocrx_word' id='word_1_80' title='bbox 552 1456 656 1529; x_wconf 89' lang='lat' dir='ltr'>noluit,</span> <span class='ocrx_word' id='word_1_81' title='bbox 678 1455 830 1519; x_wconf 87' lang='lat' dir='ltr'>latendum</span> <span class='ocrx_word' id='word_1_82' title='bbox 845 1461 924 1516; x_wconf 88' lang='lat' dir='ltr'>certe</span> <span class='ocrx_word' id='word_1_83' title='bbox 940 1472 1007 1515; x_wconf 87' lang='lat' dir='ltr'>eum</span> <span class='ocrx_word' id='word_1_84' title='bbox 1025 1454 1095 1533; x_wconf 91' lang='lat' dir='ltr'>quid</span> <span class='ocrx_word' id='word_1_85' title='bbox 1109 1454 1194 1515; x_wconf 84' lang='lat' dir='ltr'>vellet</span> <span class='ocrx_word' id='word_1_86' title='bbox 1208 1455 1435 1535; x_wconf 85' lang='lat' dir='ltr'>haudquaquam</span> 
     </span>
     <span class='ocr_line' id='line_1_11' title="bbox 270 1555 1435 1640; baseline 0 -21"><span class='ocrx_word' id='word_1_87' title='bbox 270 1558 357 1640; x_wconf 89' lang='lat' dir='ltr'>plane</span> <span class='ocrx_word' id='word_1_88' title='bbox 372 1577 407 1620; x_wconf 90' lang='lat' dir='ltr'>ac</span> <span class='ocrx_word' id='word_1_89' title='bbox 420 1559 573 1640; x_wconf 87' lang='lat' dir='ltr'>perspicue</span> <span class='ocrx_word' id='word_1_90' title='bbox 589 1558 777 1639; x_wconf 89' lang='lat' dir='ltr'>prolocutum</span> <span class='ocrx_word' id='word_1_91' title='bbox 792 1576 866 1619; x_wconf 87' lang='lat' dir='ltr'>csse.</span> <span class='ocrx_word' id='word_1_92' title='bbox 901 1556 999 1618; x_wconf 86' lang='lat' dir='ltr'>Voluit</span> <span class='ocrx_word' id='word_1_93' title='bbox 1020 1566 1128 1631; x_wconf 86' lang='lat' dir='ltr'>autem,</span> <span class='ocrx_word' id='word_1_94' title='bbox 1151 1565 1185 1618; x_wconf 90' lang='lat' dir='ltr'>ut</span> <span class='ocrx_word' id='word_1_95' title='bbox 1204 1557 1339 1630; x_wconf 86' lang='lat' dir='ltr'>arbitror,</span> <span class='ocrx_word' id='word_1_96' title='bbox 1361 1555 1435 1619; x_wconf 92' lang='lat' dir='ltr'>nihil</span> 
     </span>
     <span class='ocr_line' id='line_1_12' title="bbox 270 1659 1435 1742; baseline 0 -19"><span class='ocrx_word' id='word_1_97' title='bbox 270 1661 347 1723; x_wconf 90' lang='lat' dir='ltr'>aliud</span> <span class='ocrx_word' id='word_1_98' title='bbox 370 1681 457 1742; x_wconf 92' lang='lat' dir='ltr'>quam</span> <span class='ocrx_word' id='word_1_99' title='bbox 481 1661 551 1724; x_wconf 92' lang='lat' dir='ltr'>olim</span> <span class='ocrx_word' id='word_1_100' title='bbox 573 1662 708 1723; x_wconf 86' lang='lat' dir='ltr'>adverbia</span> <span class='ocrx_word' id='word_1_101' title='bbox 727 1678 788 1723; x_wconf 91' lang='lat' dir='ltr'>non</span> <span class='ocrx_word' id='word_1_102' title='bbox 808 1659 879 1722; x_wconf 86' lang='lat' dir='ltr'>satis</span> <span class='ocrx_word' id='word_1_103' title='bbox 900 1659 1102 1721; x_wconf 81' lang='lat' dir='ltr'>animadversa</span> <span class='ocrx_word' id='word_1_104' title='bbox 1122 1676 1218 1739; x_wconf 86' lang='lat' dir='ltr'>neque</span> <span class='ocrx_word' id='word_1_105' title='bbox 1233 1678 1249 1720; x_wconf 88' lang='lat' dir='ltr'>a</span> <span class='ocrx_word' id='word_1_106' title='bbox 1264 1659 1359 1722; x_wconf 86' lang='lat' dir='ltr'>verbis</span> <span class='ocrx_word' id='word_1_107' title='bbox 1374 1660 1435 1723; x_wconf 90' lang='lat' dir='ltr'>dis·</span> 
     </span>
     <span class='ocr_line' id='line_1_13' title="bbox 271 1761 1435 1845; baseline -0.002 -18"><span class='ocrx_word' id='word_1_108' title='bbox 271 1772 360 1837; x_wconf 88' lang='lat' dir='ltr'>creta,</span> <span class='ocrx_word' id='word_1_109' title='bbox 376 1783 410 1826; x_wconf 86' lang='lat' dir='ltr'>ac</span> <span class='ocrx_word' id='word_1_110' title='bbox 424 1773 526 1845; x_wconf 86' lang='lat' dir='ltr'>postca</span> <span class='ocrx_word' id='word_1_111' title='bbox 541 1764 662 1827; x_wconf 89' lang='lat' dir='ltr'>demum</span> <span class='ocrx_word' id='word_1_112' title='bbox 677 1763 713 1825; x_wconf 88' lang='lat' dir='ltr'>ab</span> <span class='ocrx_word' id='word_1_113' title='bbox 728 1763 763 1824; x_wconf 89' lang='lat' dir='ltr'>iis</span> <span class='ocrx_word' id='word_1_114' title='bbox 774 1769 907 1845; x_wconf 89' lang='lat' dir='ltr'>separata</span> <span class='ocrx_word' id='word_1_115' title='bbox 919 1780 992 1823; x_wconf 86' lang='lat' dir='ltr'>esse.</span> <span class='ocrx_word' id='word_1_116' title='bbox 1016 1761 1102 1834; x_wconf 89' lang='lat' dir='ltr'>Quod</span> <span class='ocrx_word' id='word_1_117' title='bbox 1113 1761 1138 1823; x_wconf 88' lang='lat' dir='ltr'>si</span> <span class='ocrx_word' id='word_1_118' title='bbox 1149 1762 1190 1823; x_wconf 88' lang='lat' dir='ltr'>ita</span> <span class='ocrx_word' id='word_1_119' title='bbox 1200 1769 1255 1835; x_wconf 86' lang='lat' dir='ltr'>est,</span> <span class='ocrx_word' id='word_1_120' title='bbox 1270 1780 1376 1825; x_wconf 87' lang='lat' dir='ltr'>rursus</span> <span class='ocrx_word' id='word_1_121' title='bbox 1386 1782 1435 1825; x_wconf 89' lang='lat' dir='ltr'>me</span> 
     </span>
     <span class='ocr_line' id='line_1_14' title="bbox 270 1864 1435 1947; baseline -0.002 -17"><span class='ocrx_word' id='word_1_122' title='bbox 270 1886 330 1930; x_wconf 89' lang='lat' dir='ltr'>non</span> <span class='ocrx_word' id='word_1_123' title='bbox 345 1868 417 1930; x_wconf 89' lang='lat' dir='ltr'>satis</span> <span class='ocrx_word' id='word_1_124' title='bbox 432 1868 591 1947; x_wconf 81' lang='lat' dir='ltr'>intelligere</span> <span class='ocrx_word' id='word_1_125' title='bbox 605 1867 710 1937; x_wconf 82' lang='lat' dir='ltr'>fateor,</span> <span class='ocrx_word' id='word_1_126' title='bbox 726 1884 816 1946; x_wconf 92' lang='lat' dir='ltr'>quam</span> <span class='ocrx_word' id='word_1_127' title='bbox 832 1865 870 1927; x_wconf 93' lang='lat' dir='ltr'>ob</span> <span class='ocrx_word' id='word_1_128' title='bbox 882 1884 999 1926; x_wconf 87' lang='lat' dir='ltr'>causam</span> <span class='ocrx_word' id='word_1_129' title='bbox 1013 1864 1209 1937; x_wconf 85' lang='lat' dir='ltr'>Quintilianus</span> <span class='ocrx_word' id='word_1_130' title='bbox 1221 1883 1318 1926; x_wconf 85' lang='lat' dir='ltr'>veram</span> <span class='ocrx_word' id='word_1_131' title='bbox 1331 1865 1435 1928; x_wconf 87' lang='lat' dir='ltr'>advar-</span> 
     </span>
     <span class='ocr_line' id='line_1_15' title="bbox 269 1967 1434 2049; baseline -0.001 -17"><span class='ocrx_word' id='word_1_132' title='bbox 269 1970 385 2032; x_wconf 89' lang='lat' dir='ltr'>biorum</span> <span class='ocrx_word' id='word_1_133' title='bbox 401 1969 553 2031; x_wconf 88' lang='lat' dir='ltr'>notionem</span> <span class='ocrx_word' id='word_1_134' title='bbox 569 1968 719 2048; x_wconf 84' lang='lat' dir='ltr'>ignorasse</span> <span class='ocrx_word' id='word_1_135' title='bbox 734 1976 882 2047; x_wconf 82' lang='lat' dir='ltr'>arguatur,</span> <span class='ocrx_word' id='word_1_136' title='bbox 904 1976 933 2029; x_wconf 87' lang='lat' dir='ltr'>ct</span> <span class='ocrx_word' id='word_1_137' title='bbox 953 1968 1022 2048; x_wconf 94' lang='lat' dir='ltr'>quid</span> <span class='ocrx_word' id='word_1_138' title='bbox 1038 1967 1164 2047; x_wconf 90' lang='lat' dir='ltr'>denique</span> <span class='ocrx_word' id='word_1_139' title='bbox 1179 1967 1295 2029; x_wconf 88' lang='lat' dir='ltr'>intersit</span> <span class='ocrx_word' id='word_1_140' title='bbox 1309 1985 1434 2049; x_wconf 81' lang='lat' dir='ltr'>magno·</span> 
     </span>
     <span class='ocr_line' id='line_1_16' title="bbox 269 2068 1434 2152; baseline 0 -19"><span class='ocrx_word' id='word_1_141' title='bbox 269 2088 340 2152; x_wconf 85' lang='lat' dir='ltr'>perc</span> <span class='ocrx_word' id='word_1_142' title='bbox 354 2072 432 2134; x_wconf 87' lang='lat' dir='ltr'>iuter</span> <span class='ocrx_word' id='word_1_143' title='bbox 445 2071 517 2133; x_wconf 87' lang='lat' dir='ltr'>duas</span> <span class='ocrx_word' id='word_1_144' title='bbox 533 2071 602 2131; x_wconf 87' lang='lat' dir='ltr'>istas</span> <span class='ocrx_word' id='word_1_145' title='bbox 618 2069 883 2150; x_wconf 83' lang='lat' dir='ltr'>interpretationes,</span> <span class='ocrx_word' id='word_1_146' title='bbox 900 2089 1024 2149; x_wconf 87' lang='lat' dir='ltr'>quarum</span> <span class='ocrx_word' id='word_1_147' title='bbox 1040 2070 1128 2131; x_wconf 85' lang='lat' dir='ltr'>altera</span> <span class='ocrx_word' id='word_1_148' title='bbox 1143 2068 1278 2131; x_wconf 85' lang='lat' dir='ltr'>adverbia</span> <span class='ocrx_word' id='word_1_149' title='bbox 1293 2078 1434 2150; x_wconf 87' lang='lat' dir='ltr'>tanquam</span> 
     </span>
     <span class='ocr_line' id='line_1_17' title="bbox 269 2171 1433 2255; baseline 0.002 -20"><span class='ocrx_word' id='word_1_150' title='bbox 269 2174 396 2255; x_wconf 88' lang='lat' dir='ltr'>speciem</span> <span class='ocrx_word' id='word_1_151' title='bbox 411 2173 560 2254; x_wconf 90' lang='lat' dir='ltr'>quandam</span> <span class='ocrx_word' id='word_1_152' title='bbox 574 2171 732 2235; x_wconf 82' lang='lat' dir='ltr'>verborum</span> <span class='ocrx_word' id='word_1_153' title='bbox 747 2180 798 2234; x_wconf 87' lang='lat' dir='ltr'>aut</span> <span class='ocrx_word' id='word_1_154' title='bbox 812 2181 927 2252; x_wconf 88' lang='lat' dir='ltr'>partem</span> <span class='ocrx_word' id='word_1_155' title='bbox 943 2172 1084 2235; x_wconf 89' lang='lat' dir='ltr'>orationis</span> <span class='ocrx_word' id='word_1_156' title='bbox 1098 2172 1176 2234; x_wconf 89' lang='lat' dir='ltr'>haud</span> <span class='ocrx_word' id='word_1_157' title='bbox 1191 2173 1354 2236; x_wconf 89' lang='lat' dir='ltr'>absimilem</span> <span class='ocrx_word' id='word_1_158' title='bbox 1367 2193 1433 2237; x_wconf 86' lang='lat' dir='ltr'>ver·</span> 
     </span>
     <span class='ocr_line' id='line_1_18' title="bbox 268 2274 1432 2355; baseline 0.003 -18"><span class='ocrx_word' id='word_1_159' title='bbox 268 2275 314 2337; x_wconf 88' lang='lat' dir='ltr'>bis</span> <span class='ocrx_word' id='word_1_160' title='bbox 329 2275 458 2338; x_wconf 92' lang='lat' dir='ltr'>additam</span> <span class='ocrx_word' id='word_1_161' title='bbox 471 2277 541 2348; x_wconf 88' lang='lat' dir='ltr'>rult,</span> <span class='ocrx_word' id='word_1_162' title='bbox 557 2276 647 2337; x_wconf 84' lang='lat' dir='ltr'>altera</span> <span class='ocrx_word' id='word_1_163' title='bbox 658 2274 772 2347; x_wconf 87' lang='lat' dir='ltr'>eadem,</span> <span class='ocrx_word' id='word_1_164' title='bbox 788 2293 880 2355; x_wconf 91' lang='lat' dir='ltr'>quum</span> <span class='ocrx_word' id='word_1_165' title='bbox 893 2274 963 2336; x_wconf 88' lang='lat' dir='ltr'>olim</span> <span class='ocrx_word' id='word_1_166' title='bbox 977 2274 1075 2338; x_wconf 89' lang='lat' dir='ltr'>miuus</span> <span class='ocrx_word' id='word_1_167' title='bbox 1086 2275 1287 2338; x_wconf 80' lang='lat' dir='ltr'>animadversa</span> <span class='ocrx_word' id='word_1_168' title='bbox 1298 2276 1432 2351; x_wconf 84' lang='lat' dir='ltr'>fuissent,</span> 
     </span>
     <span class='ocr_line' id='line_1_19' title="bbox 268 2376 1432 2460; baseline 0.001 -20"><span class='ocrx_word' id='word_1_169' title='bbox 268 2387 372 2459; x_wconf 89' lang='lat' dir='ltr'>postca</span> <span class='ocrx_word' id='word_1_170' title='bbox 387 2397 440 2460; x_wconf 87' lang='lat' dir='ltr'>pro</span> <span class='ocrx_word' id='word_1_171' title='bbox 455 2377 638 2440; x_wconf 87' lang='lat' dir='ltr'>adminiculis</span> <span class='ocrx_word' id='word_1_172' title='bbox 650 2377 807 2439; x_wconf 87' lang='lat' dir='ltr'>verborum</span> <span class='ocrx_word' id='word_1_173' title='bbox 823 2376 932 2448; x_wconf 87' lang='lat' dir='ltr'>habita,</span> <span class='ocrx_word' id='word_1_174' title='bbox 949 2376 1061 2447; x_wconf 83' lang='lat' dir='ltr'>diversa</span> <span class='ocrx_word' id='word_1_175' title='bbox 1076 2386 1175 2441; x_wconf 87' lang='lat' dir='ltr'>tamen</span> <span class='ocrx_word' id='word_1_176' title='bbox 1190 2377 1227 2438; x_wconf 91' lang='lat' dir='ltr'>ab</span> <span class='ocrx_word' id='word_1_177' title='bbox 1242 2377 1312 2457; x_wconf 88' lang='lat' dir='ltr'>ipsis</span> <span class='ocrx_word' id='word_1_178' title='bbox 1328 2378 1432 2455; x_wconf 86' lang='lat' dir='ltr'>verbis,</span> 
     </span>
     <span class='ocr_line' id='line_1_20' title="bbox 269 2479 1432 2562; baseline 0 -19"><span class='ocrx_word' id='word_1_179' title='bbox 269 2482 393 2562; x_wconf 87' lang='lat' dir='ltr'>ideoque</span> <span class='ocrx_word' id='word_1_180' title='bbox 409 2499 470 2543; x_wconf 89' lang='lat' dir='ltr'>non</span> <span class='ocrx_word' id='word_1_181' title='bbox 485 2480 610 2561; x_wconf 88' lang='lat' dir='ltr'>amplius</span> <span class='ocrx_word' id='word_1_182' title='bbox 626 2499 694 2543; x_wconf 88' lang='lat' dir='ltr'>cum</span> <span class='ocrx_word' id='word_1_183' title='bbox 709 2479 743 2541; x_wconf 89' lang='lat' dir='ltr'>iis</span> <span class='ocrx_word' id='word_1_184' title='bbox 755 2479 887 2544; x_wconf 82' lang='lat' dir='ltr'>confusa,</span> <span class='ocrx_word' id='word_1_185' title='bbox 903 2480 954 2539; x_wconf 90' lang='lat' dir='ltr'>sed</span> <span class='ocrx_word' id='word_1_186' title='bbox 967 2480 1122 2560; x_wconf 84' lang='lat' dir='ltr'>separatim</span> <span class='ocrx_word' id='word_1_187' title='bbox 1136 2480 1310 2561; x_wconf 89' lang='lat' dir='ltr'>inpartibus</span> <span class='ocrx_word' id='word_1_188' title='bbox 1323 2482 1432 2544; x_wconf 89' lang='lat' dir='ltr'>oratio·</span> 
     </span>
     <span class='ocr_line' id='line_1_21' title="bbox 269 2581 1434 2665; baseline -0.001 -18"><span class='ocrx_word' id='word_1_189' title='bbox 269 2586 315 2647; x_wconf 91' lang='lat' dir='ltr'>nis</span> <span class='ocrx_word' id='word_1_190' title='bbox 329 2592 483 2647; x_wconf 90' lang='lat' dir='ltr'>numerata</span> <span class='ocrx_word' id='word_1_191' title='bbox 499 2602 572 2646; x_wconf 87' lang='lat' dir='ltr'>esse.</span> <span class='ocrx_word' id='word_1_192' title='bbox 602 2582 678 2645; x_wconf 87' lang='lat' dir='ltr'>Nam</span> <span class='ocrx_word' id='word_1_193' title='bbox 694 2583 719 2644; x_wconf 93' lang='lat' dir='ltr'>si</span> <span class='ocrx_word' id='word_1_194' title='bbox 733 2582 911 2664; x_wconf 86' lang='lat' dir='ltr'>respondeat</span> <span class='ocrx_word' id='word_1_195' title='bbox 921 2581 1056 2653; x_wconf 85' lang='lat' dir='ltr'>fortasse,</span> <span class='ocrx_word' id='word_1_196' title='bbox 1071 2582 1148 2645; x_wconf 91' lang='lat' dir='ltr'>aliud</span> <span class='ocrx_word' id='word_1_197' title='bbox 1161 2591 1262 2647; x_wconf 87' lang='lat' dir='ltr'>tamen</span> <span class='ocrx_word' id='word_1_198' title='bbox 1274 2602 1349 2658; x_wconf 86' lang='lat' dir='ltr'>csse,</span> <span class='ocrx_word' id='word_1_199' title='bbox 1364 2603 1434 2665; x_wconf 85' lang='lat' dir='ltr'>spe-</span> 
     </span>
     <span class='ocr_line' id='line_1_22' title="bbox 269 2683 1432 2769; baseline -0.003 -19"><span class='ocrx_word' id='word_1_200' title='bbox 269 2688 343 2751; x_wconf 88' lang='lat' dir='ltr'>ciem</span> <span class='ocrx_word' id='word_1_201' title='bbox 360 2690 508 2769; x_wconf 90' lang='lat' dir='ltr'>quandam</span> <span class='ocrx_word' id='word_1_202' title='bbox 520 2685 678 2747; x_wconf 89' lang='lat' dir='ltr'>verborum</span> <span class='ocrx_word' id='word_1_203' title='bbox 689 2683 823 2747; x_wconf 82' lang='lat' dir='ltr'>adverbia</span> <span class='ocrx_word' id='word_1_204' title='bbox 836 2684 963 2757; x_wconf 88' lang='lat' dir='ltr'>credere,</span> <span class='ocrx_word' id='word_1_205' title='bbox 979 2684 1057 2746; x_wconf 88' lang='lat' dir='ltr'>aliud</span> <span class='ocrx_word' id='word_1_206' title='bbox 1069 2683 1246 2747; x_wconf 89' lang='lat' dir='ltr'>adminicula</span> <span class='ocrx_word' id='word_1_207' title='bbox 1258 2685 1432 2749; x_wconf 79' lang='lat' dir='ltr'>verborum:</span> 
     </span>
     <span class='ocr_line' id='line_1_23' title="bbox 270 2785 1434 2870; baseline -0.001 -19"><span class='ocrx_word' id='word_1_208' title='bbox 270 2808 456 2870; x_wconf 87' lang='lat' dir='ltr'>opponemus</span> <span class='ocrx_word' id='word_1_209' title='bbox 477 2797 580 2851; x_wconf 89' lang='lat' dir='ltr'>nostro</span> <span class='ocrx_word' id='word_1_210' title='bbox 601 2788 680 2861; x_wconf 89' lang='lat' dir='ltr'>iure,</span> <span class='ocrx_word' id='word_1_211' title='bbox 701 2787 772 2849; x_wconf 91' lang='lat' dir='ltr'>illud</span> <span class='ocrx_word' id='word_1_212' title='bbox 792 2787 889 2868; x_wconf 89' lang='lat' dir='ltr'>ipsum</span> <span class='ocrx_word' id='word_1_213' title='bbox 909 2785 1043 2866; x_wconf 85' lang='lat' dir='ltr'>speciei</span> <span class='ocrx_word' id='word_1_214' title='bbox 1058 2786 1230 2849; x_wconf 73' lang='lat' dir='ltr'>vocabulum</span> <span class='ocrx_word' id='word_1_215' title='bbox 1245 2806 1434 2869; x_wconf 84' lang='lat' dir='ltr'>perperama</span> 
     </span>
     <span class='ocr_line' id='line_1_24' title="bbox 267 2886 1434 2972; baseline 0.001 -20"><span class='ocrx_word' id='word_1_216' title='bbox 267 2893 330 2954; x_wconf 84' lang='lat' dir='ltr'>uiro</span> <span class='ocrx_word' id='word_1_217' title='bbox 352 2892 523 2954; x_wconf 89' lang='lat' dir='ltr'>doctissimo</span> <span class='ocrx_word' id='word_1_218' title='bbox 542 2898 717 2972; x_wconf 84' lang='lat' dir='ltr'>usurpatum</span> <span class='ocrx_word' id='word_1_219' title='bbox 738 2909 813 2961; x_wconf 84' lang='lat' dir='ltr'>esse,</span> <span class='ocrx_word' id='word_1_220' title='bbox 840 2907 931 2968; x_wconf 94' lang='lat' dir='ltr'>quum</span> <span class='ocrx_word' id='word_1_221' title='bbox 952 2888 989 2949; x_wconf 86' lang='lat' dir='ltr'>de</span> <span class='ocrx_word' id='word_1_222' title='bbox 1004 2886 1040 2949; x_wconf 87' lang='lat' dir='ltr'>iis</span> <span class='ocrx_word' id='word_1_223' title='bbox 1055 2888 1174 2963; x_wconf 87' lang='lat' dir='ltr'>diceret,</span> <span class='ocrx_word' id='word_1_224' title='bbox 1201 2888 1253 2969; x_wconf 94' lang='lat' dir='ltr'>qui</span> <span class='ocrx_word' id='word_1_225' title='bbox 1266 2890 1434 2953; x_wconf 81' lang='lat' dir='ltr'>adverbiaa</span> 
     </span>
     <span class='ocr_line' id='line_1_25' title="bbox 269 2991 1432 3073; baseline -0.002 -17"><span class='ocrx_word' id='word_1_226' title='bbox 269 2995 364 3057; x_wconf 85' lang='lat' dir='ltr'>verbis</span> <span class='ocrx_word' id='word_1_227' title='bbox 386 2993 598 3056; x_wconf 81' lang='lat' dir='ltr'>seiunxisseut:</span> <span class='ocrx_word' id='word_1_228' title='bbox 624 2994 817 3055; x_wconf 85' lang='lat' dir='ltr'>seiunxerunt</span> <span class='ocrx_word' id='word_1_229' title='bbox 836 2991 917 3052; x_wconf 91' lang='lat' dir='ltr'>enim</span> <span class='ocrx_word' id='word_1_230' title='bbox 936 2999 1105 3071; x_wconf 90' lang='lat' dir='ltr'>propterea,</span> <span class='ocrx_word' id='word_1_231' title='bbox 1130 2991 1211 3071; x_wconf 92' lang='lat' dir='ltr'>quod</span> <span class='ocrx_word' id='word_1_232' title='bbox 1233 3009 1295 3053; x_wconf 93' lang='lat' dir='ltr'>non</span> <span class='ocrx_word' id='word_1_233' title='bbox 1315 3001 1349 3054; x_wconf 91' lang='lat' dir='ltr'>ut</span> <span class='ocrx_word' id='word_1_234' title='bbox 1362 3012 1432 3073; x_wconf 89' lang='lat' dir='ltr'>spe-</span> 
     </span>
     <span class='ocr_line' id='line_1_26' title="bbox 267 3093 1432 3178; baseline -0.003 -18"><span class='ocrx_word' id='word_1_235' title='bbox 267 3099 342 3161; x_wconf 91' lang='lat' dir='ltr'>ciem</span> <span class='ocrx_word' id='word_1_236' title='bbox 363 3096 463 3178; x_wconf 81' lang='lat' dir='ltr'>generi</span> <span class='ocrx_word' id='word_1_237' title='bbox 484 3096 638 3159; x_wconf 88' lang='lat' dir='ltr'>subiuncta</span> <span class='ocrx_word' id='word_1_238' title='bbox 660 3096 754 3158; x_wconf 84' lang='lat' dir='ltr'>verbis</span> <span class='ocrx_word' id='word_1_239' title='bbox 776 3094 922 3165; x_wconf 80' lang='lat' dir='ltr'>adverbia,</span> <span class='ocrx_word' id='word_1_240' title='bbox 945 3094 997 3155; x_wconf 86' lang='lat' dir='ltr'>aad</span> <span class='ocrx_word' id='word_1_241' title='bbox 1013 3093 1146 3175; x_wconf 79' lang='lat' dir='ltr'>quamuis</span> <span class='ocrx_word' id='word_1_242' title='bbox 1166 3094 1263 3155; x_wconf 73' lang='lat' dir='ltr'>affinia</span> <span class='ocrx_word' id='word_1_243' title='bbox 1279 3103 1309 3156; x_wconf 90' lang='lat' dir='ltr'>ct</span> <span class='ocrx_word' id='word_1_244' title='bbox 1322 3095 1354 3156; x_wconf 92' lang='lat' dir='ltr'>in</span> <span class='ocrx_word' id='word_1_245' title='bbox 1368 3114 1432 3157; x_wconf 85' lang='lat' dir='ltr'>sor·</span> 
     </span>
     <span class='ocr_line' id='line_1_27' title="bbox 270 3196 1433 3285; baseline -0.001 -24"><span class='ocrx_word' id='word_1_246' title='bbox 270 3218 361 3261; x_wconf 89' lang='lat' dir='ltr'>mone</span> <span class='ocrx_word' id='word_1_247' title='bbox 386 3200 562 3285; x_wconf 84' lang='lat' dir='ltr'>plerumque</span> <span class='ocrx_word' id='word_1_248' title='bbox 588 3198 645 3259; x_wconf 90' lang='lat' dir='ltr'>illis</span> <span class='ocrx_word' id='word_1_249' title='bbox 668 3213 809 3267; x_wconf 84' lang='lat' dir='ltr'>connexa,</span> <span class='ocrx_word' id='word_1_250' title='bbox 835 3196 883 3258; x_wconf 90' lang='lat' dir='ltr'>sui</span> <span class='ocrx_word' id='word_1_251' title='bbox 901 3205 1002 3258; x_wconf 84' lang='lat' dir='ltr'>tamen</span> <span class='ocrx_word' id='word_1_252' title='bbox 1016 3197 1131 3275; x_wconf 79' lang='lat' dir='ltr'>generis</span> <span class='ocrx_word' id='word_1_253' title='bbox 1145 3196 1284 3259; x_wconf 86' lang='lat' dir='ltr'>voeabula</span> <span class='ocrx_word' id='word_1_254' title='bbox 1299 3196 1433 3260; x_wconf 86' lang='lat' dir='ltr'>habenda</span> 
     </span>
     <span class='ocr_line' id='line_1_28' title="bbox 266 3298 1432 3380; baseline -0.003 -16"><span class='ocrx_word' id='word_1_255' title='bbox 266 3320 331 3364; x_wconf 90' lang='lat' dir='ltr'>esse</span> <span class='ocrx_word' id='word_1_256' title='bbox 347 3308 536 3363; x_wconf 84' lang='lat' dir='ltr'>censuerunt.</span> <span class='ocrx_word' id='word_1_257' title='bbox 564 3299 665 3380; x_wconf 88' lang='lat' dir='ltr'>ltaque</span> <span class='ocrx_word' id='word_1_258' title='bbox 679 3317 734 3380; x_wconf 95' lang='lat' dir='ltr'>pro</span> <span class='ocrx_word' id='word_1_259' title='bbox 753 3299 851 3379; x_wconf 88' lang='lat' dir='ltr'>speeie</span> <span class='ocrx_word' id='word_1_260' title='bbox 867 3298 1024 3360; x_wconf 80' lang='lat' dir='ltr'>verborum</span> <span class='ocrx_word' id='word_1_261' title='bbox 1040 3298 1175 3361; x_wconf 85' lang='lat' dir='ltr'>adverbia</span> <span class='ocrx_word' id='word_1_262' title='bbox 1190 3316 1249 3361; x_wconf 91' lang='lat' dir='ltr'>uon</span> <span class='ocrx_word' id='word_1_263' title='bbox 1265 3298 1301 3360; x_wconf 90' lang='lat' dir='ltr'>ab</span> <span class='ocrx_word' id='word_1_264' title='bbox 1317 3299 1363 3360; x_wconf 88' lang='lat' dir='ltr'>his</span> <span class='ocrx_word' id='word_1_265' title='bbox 1378 3298 1432 3360; x_wconf 87' lang='lat' dir='ltr'>ha·</span> 
     </span>
     <span class='ocr_line' id='line_1_29' title="bbox 266 3400 1432 3482; baseline -0.003 -16"><span class='ocrx_word' id='word_1_266' title='bbox 266 3404 326 3467; x_wconf 85' lang='lat' dir='ltr'>bita</span> <span class='ocrx_word' id='word_1_267' title='bbox 352 3423 416 3466; x_wconf 85' lang='lat' dir='ltr'>esse</span> <span class='ocrx_word' id='word_1_268' title='bbox 442 3403 584 3475; x_wconf 87' lang='lat' dir='ltr'>dicemus,</span> <span class='ocrx_word' id='word_1_269' title='bbox 611 3421 686 3482; x_wconf 92' lang='lat' dir='ltr'>quos</span> <span class='ocrx_word' id='word_1_270' title='bbox 707 3401 905 3474; x_wconf 86' lang='lat' dir='ltr'>Quintilianus</span> <span class='ocrx_word' id='word_1_271' title='bbox 920 3400 1014 3462; x_wconf 82' lang='lat' dir='ltr'>verbis</span> <span class='ocrx_word' id='word_1_272' title='bbox 1035 3400 1169 3463; x_wconf 80' lang='lat' dir='ltr'>adverbia</span> <span class='ocrx_word' id='word_1_273' title='bbox 1188 3408 1328 3481; x_wconf 83' lang='lat' dir='ltr'>tauquam</span> <span class='ocrx_word' id='word_1_274' title='bbox 1344 3401 1432 3464; x_wconf 82' lang='lat' dir='ltr'>ubam</span> 
     </span>
     <span class='ocr_line' id='line_1_30' title="bbox 266 3502 1431 3587; baseline -0.004 -19"><span class='ocrx_word' id='word_1_275' title='bbox 266 3513 381 3587; x_wconf 87' lang='lat' dir='ltr'>partem</span> <span class='ocrx_word' id='word_1_276' title='bbox 397 3505 536 3568; x_wconf 86' lang='lat' dir='ltr'>orationis</span> <span class='ocrx_word' id='word_1_277' title='bbox 552 3504 691 3567; x_wconf 83' lang='lat' dir='ltr'>adiecisse</span> <span class='ocrx_word' id='word_1_278' title='bbox 708 3503 785 3575; x_wconf 93' lang='lat' dir='ltr'>dicit,</span> <span class='ocrx_word' id='word_1_279' title='bbox 802 3503 854 3564; x_wconf 90' lang='lat' dir='ltr'>scd</span> <span class='ocrx_word' id='word_1_280' title='bbox 869 3502 1053 3583; x_wconf 89' lang='lat' dir='ltr'>aprioribus,</span> <span class='ocrx_word' id='word_1_281' title='bbox 1069 3520 1199 3583; x_wconf 91' lang='lat' dir='ltr'>quorum</span> <span class='ocrx_word' id='word_1_282' title='bbox 1210 3502 1241 3562; x_wconf 93' lang='lat' dir='ltr'>bi</span> <span class='ocrx_word' id='word_1_283' title='bbox 1253 3502 1431 3564; x_wconf 87' lang='lat' dir='ltr'>sententiam</span> 
     </span>
     <span class='ocr_line' id='line_1_31' title="bbox 266 3604 1432 3688; baseline -0.004 -18"><span class='ocrx_word' id='word_1_284' title='bbox 266 3608 469 3672; x_wconf 86' lang='lat' dir='ltr'>deseruerunt.</span> <span class='ocrx_word' id='word_1_285' title='bbox 493 3608 590 3681; x_wconf 88' lang='lat' dir='ltr'>Quam</span> <span class='ocrx_word' id='word_1_286' title='bbox 604 3606 722 3688; x_wconf 86' lang='lat' dir='ltr'>utrique</span> <span class='ocrx_word' id='word_1_287' title='bbox 736 3604 880 3667; x_wconf 85' lang='lat' dir='ltr'>rationem</span> <span class='ocrx_word' id='word_1_288' title='bbox 896 3605 990 3667; x_wconf 86' lang='lat' dir='ltr'>secuti</span> <span class='ocrx_word' id='word_1_289' title='bbox 1004 3606 1072 3678; x_wconf 89' lang='lat' dir='ltr'>sint,</span> <span class='ocrx_word' id='word_1_290' title='bbox 1089 3625 1125 3667; x_wconf 85' lang='lat' dir='ltr'>ex</span> <span class='ocrx_word' id='word_1_291' title='bbox 1147 3605 1183 3667; x_wconf 91' lang='lat' dir='ltr'>iis</span> <span class='ocrx_word' id='word_1_292' title='bbox 1199 3623 1273 3686; x_wconf 91' lang='lat' dir='ltr'>quac</span> <span class='ocrx_word' id='word_1_293' title='bbox 1289 3604 1365 3666; x_wconf 86' lang='lat' dir='ltr'>iufra</span> <span class='ocrx_word' id='word_1_294' title='bbox 1379 3623 1432 3665; x_wconf 82' lang='lat' dir='ltr'>ex-</span> 
     </span>
     <span class='ocr_line' id='line_1_32' title="bbox 265 3707 1430 3793; baseline -0.003 -20"><span class='ocrx_word' id='word_1_295' title='bbox 265 3729 412 3792; x_wconf 87' lang='lat' dir='ltr'>ponemus</span> <span class='ocrx_word' id='word_1_296' title='bbox 427 3712 563 3793; x_wconf 77' lang='lat' dir='ltr'>patetiat3</span> <span class='ocrx_word' id='word_1_297' title='bbox 583 3728 663 3772; x_wconf 89' lang='lat' dir='ltr'>nunc</span> <span class='ocrx_word' id='word_1_298' title='bbox 683 3716 799 3770; x_wconf 85' lang='lat' dir='ltr'>tantum</span> <span class='ocrx_word' id='word_1_299' title='bbox 814 3707 1027 3780; x_wconf 90' lang='lat' dir='ltr'>Quintilianum</span> <span class='ocrx_word' id='word_1_300' title='bbox 1042 3707 1269 3789; x_wconf 87' lang='lat' dir='ltr'>haudquaquam</span> <span class='ocrx_word' id='word_1_301' title='bbox 1284 3707 1430 3788; x_wconf 78' lang='lat' dir='ltr'>ambiguo,</span> 
     </span>
    </p>
   </div>
   <div class='ocr_carea' id='block_1_3' title="bbox 264 3941 1432 4521">
    <p class='ocr_par' dir='ltr' id='par_1_3' title="bbox 264 3941 1432 4521">
     <span class='ocr_line' id='line_1_33' title="bbox 266 3941 1430 4011; baseline -0.003 -15"><span class='ocrx_word' id='word_1_302' title='bbox 266 3960 333 4011; x_wconf 70' lang='lat' dir='ltr'>sung</span> <span class='ocrx_word' id='word_1_303' title='bbox 344 3946 376 3996; x_wconf 89' lang='lat' dir='ltr'>im</span> <span class='ocrx_word' id='word_1_304' title='bbox 389 3946 464 3998; x_wconf 84' lang='lat' dir='ltr'>Satza</span> <span class='ocrx_word' id='word_1_305' title='bbox 476 3943 638 4011; x_wconf 73' lang='lat' dir='ltr'>baigegeban,</span> <span class='ocrx_word' id='word_1_306' title='bbox 652 3945 712 3996; x_wconf 83' lang='lat' dir='ltr'>dass</span> <span class='ocrx_word' id='word_1_307' title='bbox 723 3958 779 3994; x_wconf 88' lang='lat' dir='ltr'>maa</span> <span class='ocrx_word' id='word_1_308' title='bbox 788 3943 858 4009; x_wconf 85' lang='lat' dir='ltr'>jatzt</span> <span class='ocrx_word' id='word_1_309' title='bbox 869 3942 914 3993; x_wconf 84' lang='lat' dir='ltr'>das</span> <span class='ocrx_word' id='word_1_310' title='bbox 925 3941 1095 3994; x_wconf 80' lang='lat' dir='ltr'>Bouusatsein</span> <span class='ocrx_word' id='word_1_311' title='bbox 1108 3941 1201 4008; x_wconf 72' lang='lat' dir='ltr'>gehabt</span> <span class='ocrx_word' id='word_1_312' title='bbox 1209 3941 1288 4006; x_wconf 72' lang='lat' dir='ltr'>hitto,</span> <span class='ocrx_word' id='word_1_313' title='bbox 1300 3941 1326 3993; x_wconf 92' lang='lat' dir='ltr'>in</span> <span class='ocrx_word' id='word_1_314' title='bbox 1336 3941 1430 3993; x_wconf 70' lang='lat' dir='ltr'>diuum</span> 
     </span>
     <span class='ocr_line' id='line_1_34' title="bbox 266 4027 1430 4092; baseline -0.002 -12"><span class='ocrx_word' id='word_1_315' title='bbox 266 4027 379 4082; x_wconf 83' lang='lat' dir='ltr'>Zuaatzc</span> <span class='ocrx_word' id='word_1_316' title='bbox 395 4037 476 4081; x_wconf 83' lang='lat' dir='ltr'>etwas</span> <span class='ocrx_word' id='word_1_317' title='bbox 496 4030 653 4082; x_wconf 82' lang='lat' dir='ltr'>bestimmtcs</span> <span class='ocrx_word' id='word_1_318' title='bbox 670 4046 720 4080; x_wconf 83' lang='lat' dir='ltr'>rou</span> <span class='ocrx_word' id='word_1_319' title='bbox 737 4029 793 4079; x_wconf 86' lang='lat' dir='ltr'>dem</span> <span class='ocrx_word' id='word_1_320' title='bbox 808 4027 920 4081; x_wconf 81' lang='lat' dir='ltr'>Verbum</span> <span class='ocrx_word' id='word_1_321' title='bbox 939 4028 1133 4079; x_wconf 81' lang='lat' dir='ltr'>verschicdenas</span> <span class='ocrx_word' id='word_1_322' title='bbox 1152 4044 1183 4079; x_wconf 83' lang='lat' dir='ltr'>zu</span> <span class='ocrx_word' id='word_1_323' title='bbox 1195 4028 1290 4092; x_wconf 79' lang='lat' dir='ltr'>huben,</span> <span class='ocrx_word' id='word_1_324' title='bbox 1311 4028 1356 4080; x_wconf 78' lang='lat' dir='ltr'>das</span> <span class='ocrx_word' id='word_1_325' title='bbox 1373 4043 1430 4079; x_wconf 79' lang='lat' dir='ltr'>naun</span> 
     </span>
     <span class='ocr_line' id='line_1_35' title="bbox 265 4110 1431 4180; baseline -0.002 -15"><span class='ocrx_word' id='word_1_326' title='bbox 265 4111 354 4166; x_wconf 85' lang='lat' dir='ltr'>lriihar</span> <span class='ocrx_word' id='word_1_327' title='bbox 371 4115 523 4167; x_wconf 82' lang='lat' dir='ltr'>unbeaehtct</span> <span class='ocrx_word' id='word_1_328' title='bbox 535 4114 664 4180; x_wconf 72' lang='lat' dir='ltr'>gelasscn,</span> <span class='ocrx_word' id='word_1_329' title='bbox 684 4131 712 4166; x_wconf 90' lang='lat' dir='ltr'>so</span> <span class='ocrx_word' id='word_1_330' title='bbox 726 4114 796 4164; x_wconf 75' lang='lat' dir='ltr'>wilre</span> <span class='ocrx_word' id='word_1_331' title='bbox 809 4113 886 4165; x_wconf 87' lang='lat' dir='ltr'>damit</span> <span class='ocrx_word' id='word_1_332' title='bbox 898 4110 1035 4179; x_wconf 68' lang='lat' dir='ltr'>allerdiags</span> <span class='ocrx_word' id='word_1_333' title='bbox 1048 4129 1097 4165; x_wconf 86' lang='lat' dir='ltr'>von</span> <span class='ocrx_word' id='word_1_334' title='bbox 1110 4113 1156 4165; x_wconf 84' lang='lat' dir='ltr'>der</span> <span class='ocrx_word' id='word_1_335' title='bbox 1167 4110 1357 4178; x_wconf 69' lang='lat' dir='ltr'>gentihulichcn</span> <span class='ocrx_word' id='word_1_336' title='bbox 1370 4128 1431 4164; x_wconf 80' lang='lat' dir='ltr'>ver·</span> 
     </span>
     <span class='ocr_line' id='line_1_36' title="bbox 265 4196 1431 4266; baseline -0.001 -16"><span class='ocrx_word' id='word_1_337' title='bbox 265 4199 371 4250; x_wconf 79' lang='lat' dir='ltr'>kahrtcu</span> <span class='ocrx_word' id='word_1_338' title='bbox 390 4198 507 4266; x_wconf 74' lang='lat' dir='ltr'>Fassung</span> <span class='ocrx_word' id='word_1_339' title='bbox 524 4201 568 4251; x_wconf 84' lang='lat' dir='ltr'>des</span> <span class='ocrx_word' id='word_1_340' title='bbox 588 4197 758 4251; x_wconf 76' lang='lat' dir='ltr'>Aduerbiums</span> <span class='ocrx_word' id='word_1_341' title='bbox 775 4198 815 4249; x_wconf 86' lang='lat' dir='ltr'>dia</span> <span class='ocrx_word' id='word_1_342' title='bbox 832 4197 907 4248; x_wconf 80' lang='lat' dir='ltr'>bede.</span> <span class='ocrx_word' id='word_1_343' title='bbox 933 4196 984 4248; x_wconf 84' lang='lat' dir='ltr'>Dar</span> <span class='ocrx_word' id='word_1_344' title='bbox 1000 4196 1134 4249; x_wconf 78' lang='lat' dir='ltr'>Gabraueh</span> <span class='ocrx_word' id='word_1_345' title='bbox 1150 4198 1244 4263; x_wconf 73' lang='lat' dir='ltr'>genade</span> <span class='ocrx_word' id='word_1_346' title='bbox 1260 4199 1305 4248; x_wconf 80' lang='lat' dir='ltr'>dea</span> <span class='ocrx_word' id='word_1_347' title='bbox 1323 4197 1431 4249; x_wconf 71' lang='lat' dir='ltr'>Wartas</span> 
     </span>
     <span class='ocr_line' id='line_1_37' title="bbox 266 4281 1432 4351; baseline -0.001 -16"><span class='ocrx_word' id='word_1_348' title='bbox 266 4285 376 4337; x_wconf 82' lang='lat' dir='ltr'>adiicere</span> <span class='ocrx_word' id='word_1_349' title='bbox 392 4285 461 4351; x_wconf 71' lang='lat' dir='ltr'>gicht</span> <span class='ocrx_word' id='word_1_350' title='bbox 479 4286 565 4336; x_wconf 81' lang='lat' dir='ltr'>dieser</span> <span class='ocrx_word' id='word_1_351' title='bbox 577 4291 649 4337; x_wconf 81' lang='lat' dir='ltr'>ronst</span> <span class='ocrx_word' id='word_1_352' title='bbox 661 4283 801 4348; x_wconf 75' lang='lat' dir='ltr'>allerdinga</span> <span class='ocrx_word' id='word_1_353' title='bbox 814 4282 883 4333; x_wconf 87' lang='lat' dir='ltr'>nicht</span> <span class='ocrx_word' id='word_1_354' title='bbox 895 4299 925 4333; x_wconf 88' lang='lat' dir='ltr'>so</span> <span class='ocrx_word' id='word_1_355' title='bbox 938 4282 1002 4334; x_wconf 83' lang='lat' dir='ltr'>nahe</span> <span class='ocrx_word' id='word_1_356' title='bbox 1015 4281 1146 4347; x_wconf 73' lang='lat' dir='ltr'>liegcuden</span> <span class='ocrx_word' id='word_1_357' title='bbox 1158 4281 1306 4348; x_wconf 72' lang='lat' dir='ltr'>llrldiirung</span> <span class='ocrx_word' id='word_1_358' title='bbox 1318 4282 1432 4334; x_wconf 72' lang='lat' dir='ltr'>euentu</span> 
     </span>
     <span class='ocr_line' id='line_1_38' title="bbox 264 4366 1431 4437; baseline -0.002 -15"><span class='ocrx_word' id='word_1_359' title='bbox 264 4371 347 4437; x_wconf 75' lang='lat' dir='ltr'>cinige</span> <span class='ocrx_word' id='word_1_360' title='bbox 360 4370 664 4423; x_wconf 81' lang='lat' dir='ltr'>Wahrachcialichlait.“</span> <span class='ocrx_word' id='word_1_361' title='bbox 689 4370 808 4435; x_wconf 75' lang='lat' dir='ltr'>beitriige</span> <span class='ocrx_word' id='word_1_362' title='bbox 821 4385 867 4420; x_wconf 86' lang='lat' dir='ltr'>zur</span> <span class='ocrx_word' id='word_1_363' title='bbox 880 4366 1032 4419; x_wconf 83' lang='lat' dir='ltr'>Gcachichte</span> <span class='ocrx_word' id='word_1_364' title='bbox 1043 4368 1090 4420; x_wconf 84' lang='lat' dir='ltr'>dcc</span> <span class='ocrx_word' id='word_1_365' title='bbox 1101 4366 1258 4420; x_wconf 78' lang='lat' dir='ltr'>Grammatil</span> <span class='ocrx_word' id='word_1_366' title='bbox 1270 4368 1314 4420; x_wconf 81' lang='lat' dir='ltr'>des</span> <span class='ocrx_word' id='word_1_367' title='bbox 1327 4367 1431 4421; x_wconf 85' lang='lat' dir='ltr'>Gricch.</span> 
     </span>
     <span class='ocr_line' id='line_1_39' title="bbox 264 4452 1124 4521; baseline 0 -16"><span class='ocrx_word' id='word_1_368' title='bbox 264 4456 314 4506; x_wconf 89' lang='lat' dir='ltr'>und</span> <span class='ocrx_word' id='word_1_369' title='bbox 326 4457 370 4507; x_wconf 84' lang='lat' dir='ltr'>des</span> <span class='ocrx_word' id='word_1_370' title='bbox 383 4455 438 4508; x_wconf 78' lang='lat' dir='ltr'>Lat.</span> <span class='ocrx_word' id='word_1_371' title='bbox 452 4472 502 4508; x_wconf 83' lang='lat' dir='ltr'>von</span> <span class='ocrx_word' id='word_1_372' title='bbox 515 4455 559 4507; x_wconf 84' lang='lat' dir='ltr'>Dr.</span> <span class='ocrx_word' id='word_1_373' title='bbox 572 4452 605 4508; x_wconf 70' lang='lat' dir='ltr'>ll.</span> <span class='ocrx_word' id='word_1_374' title='bbox 618 4456 647 4509; x_wconf 80' lang='lat' dir='ltr'>ll.</span> <span class='ocrx_word' id='word_1_375' title='bbox 658 4453 690 4507; x_wconf 79' lang='lat' dir='ltr'>A.</span> <span class='ocrx_word' id='word_1_376' title='bbox 703 4455 825 4520; x_wconf 85' lang='lat' dir='ltr'>Schmidt,</span> <span class='ocrx_word' id='word_1_377' title='bbox 840 4452 922 4519; x_wconf 77' lang='lat' dir='ltr'>(Helle</span> <span class='ocrx_word' id='word_1_378' title='bbox 939 4452 1014 4521; x_wconf 79' lang='grc'>1859)</span> <span class='ocrx_word' id='word_1_379' title='bbox 1028 4469 1052 4520; x_wconf 88' lang='lat' dir='ltr'>p.</span> <span class='ocrx_word' id='word_1_380' title='bbox 1066 4455 1124 4507; x_wconf 75' lang='lat' dir='ltr'>tut.</span> 
     </span>
    </p>
   </div>
   <div class='ocr_carea' id='block_1_4' title="bbox 0 0 1642 5144">
    <p class='ocr_par' dir='ltr' id='par_1_4' title="bbox 0 0 1642 5144">
     <span class='ocr_line' id='line_1_40' title="bbox 0 0 1642 5144; baseline 0 2"><span class='ocrx_word' id='word_1_381' title='bbox 0 0 1642 5144; x_wconf 95' lang='lat' dir='ltr'> </span> 
     </span>
    </p>
   </div>
  </div>
 </body>
</html>
