3178 5136
580 452 704 518 4³8

112 639 297 703 mumolum
311 640 405 704 iustae
418 657 520 704 rerum
533 640 696 703 umtatiooi
710 642 794 723 quasi
807 641 1034 723 pmeiudeotem.
1063 639 1137 703 Nom
1150 642 1247 722 epito-

112 762 165 805 nas
177 761 240 805 rere
254 742 451 823 Goettl'mgius
468 763 498 826 p.
513 742 564 806 XV
581 762 617 806 eo
635 743 763 807 maxime
780 745 905 807 oonsilio
925 744 1030 808 ooufioi
1050 744 1152 806 solitas
1179 762 1248 807 esse

110 845 177 921 dioit,
193 853 225 907 ut
237 853 287 907 ant
300 846 483 909 disoentihus
497 846 608 909 facilior
619 846 655 909 ad
669 846 735 928 ipsa
749 847 862 910 maiora
876 864 964 928 opera
979 846 1074 910 aditus
1089 854 1248 927 perorem,

109 959 149 1010 aot
163 950 208 1029 qni
225 949 297 1011 haee
313 949 412 1029 legere
430 966 492 1011 non
511 957 647 1029 possent,
672 949 767 1030 eliqua
786 950 887 1015 εεΙιεπι
906 949 1133 1031 praecipuarum
1147 967 1247 1012 rerum

109 1051 255 1131 arguitione
267 1051 494 1125 immorentur,
508 1051 555 1113 eoi
570 1050 694 1114 oonsilio
707 1052 821 1115 libellus
832 1061 892 1115 mm
903 1070 1040 1125 maneus,
1057 1061 1118 1115 mm
1138 1052 1246 1114 ohscu-

31 1170 32 1173 ’
109 1172 161 1227 rus,
175 1163 231 1216 um
249 1154 441 1218 tumultuarie
458 1155 587 1235 scriptus
602 1154 743 1217 inservire
761 1154 843 1218 nullo
858 1156 949 1218 modo
964 1154 1069 1235 potnit
1098 1153 1137 1217 Ut
1150 1163 1247 1217 autem

30 1238 32 1255 '
108 1257 169 1319 rror
180 1257 344 1319 narrem
359 1275 448 1338 opera
462 1257 510 1320 ne
523 1256 638 1318 meurs
652 1257 842 1339 reciperetur,
859 1258 965 1320 rreum
981 1258 1059 1321 eruo
1073 1257 1161 1320 oreo
1175 1276 1247 1339 prr-

30 1358 31 1367 ’
108 1368 159 1437 pto
170 1377 302 1439 magnam
319 1378 389 1422 earm
403 1359 567 1422 Aristotelis
580 1358 695 1439 placitis
710 1359 954 1422 convenientiam:
970 1378 1060 1440 eaque
1074 1362 1139 1442 ipsa
1149 1379 1246 1433 eausa,

107 1479 161 1523 neo
173 1460 287 1536 indiae,
302 1461 393 1524 etiem
407 1461 548 1524 maiorem
562 1460 728 1524 Philodemi
742 1461 910 1524 testimonio
930 1463 1131 1526 auctoritatem
1145 1465 1247 1526 eoooi·

108 1562 154 1636 liet
170 1564 216 1645 qui
235 1581 308 1627 sane
328 1573 389 1627 tam
409 1563 607 1626 Aristoteliam
626 1562 754 1626 libellum
772 1563 920 1626 Aristoteli
939 1563 1068 1627 tribuere
1081 1583 1144 1628 non
1159 1566 1246 1630 dubi·

109 1672 190 1740 tasset,
214 1666 271 1729 nisi
293 1685 365 1730 eum
387 1666 424 1729 ad
442 1666 680 1746 Theophrastum
703 1664 803 1746 potius
823 1665 970 1746 pertinere
992 1676 1176 1749 compertum
1191 1669 1245 1731 ha·

30 1812 32 1821 ,
108 1767 211 1830 huisset

174 1872 328 1953 Reliquum
345 1879 459 1947 estut,
482 1871 730 1952 quemadmodum
744 1870 890 1951 pollioitos
905 1888 980 1946 snm,
1000 1872 1086 1935 etiam
1101 1874 1137 1935 de
1151 1873 1245 1954 ipsius
1263 1892 1297 1944 νο

107 1972 247 2037 Philodemi
266 1974 433 2056 praereptis
454 1974 651 2037 oeconomieis
669 1992 762 2056 pausa
782 1973 915 2037 delibem.
952 1975 981 2036 le
1006 1975 1094 2056 igitur
1117 1976 1246 2056 primum

106 2094 130 2155 p.
141 2076 185 2151 ta,
202 2075 238 2140 13
253 2078 292 2139 de
308 2075 420 2139 ambitu
435 2077 523 2139 huius
538 2076 709 2158 disciplinae
723 2095 785 2139 non
800 2077 956 2140 convenire
974 2077 1029 2139 sibi
1048 2096 1116 2140 eum
1130 2078 1246 2141 Aristo·

106 2177 149 2239 tde
161 2187 187 2240 et
198 2179 408 2260 Theophrasto
423 2178 566 2241 ostendit:
580 2195 677 2259 neque
691 2179 770 2240 enim
785 2178 843 2241 hoe
855 2177 909 2240 sihi
924 2179 1113 2259 propositum
1128 2179 1245 2255 hahere,

105 2289 132 2341 ot
142 2281 245 2357 doeeat,
261 2300 324 2362 quo
338 2280 452 2343 ratione
466 2280 628 2343 domestica
641 2280 698 2344 vita
712 2281 888 2344 instituenda
905 2280 952 2354 sit,
974 2289 1008 2343 nt
1021 2281 1096 2344 bene
1109 2281 1140 2342 in
1155 2283 1245 2346 domo

105 2381 149 2443 riri
159 2385 260 2465 possit,
285 2383 338 2444 sed
352 2382 504 2463 quomodo
517 2383 663 2463 agendum
678 2383 718 2446 sit
731 2383 807 2446 eirea
826 2383 974 2446 honorum
998 2384 1245 2465 comparationem

106 2486 398 2551 etoonsermtionem:
418 2503 541 2565 eamque
555 2504 622 2548 esse
636 2505 733 2549 vemm
753 2504 788 2549 ac
806 2486 956 2566 propriam
978 2488 1167 2551 oeoonomiae
1187 2507 1245 2550 no-

106 2588 207 2651 tionem.
236 2581 482 2668 Διαλεξόμεθα
495 2578 612 2664 τοίνυν,
632 2588 736 2669 inquit,
756 2580 814 2666 οὐχ
828 2578 873 2663 ὥς
887 2582 921 2650 tr
935 2579 1019 2673 οἷ’κῳ
1034 2586 1142 2665 καλῶς
1156 2580 1247 2654 ἔστιν

105 2691 193 2773 βιοῦν,
202 2684 280 2757 ἄλλ’
294 2684 339 2767 ὦς
350 2688 517 2756 ἵστασθαι
527 2687 578 2754 δεῖ
587 2686 666 2775 περί
676 2684 850 2776 χρημάτων
863 2685 1009 2775 κτήσεως
1022 2711 1059 2754 τε
1072 2686 1130 2754 καί
1140 2688 1245 2779 φυλα-

105 2795 158 2877 κῆς,
174 2792 250 2880 περὶ
271 2784 297 2858 ἃ
317 2790 375 2881 τὴν
391 2786 583 2875 οἰκονομίαν
594 2788 652 2855 καί
670 2789 728 2856 τὸν
749 2785 960 2875 οἰκονομικὸν
978 2785 1245 2869 intervertatur

105 2893 305 2983 σσμβέβηκεντ
318 2897 565 2981 quemadmodum
574 2896 660 2958 etiam
668 2896 699 2958 in
707 2895 919 2977 superioribus,
927 2898 1047 2977 ptus,
1057 2898 1246 2961 oeconomiae

105 3016 167 3080 opos
183 3001 242 3064 hoo
260 3020 329 3063 esre
347 3002 432 3075 dixit,
456 2995 497 3064 τὸ
515 2992 667 3085 πορίζειν
685 2995 794 3062 πολλοὶ
812 2993 964 3084 χρήματα
983 2994 1041 3061 καί
1059 2994 1245 3085 φυλάττειν,

30 3178 31 3185 ρ
105 3100 165 3179 πῶς
174 3110 242 3183 (ser.
255 3098 363 3179 ὅπως)
375 3101 525 3185 διαμενεῖ
533 3100 576 3167 τὰ
591 3097 803 3189 πορισθέντα
817 3098 875 3164 καί
889 3096 1156 3187 προϋπάρχοντα.
1187 3104 1246 3166 Ne·

106 3221 151 3284 que
162 3208 240 3270 aliter
255 3206 342 3286 vulgo
357 3205 393 3267 ab
407 3207 574 3271 hominihus
587 3207 779 3271 oeconomiae
792 3206 944 3268 notionem
957 3215 1106 3288 eooeptam
1121 3226 1188 3270 esse
1202 3209 1245 3270 rel

105 3325 132 3368 ει
143 3327 174 3369 eo
187 3319 275 3390 patet,
296 3309 376 3389 quod
391 3308 455 3390 ipse
468 3310 649 3385 Aristoteles,
668 3310 718 3373 uhi
733 3330 768 3372 ex
783 3309 895 3390 rotgeri
915 3309 1134 3385 eonsuetudioe,
1153 3328 1214 3373 non
1229 3331 1246 3373 s

105 3425 147 3471 sua
158 3411 299 3474 sententia
316 3411 453 3491 loquitur,
474 3412 565 3474 Ethic.
580 3413 695 3475 Nieom.
714 3413 740 3487 1,
761 3415 773 3474 i
791 3409 885 3490 τέλος
900 3403 1091 3492 οἰκονομίας
1105 3409 1246 3476 niodum

30 3518 31 3551 ³
106 3509 168 3588 didt,
180 3523 207 3576 et
220 3513 311 3577 Polit
324 3513 345 3587 Ι,
360 3514 380 3574 2
395 3532 424 3594 p.
440 3515 468 3585 5,
484 3514 524 3575 27
540 3514 744 3577 oeconomiam
759 3516 908 3578 nonnuliis
923 3514 1044 3577 eandem
1065 3532 1153 3594 qnam
1167 3536 1246 3602 χρη-

105 3608 287 3699 ματιστικήν
304 3613 394 3677 rideri
414 3616 576 3696 profitetur.
606 3616 644 3678 Et
656 3616 883 3697 Xenophontem
905 3634 1031 3698 qnoque,
1052 3617 1078 3677 si
1097 3617 1163 3697 quis
1182 3620 1246 3682 eius

105 3714 193 3779 hhrnm
207 3718 371 3781 eeouratius
386 3718 599 3795 examinaverit,
619 3735 681 3781 non
695 3718 853 3781 abhorrere
868 3720 904 3782 ab
919 3719 1025 3801 vulgari
1040 3737 1097 3781 usu
1112 3720 1246 3784 ammod-

104 3826 188 3882 rotet
215 3820 395 3901 Quamquam
411 3820 490 3883 enim
505 3820 587 3883 initio
603 3840 665 3901 esp.
684 3822 710 3896 t,
725 3821 745 3882 2
761 3822 833 3884 boni
848 3823 1076 3885 oeeonomihoe
1086 3841 1153 3885 esse
1167 3824 1245 3899 dioit,

106 3907 240 3985 είοίκεῖν
253 3917 311 3986 τὸν
325 3913 444 3986 ἑαυτοῦ
457 3910 556 3999 οἶκον,
578 3924 656 4004 quod
673 3942 743 3985 sane
757 3923 843 3986 latios
863 3933 951 4006 patet
971 3943 1040 3987 mox
1059 3934 1158 3989 temen
1177 3930 1205 4003 d.
1226 3928 1245 3990 8

105 4010 183 4087 οἶκον
195 4026 272 4090 idem
288 4026 366 4106 qnod
382 4022 497 4109 κτῆσιν
511 4044 578 4087 esse
593 4025 706 4099 statuit3
720 4034 750 4087 et
761 4043 949 4107 quaeeunque
959 4027 1095 4109 deinceps
1106 4030 1144 4091 de
1156 4047 1245 4091 oeoo-

104 4128 175 4190 nomi
189 4128 291 4191 othoiis
306 4126 532 4209 praecipiuntur,
547 4127 578 4189 in
594 4146 625 4189 ea
640 4135 753 4191 tantum
765 4135 847 4208 parte
858 4138 1019 4204 versantur,
1032 4148 1120 4212 quam
1132 4150 1246 4215 κτητι-

30 4266 32 4313 ss
105 4223 329 4312 eep'vhristoteies
345 4230 426 4304 dixit,
447 4239 476 4293 et
494 4230 529 4292 ad
545 4231 622 4292 hona
638 4231 680 4293 rel
700 4231 968 4313 comparandam}
988 4233 1102 4307 tuende,
1122 4251 1245 4296 eonsen-

30 4408 32 4421 ρ
105 4331 193 4403 unda,
213 4332 392 4413 disponenda
408 4333 562 4411 pertinent.
593 4332 773 4414 simpliorem
786 4342 883 4396 autem
900 4335 1089 4396 oeconomiae
1103 4332 1247 4396 ambitum

30 4424 32 4431 ’
105 4430 280 4497 ethoneetius
295 4434 426 4497 officinm
441 4432 523 4495 Plato
538 4434 701 4515 assignavit.
732 4437 830 4499 Αηεσ]
846 4437 924 4499 enim
940 4455 1006 4499 esse
1028 4435 1118 4497 voluit
1138 4434 1246 4493 domus
