3284 5152
822 483 968 580 ῄΗΞ.-

311 668 400 731 dibile
424 670 512 732 videri
532 677 639 751 potest,
660 670 750 733 etiarn
771 670 868 732 medio
890 676 1038 751 ternpore,
1065 667 1094 729 h.
1119 687 1145 729 e.
1171 667 1248 729 inter
1270 667 1472 729 Arimnestum

310 778 340 833 et
364 771 588 852 Euthymcncm,
609 772 740 833 extitisse
767 772 891 834 subinde
909 772 958 851 qui
977 771 1093 832 frenare
1115 769 1297 832 comicorum
1323 769 1471 832 licentiam

310 873 438 953 legibus,
464 874 532 935 licet
563 875 687 947 frustm,
721 882 912 946 conarentur,
939 873 1105 952 horumque
1136 888 1246 945 unum,
1280 879 1310 933 et
1345 871 1471 933 fortasse

310 977 516 1057 praecipuum,
547 976 753 1039 Antimachum
782 977 889 1049 inisse,
920 993 1046 1056 eamque
1075 972 1113 1035 oh
1142 992 1260 1037 eausam
1282 973 1471 1055 Aristophani

309 1078 472 1159 ceterisque
487 1079 575 1140 bilem
590 1080 732 1155 movisse3
754 1085 783 1140 et
798 1079 972 1140 memoriam
988 1075 1132 1156 quandam
1148 1075 1237 1137 huius
1252 1074 1294 1137 rei
1315 1075 1355 1157 ad·
1371 1093 1471 1156 gram-

310 1179 486 1242 maticorum
507 1181 771 1244 Alexandrinorum
794 1181 928 1243 notitiam
951 1196 1141 1260 permanasse
1157 1197 1194 1240 ex
1209 1177 1273 1251 illis,
1294 1195 1369 1258 quae
1381 1195 1472 1258 supra

309 1282 410 1363 posui,
448 1282 541 1344 verbis
562 1283 683 1363 intelligi
711 1292 817 1366 potest
872 1283 1058 1363 Quamquam
1080 1298 1142 1343 non
1169 1279 1249 1342 idam
1276 1296 1368 1342 unam
1388 1279 1471 1342 relli-

309 1383 395 1445 eandi
431 1384 597 1447 Antimaehi
631 1403 750 1449 oausam
779 1385 967 1467 Aristophani
1000 1382 1091 1446 fuisse
1122 1382 1276 1464 proximus
1311 1382 1470 1445 versiculus

310 1485 504 1560 demonstrat,

410 1580 447 1662 ὅς
468 1579 495 1669 γ’
518 1579 576 1669 ἐμὲ
597 1583 654 1652 τὸν
675 1584 820 1674 τλήμονα
834 1589 972 1675 Ληναῖο
986 1577 1284 1672 χορνγγάνάπάλυά
1303 1576 1472 1661 άάιιπνον,

310 1691 416 1772 quihus
431 1690 527 1753 verbis
541 1691 688 1755 illiberalis
703 1693 870 1756 Antimaohi
884 1690 1062 1775 parsimonia
1076 1691 1108 1752 in
1122 1690 1275 1771 choregiee
1289 1707 1412 1753 munere
1423 1708 1471 1752 ar·

308 1795 415 1875 guitur.
438 1793 495 1855 Sed
511 1794 545 1856 ad
561 1795 653 1874 legem
669 1795 705 1856 ah
721 1815 757 1857 eo
772 1795 872 1869 latam
887 1795 955 1857 licet
968 1812 1029 1856 non
1044 1793 1199 1875 perlatam,
1218 1793 1282 1855 sine
1297 1792 1387 1855 dubio
1401 1811 1471 1874 per·

309 1896 402 1956 tinere
418 1895 549 1957 dicemus
563 1896 633 1958 illud
648 1897 808 1978 epitheton,
824 1893 882 1959 τὸν
892 1890 1073 1980 ξυγγραφῆ,
1085 1913 1145 1976 quo
1157 1913 1218 1957 non
1228 1903 1307 1958 recte
1324 1895 1472 1959 intellecto

309 2006 340 2060 et
353 1998 546 2078 Byzantinum
562 1999 688 2078 aliquem
704 2000 887 2079 magistrum,
904 2006 933 2060 et
945 1999 1124 2060 recentiores
1140 1997 1282 2078 quosdam
1303 1997 1419 2061 eutices
1441 1999 1472 2061 in

308 2118 440 2163 errorem
457 2100 591 2162 inductos
603 2120 667 2162 esse
681 2092 817 2163 uidimus.
847 2100 993 2164 Usitatum
1011 2107 1108 2162 autern
1125 2100 1160 2161 do
1174 2100 1303 2163 ferendis
1317 2098 1353 2160 ad
1374 2119 1472 2182 popu-

307 2202 369 2265 lum
385 2203 591 2285 psephismatis
607 2203 728 2265 veritum
744 2205 821 2284 apud
836 2203 949 2265 Atticos
964 2220 1025 2265 non
1040 2202 1131 2264 modo
1152 2196 1292 2286 γράφειν
1310 2201 1362 2264 sed
1383 2203 1472 2264 etiarn

309 2301 511 2389 συγγράφειν
525 2311 577 2367 aut
591 2298 847 2389 συγγράφεσθαι
862 2314 916 2380 est,
932 2324 989 2385 qua
1005 2304 1086 2367 verbi
1099 2305 1195 2366 forma
1210 2306 1305 2366 utitur
1318 2324 1345 2366 e.
1361 2323 1387 2366 e.
1402 2323 1470 2367 nru-

308 2408 426 2470 liercula
441 2407 518 2488 apud
540 2407 765 2489 Aristophanem
781 2408 812 2468 in
831 2407 1012 2486 Thesmoph
1030 2425 1056 2467 v.
1079 2405 1156 2479 439,
1173 2424 1257 2487 quae,
1278 2413 1471 2487 posteaquam

304 2509 420 2572 initium
436 2510 594 2590 rogationis
611 2510 641 2572 in
658 2510 813 2573 mulierum
829 2516 976 2572 conuentu
992 2508 1136 2590 exposuit,
1152 2504 1194 2570 ed
1218 2497 1348 2583 adsta,
1362 2509 1469 2590 inquit,

304 2606 389 2692 μετὰ
395 2610 454 2673 τοῦ
461 2607 677 2692 γραμματέως
683 2606 929 2696 συγγράψομαι,
939 2620 969 2672 et
979 2612 1056 2692 apud
1065 2610 1220 2673 Platonem
1227 2612 1313 2691 Gorg.
1322 2630 1351 2692 p.
1363 2612 1422 2673 Ahl
1434 2612 1467 2673 B.

303 2714 401 2793 legum
416 2721 569 2795 rogatores
586 2704 617 2776 oi
633 2708 666 2776 ὲν
679 2715 728 2799 τῷ
743 2711 837 2798 δήμῳ
852 2709 1123 2797 ξυγγραψάγιενοι
1141 2713 1288 2788 dicuntur,
1307 2715 1466 2796 ipsumque

302 2811 1468 2899 ‹ra-yyoooaeaigdeiisdemusurpaturinPhaedrop.258A.,undereete'lhomas

303 2919 474 2999 Megisters.
494 2918 674 2991 Theodulus‚
691 2939 720 3000 p.
743 2920 804 2982 344
825 2919 950 2981 Bitsch:
971 2914 1028 2980 καὶ
1048 2912 1125 2992 τούς
1147 2910 1335 3004 γράφοντας
1356 2910 1379 3004 ἢ
1398 2928 1468 3005 ψη-

304 3014 456 3104 φίσματα
477 3010 500 3103 ἢ
521 3011 601 3084 dtlo
623 3042 657 3084 τι
679 3022 830 3085 τοιοῦτον
858 3009 1067 3106 συγγραφέας
1094 3014 1277 3102 ἐκάλουν).
1312 3024 1354 3086 De
1382 3022 1468 3085 Anti-

303 3123 410 3184 macho
425 3129 524 3186 autem
540 3123 597 3197 rix,
613 3124 728 3204 opinor,
749 3122 950 3186 aberrabimus
972 3125 1153 3198 coniectura,
1175 3124 1200 3186 si
1219 3142 1290 3186 eum
1311 3126 1342 3188 in
1361 3142 1467 3188 eorum

303 3242 429 3286 numero
444 3225 536 3288 luisse
555 3234 711 3309 putamus,
732 3227 783 3307 σοι·
801 3226 972 3307 frequenter
990 3226 1118 3289 terendis
1139 3227 1175 3289 ad
1193 3227 1337 3309 populum
1357 3227 1469 3309 legibus

304 3345 369 3389 sese
384 3327 560 3407 ingererent,
577 3344 669 3390 unum
684 3325 749 3389 τῶν
771 3323 848 3410 περὶ
867 3325 906 3390 τά
927 3329 1028 3413 βῆμα,
1045 3336 1078 3391 ut
1093 3336 1137 3392 cst
1152 3329 1229 3410 apud
1245 3330 1338 3392 schol.
1354 3330 1400 3393 ad.
1416 3330 1468 3393 Ar.

304 3447 330 3490 v.
350 3429 442 3503 1297,
459 3430 542 3493 cuius
555 3430 670 3514 generis
685 3431 839 3506 maiorem,
856 3450 944 3512 quam
961 3448 1036 3512 opus
1051 3440 1121 3505 erat,
1138 3431 1359 3495 multitudinem
1376 3431 1468 3495 luisse

303 3550 396 3613 φιιιιυ
411 3532 460 3595 alii
474 3540 576 3606 testes,
599 3540 663 3594 tum
680 3533 766 3594 multi
781 3534 984 3614 Aristophanis
1004 3533 1061 3596 loci
1081 3535 1169 3597 tidem
1191 3534 1316 3610 faciunt,
1340 3553 1468 3616 qnorum

303 3651 381 3698 unus
396 3635 523 3699 maxime
538 3634 668 3716 insignis,
685 3636 715 3698 in
727 3636 838 3718 Equitt.
855 3654 880 3698 r.
897 3636 988 3712 1383,
1003 3636 1053 3699 uhi
1067 3636 1191 3720 Δῆμος,
1208 3636 1236 3701 h.
1251 3657 1278 3699 e.
1294 3637 1357 3719 ipse
1371 3655 1469 3719 popu-

303 3828 505 3839 ...ι-*-

371 3944 397 4007 2)
420 3943 463 3995 Sle
479 3944 559 4009 igitar
576 3946 689 4000 codicum
706 3946 817 4000 lectione
828 3947 892 3999 eatis
905 3945 1007 4000 defense
1020 3949 1186 4016 supersedere
1197 3947 1335 4015 poterimus
1348 3947 1469 4000 lleieehii

303 4030 450 4081 coniectore
466 4030 491 4082 ia
511 4031 608 4083 Vindia
626 4033 754 4098 Aristoph.
773 4051 796 4099 p.
814 4035 845 4086 21
866 4034 1009 4100 proposita,
1025 4030 1076 4088 τὸν
1093 4036 1202 4105 Septem,
1218 4050 1268 4100 que
1286 4032 1410 4086 vocabulo
1427 4034 1468 4085 rie

302 4115 465 4167 doctissimus
477 4117 632 4170 effeminatos
644 4119 789 4172 Antimachi
801 4136 884 4172 mores
900 4122 984 4173 notari
997 4129 1081 4188 petet,
1097 4121 1141 4187 qui
1159 4121 1277 4174 ridentur
1293 4122 1370 4173 etiam
1385 4120 1467 4172 Nune.

302 4216 318 4250 v
340 4199 415 4251 1022.
429 4228 462 4239 -
473 4201 583 4254 Prorsus
595 4213 678 4256 entem
690 4205 819 4257 assentior
831 4204 973 4270 Meiaekio,:
986 4208 1151 4272 respuendam
1167 4221 1224 4258 esse
1245 4207 1355 4259 Nauckii
1366 4213 1470 4259 senten·

302 4284 371 4348 dam,
387 4285 430 4351 qui
446 4293 473 4337 et
489 4285 538 4338 τάν
554 4290 701 4357 ξυγγραφῆ
715 4295 742 4339 et
762 4290 785 4339 ia
802 4291 987 4357 antistrophieo
1009 4292 1170 4357 voxesperdr
1186 4292 1295 4358 expungi
1309 4291 1398 4345 voluit.
1422 4292 1469 4345 m-

302 4370 392 4420 mirum
403 4371 451 4422 hoc
465 4370 531 4439 loco,
546 4380 577 4425 ut
588 4371 650 4425 elihi
666 4374 839 4442 saepiuscule,
856 4375 983 4428 Naaeltiue
1008 4377 1123 4429 criticam
1140 4394 1210 4431 suem
1228 4376 1313 4446 paullo
1333 4377 1469 4431 violentius

302 4456 426 4509 excreuit.
