3154 5138
582 482 781 578 Q...

115 671 136 732 ei
151 670 263 745 celeret,
289 688 409 733 omnem
434 669 702 733 mutandarum
720 668 967 749 significationum
984 668 1144 731 tibertetem
1170 669 1258 732 nbnie

114 774 234 854 ecqmtis
252 773 360 836 lindius
381 779 542 845 coercerem
554 789 651 852 neque
668 770 797 833 itiic'sem
811 770 958 835 &smodi
972 771 1191 835 trenslntimem
1207 792 1256 835 re-

115 876 211 938 tenbns
225 877 319 939 vienn
333 884 501 954 cumputo,
516 892 591 955 quse
607 873 679 935 nibil
693 872 887 953 ambiguitatis
901 880 988 955 etque
1003 874 1189 937 obscuritatis
1204 875 1257 937 lte·

113 976 191 1040 beret.
234 978 332 1041 lnillo
348 977 466 1057 quidem
489 974 637 1039 Ciceronis
651 974 931 1047 loeo,sistribetnr
949 977 1050 1040 cibus
1067 977 1257 1041 facillimus

21 1070 23 1117 t
113 1079 395 1161 recoquendum,
411 1077 537 1157 ambiget
551 1079 678 1140 lenisse
691 1076 805 1158 uliquis,
818 1086 885 1141 utre
900 1079 994 1142 coctio
1009 1079 1195 1159 intelligenda
1210 1080 1258 1153 sit,

111 1200 173 1244 unc
186 1202 260 1264 quae
274 1181 350 1262 ignis
364 1199 423 1261 ope
436 1180 466 1243 in
481 1180 587 1253 cubuc,
601 1196 639 1242 en
653 1180 712 1254 ille,
731 1198 805 1261 qune
823 1181 855 1243 in
869 1181 999 1245 bominis
1017 1200 1145 1262 corpore
1158 1182 1253 1243 conti·
1273 1200 1287 1248 t

112 1283 189 1347 citur:
204 1283 398 1365 quemobrem
412 1283 632 1346 concedendum
649 1290 701 1358 eet
716 1283 825 1347 rectius
840 1283 880 1346 lbi
900 1284 941 1346 ed
961 1284 1256 1364 concoquendum

110 1386 241 1466 scriptum
261 1404 341 1461 ecse3
360 1392 464 1448 noetm
483 1393 581 1449 cuum
600 1385 682 1458 loco,
702 1385 815 1447 etiamsi
835 1394 1030 1467 coctusque
1049 1385 1206 1458 scribetur,
1218 1386 1257 1447 de

111 1508 167 1550 rere
182 1488 326 1551 sententie
341 1486 465 1550 dnbitcri
479 1487 560 1550 nullo
574 1487 665 1550 modo
684 1496 792 1568 potest
834 1488 936 1569 Neque
955 1486 1113 1569 Spaldingii
1131 1496 1256 1550 ennete-

110 1591 144 1652 tio
157 1592 190 1654 ed
205 1589 419 1665 Quintilianum
436 1589 472 1652 nb
493 1591 552 1653 boc
569 1590 676 1653 iuditio
695 1609 745 1653 me
766 1591 922 1654 demovere
946 1590 1050 1671 potute
1093 1589 1257 1669 lepebntur

109 1691 417 1774 epudQuintiliennm:
438 1700 609 1773 quantum
630 1692 690 1755 ille
714 1692 786 1755 vini
810 1693 846 1755 in
865 1693 1016 1774 Hippiae
1034 1690 1168 1772 nuptiis
1194 1712 1255 1755 ex·

109 1795 272 1871 lenierit,
298 1795 391 1875 quod
418 1795 514 1857 terre
535 1803 568 1859 et
590 1813 745 1875 coquere
768 1812 840 1858 non
861 1803 986 1875 poscet
1006 1793 1066 1856 ille
1088 1795 1255 1875 corporis

108 1897 312 1975 pledieterie
327 1897 509 1960 tirmitste.
553 1897 748 1978 Spddinqius,
763 1916 855 1979 quum
869 1897 900 1960 in
914 1915 975 1960 uno
991 1896 1091 1960 codice
1105 1897 1257 1960 Turicensi

108 2018 277 2082 conquere
290 1999 432 2083 seriptum
446 2001 601 2075 inveniet,
615 2000 685 2062 binc
704 2018 927 2081 concoquere
944 1999 1091 2080 reposuit:
1111 2018 1178 2061 vere
1192 2001 1255 2061 tnr-

108 2111 191 2178 trrse3
204 2120 383 2185 quemquem
398 2121 436 2165 ne
450 2103 574 2184 simplex
588 2102 705 2184 quidem
725 2101 845 2164 verbnm
863 2103 896 2163 tn
908 2102 958 2164 teti
973 2110 1110 2165 contextu
1124 2118 1255 2164 errorem

108 2204 220 2270 obicere
242 2204 378 2286 petuisse
400 2204 584 2269 crediderim.
627 2204 785 2267 nnumin
805 2215 904 2266 eutem
923 2203 1082 2285 Spaldinqii
1100 2204 1172 2265 beec
1195 2213 1254 2265 eet:

108 2308 207 2378 „unffi
220 2318 355 2372 veterum
369 2308 456 2371 certis
471 2308 590 2388 quidem
602 2306 677 2370 locis
691 2306 833 2387 probetur
851 2324 977 2388 coquere
994 2306 1051 2368 dici
1065 2324 1122 2387 pro
1145 2323 1254 2368 ceuco-

107 2412 221 2489 quende.
259 2411 371 2473 Seltem
395 2409 522 2473 Plinium
548 2410 584 2471 ll.
610 2409 646 2471 tt.
666 2408 773 2482 ΧΧΙΧ,
791 2410 822 2481 1,
838 2408 858 2472 8
874 2412 963 2489 (tom.
983 2408 1020 2470 lV
1042 2428 1071 2491 p.
1093 2408 1155 2471 342
1176 2408 1254 2484 stt)

107 2514 204 2577 trustra
219 2513 347 2596 sppollst
360 2512 550 2586 Forcellinus‚
566 2511 616 2575 ubi
631 2511 701 2574 cibi
721 2512 755 2574 in
769 2511 985 2592 corporibus
1000 2512 1103 2593 coqui
1119 2511 1254 2575 dicuntur

104 2615 284 2679 ebrlineis
297 2615 540 2678 ardentibus‘t
570 2615 683 2696 Nenpe
701 2614 772 2690 boc,
793 2613 915 2694 opinor,
934 2615 1035 2688 volent,
1055 2613 1140 2676 Plinii
1154 2615 1252 2676 locum

104 2717 168 2780 nibil
190 2720 287 2782 lucere
312 2718 349 2781 ud
374 2717 556 2798 prebendam
575 2716 652 2779 illem
672 2715 874 2796 concoquendi
898 2716 1140 2795 significationem
1166 2716 1252 2778 etiem

103 2818 218 2901 simplici
237 2820 330 2883 verbo
355 2820 553 2883 asserendum
596 2818 683 2899 Atqui
709 2818 768 2881 boc
789 2825 887 2881 temen
912 2828 989 2881 certe
1007 2827 1099 2900 petet,
1118 2819 1254 2893 Plinium,

103 2923 226 3000 qmmnr
240 2923 282 2985 de
303 2922 399 2985 edoce
413 2922 591 2984 balinearum
606 2921 693 2993 dicet,
712 2937 773 2983 non
794 2929 893 2983 tumen
915 2940 979 2985 eem
995 2922 1127 2985 ciborum
1143 2921 1253 2984 coctio-

102 3040 162 3086 nem
177 3025 354 3104 iutelligere‚
374 3042 449 3105 quie
467 3024 588 3106 proprie
606 3023 651 3085 sic
661 3023 779 3097 dicitnr,
798 3023 850 3086 sed
865 3042 929 3086 eern
945 3042 1020 3105 quee
1033 3023 1064 3085 iu
1078 3024 1254 3105 corporibus

102 3128 253 3204 perficitur,
269 3127 299 3189 b.
315 3146 341 3189 e
355 3127 428 3189 nibil
440 3127 516 3190 eliud
532 3145 619 3207 quem
634 3127 864 3201 concoctionem,
879 3146 965 3208 quem
976 3126 1106 3190 adiureri
1120 3127 1254 3190 nonnulli

100 3225 276 3292 brincarum
300 3228 397 3291 celere
422 3229 573 3308 putebant.
593 3230 630 3291 ct.
651 3230 707 3292 Tb.
728 3230 863 3293 Schmidt
881 3232 917 3293 ed
937 3231 1038 3293 lieret.
1058 3248 1103 3310 ep.
1120 3229 1142 3302 Ι,
1157 3230 1187 3302 6,
1202 3229 1253 3291 ot.

102 3331 220 3395 tumn
234 3340 335 3394 eutem
350 3351 366 3395 u
381 3331 543 3395 Porcellino
559 3340 673 3412 prseter
687 3332 772 3395 Plinii
785 3334 883 3395 locum
898 3333 983 3395 etiem
998 3332 1076 3394 hice
1090 3331 1189 3406 Celso,
1206 3331 1254 3406 Ν,

101 3432 130 3493 5;
144 3435 201 3513 qui
219 3433 318 3497 nihil
337 3433 436 3497 eliud
455 3451 681 3514 concoquere
697 3443 871 3515 possunt,
889 3434 1054 3496 bubulam
1081 3441 1254 3514 coquunt:

101 3534 140 3595 sie
155 3537 234 3598 euim
255 3535 297 3598 ibi
321 3536 351 3598 iu
378 3535 529 3609 omnibus,
556 3554 631 3616 ques
651 3536 795 3617 inspicere
810 3536 902 3617 potui,
917 3535 1095 3599 editionibus
1111 3536 1254 3616 scriptum

100 3646 152 3712 eet,
172 3639 255 3702 nmln
276 3638 413 3702 veteru
432 3638 567 3701 codicum
588 3646 697 3701 notatu
741 3639 843 3719 Neque
856 3646 931 3714 eret,
950 3638 1071 3719 opinor,
1086 3656 1138 3700 cur
1151 3638 1255 3700 Celsus

101 3738 218 3822 smper
233 3741 356 3804 verbum
371 3741 523 3821 resugeret,
538 3758 629 3821 quum
644 3741 681 3803 de
695 3741 906 3822 significatione
925 3741 1050 3803 dubiteri
1065 3758 1127 3803 non
1142 3748 1254 3822 posset.

100 3842 187 3924 itque
204 3845 282 3907 eden
301 3845 381 3924 epod
399 3844 498 3925 ipsum
518 3844 688 3906 Ciceronem
704 3844 802 3925 puullo
820 3853 886 3906 ente
899 3843 992 3916 bunc,
1007 3842 1044 3905 de
1057 3861 1117 3924 qno
1131 3843 1254 3924 eginum,

99 3943 207 4019 locum,
223 3951 253 4022 l.
274 3946 472 4020 recreatio
488 3947 631 4027 scriptum
646 3955 699 4021 ert,
716 3965 778 4008 earn
795 3964 883 4008 omne
897 3946 977 4026 quod
993 3946 1137 4027 occeperit
1151 3963 1254 4025 cogere

99 4064 130 4107 ec
140 4049 329 4123 contundere,
343 4056 376 4110 ut
387 4047 468 4110 leode
483 4056 512 4110 et
527 4049 630 4122 calore,
647 4067 733 4129 quem
754 4048 879 4110 multum
892 4048 1006 4119 babeat,
1015 4055 1044 4109 et
1051 4047 1171 4110 terendo
1187 4047 1252 4110 cibo

99 4156 125 4208 et
137 4160 287 4230 prseterec
308 4150 414 4231 spiritu
434 4150 533 4212 omnin
553 4158 652 4214 coctu
673 4160 781 4231 etque
800 4150 959 4212 conlecta
979 4150 1010 4211 in
1025 4149 1169 4230 reliquum
1185 4169 1253 4212 cor-

98 4268 151 4328 pus
166 4252 343 4316 dividantur.
387 4252 488 4333 Neque
502 4253 632 4315 lllotzius
646 4254 725 4316 hene
740 4253 871 4315 omnium
887 4252 1020 4314 codicum
1037 4252 1191 4315 lectionem
1208 4258 1252 4313 et-

98 4362 205 4419 tentare
220 4374 310 4419 ausus
325 4363 379 4418 est.
425 4356 532 4419 Nostro
548 4364 645 4419 autem
660 4355 725 4419 loco
741 4355 776 4418 ad
793 4356 929 4419 tuendam
941 4356 1084 4436 vulgatum
1099 4354 1252 4416 lectionem

96 4458 201 4520 aceedit
219 4458 307 4519 etiem
323 4458 389 4532 hoc,
404 4458 484 4539 quod
499 4475 561 4519 non
576 4457 657 4519 lecile
671 4458 771 4519 Cicero
786 4465 856 4537 post
877 4457 997 4520 verbum
1017 4475 1083 4518 cum
1099 4452 1252 4535 praeposi·
