<?xml version="1.0" encoding="UTF-8"?>
<!DOCTYPE html PUBLIC "-//W3C//DTD XHTML 1.0 Transitional//EN"
    "http://www.w3.org/TR/xhtml1/DTD/xhtml1-transitional.dtd">
<html xmlns="http://www.w3.org/1999/xhtml" xml:lang="en" lang="en">
 <head>
  <title>
</title>
<meta http-equiv="Content-Type" content="text/html;charset=utf-8" />
  <meta name='ocr-system' content='tesseract 3.04.00' />
  <meta name='ocr-capabilities' content='ocr_page ocr_carea ocr_par ocr_line ocrx_word'/>
</head>
<body>
  <div class='ocr_page' id='page_1' title='image "./opusculaacademi00schogoog_0128.png"; bbox 0 0 3190 5136; ppageno 0'>
   <div class='ocr_carea' id='block_1_1' title="bbox 660 400 721 465">
    <p class='ocr_par' dir='ltr' id='par_1_1' title="bbox 660 400 721 465">
     <span class='ocr_line' id='line_1_1' title="bbox 660 400 721 465; baseline 0.016 -2"><span class='ocrx_word' id='word_1_1' title='bbox 660 400 721 465; x_wconf 71' lang='lat' dir='ltr'><strong>lib</strong></span> 
     </span>
    </p>
   </div>
   <div class='ocr_carea' id='block_1_2' title="bbox 102 579 1268 1285">
    <p class='ocr_par' dir='ltr' id='par_1_2' title="bbox 102 579 1268 1285">
     <span class='ocr_line' id='line_1_2' title="bbox 107 579 1266 668; baseline -0.008 -17"><span class='ocrx_word' id='word_1_2' title='bbox 107 584 267 651; x_wconf 67' lang='lat' dir='ltr'><strong>bemus?</strong></span> <span class='ocrx_word' id='word_1_3' title='bbox 297 588 383 662; x_wconf 81' lang='lat' dir='ltr'><strong>Quod</strong></span> <span class='ocrx_word' id='word_1_4' title='bbox 404 606 499 668; x_wconf 91' lang='lat' dir='ltr'><strong>quum</strong></span> <span class='ocrx_word' id='word_1_5' title='bbox 518 588 557 651; x_wconf 89' lang='lat' dir='ltr'><strong>ita</strong></span> <span class='ocrx_word' id='word_1_6' title='bbox 578 587 630 661; x_wconf 82' lang='lat' dir='ltr'><strong>sit,</strong></span> <span class='ocrx_word' id='word_1_7' title='bbox 651 594 772 668; x_wconf 86' lang='lat' dir='ltr'><strong>apparet</strong></span> <span class='ocrx_word' id='word_1_8' title='bbox 793 585 940 666; x_wconf 76' lang='lat' dir='ltr'><strong>profesto,</strong></span> <span class='ocrx_word' id='word_1_9' title='bbox 966 603 1002 647; x_wconf 79' lang='lat' dir='ltr'><strong>er</strong></span> <span class='ocrx_word' id='word_1_10' title='bbox 1020 582 1076 646; x_wconf 80' lang='lat' dir='ltr'><strong>iltis</strong></span> <span class='ocrx_word' id='word_1_11' title='bbox 1098 599 1172 663; x_wconf 83' lang='lat' dir='ltr'><strong>quae</strong></span> <span class='ocrx_word' id='word_1_12' title='bbox 1191 579 1266 643; x_wconf 82' lang='lat' dir='ltr'><strong>ller-</strong></span> 
     </span>
     <span class='ocr_line' id='line_1_3' title="bbox 106 683 1267 771; baseline -0.008 -17"><span class='ocrx_word' id='word_1_13' title='bbox 106 708 230 754; x_wconf 86' lang='lat' dir='ltr'><strong>mannus</strong></span> <span class='ocrx_word' id='word_1_14' title='bbox 251 690 350 753; x_wconf 86' lang='lat' dir='ltr'><strong>attulit</strong></span> <span class='ocrx_word' id='word_1_15' title='bbox 366 690 592 771; x_wconf 66' lang='lat' dir='ltr'><strong>haudquaquam</strong></span> <span class='ocrx_word' id='word_1_16' title='bbox 613 689 737 770; x_wconf 87' lang='lat' dir='ltr'><strong>liquere,</strong></span> <span class='ocrx_word' id='word_1_17' title='bbox 764 687 1013 769; x_wconf 81' lang='lat' dir='ltr'><strong>quemadmodum</strong></span> <span class='ocrx_word' id='word_1_18' title='bbox 1031 693 1060 748; x_wconf 88' lang='lat' dir='ltr'><strong>et</strong></span> <span class='ocrx_word' id='word_1_19' title='bbox 1078 703 1135 765; x_wconf 90' lang='lat' dir='ltr'><strong>qua</strong></span> <span class='ocrx_word' id='word_1_20' title='bbox 1153 683 1267 747; x_wconf 88' lang='lat' dir='ltr'><strong>ratione</strong></span> 
     </span>
     <span class='ocr_line' id='line_1_4' title="bbox 104 786 1267 873; baseline -0.005 -18"><span class='ocrx_word' id='word_1_21' title='bbox 104 793 266 873; x_wconf 69' lang='lat' dir='ltr'><strong>Aeschylus</strong></span> <span class='ocrx_word' id='word_1_22' title='bbox 280 793 314 857; x_wconf 92' lang='lat' dir='ltr'><strong>in</strong></span> <span class='ocrx_word' id='word_1_23' title='bbox 328 793 412 857; x_wconf 89' lang='lat' dir='ltr'><strong>tertia</strong></span> <span class='ocrx_word' id='word_1_24' title='bbox 426 792 523 856; x_wconf 79' lang='lat' dir='ltr'><strong>tabula</strong></span> <span class='ocrx_word' id='word_1_25' title='bbox 537 791 746 857; x_wconf 72' lang='lat' dir='ltr'><strong>Prometheum</strong></span> <span class='ocrx_word' id='word_1_26' title='bbox 760 791 890 857; x_wconf 79' lang='lat' dir='ltr'><strong>seruum</strong></span> <span class='ocrx_word' id='word_1_27' title='bbox 904 789 1013 853; x_wconf 83' lang='lat' dir='ltr'><strong>tenerit</strong></span> <span class='ocrx_word' id='word_1_28' title='bbox 1043 787 1081 851; x_wconf 82' lang='lat' dir='ltr'><strong>lit</strong></span> <span class='ocrx_word' id='word_1_29' title='bbox 1100 786 1267 867; x_wconf 81' lang='lat' dir='ltr'><strong>expositum</strong></span> 
     </span>
     <span class='ocr_line' id='line_1_5' title="bbox 103 890 1267 973; baseline -0.005 -16"><span class='ocrx_word' id='word_1_30' title='bbox 103 895 160 958; x_wconf 85' lang='lat' dir='ltr'><strong>hoe</strong></span> <span class='ocrx_word' id='word_1_31' title='bbox 178 913 195 957; x_wconf 82' lang='lat' dir='ltr'><strong>a</strong></span> <span class='ocrx_word' id='word_1_32' title='bbox 213 914 266 957; x_wconf 91' lang='lat' dir='ltr'><strong>me</strong></span> <span class='ocrx_word' id='word_1_33' title='bbox 286 904 349 970; x_wconf 89' lang='lat' dir='ltr'><strong>est,</strong></span> <span class='ocrx_word' id='word_1_34' title='bbox 370 895 478 961; x_wconf 87' lang='lat' dir='ltr'><strong>iisdem</strong></span> <span class='ocrx_word' id='word_1_35' title='bbox 495 895 629 959; x_wconf 80' lang='lat' dir='ltr'><strong>versibus</strong></span> <span class='ocrx_word' id='word_1_36' title='bbox 649 894 757 971; x_wconf 84' lang='lat' dir='ltr'><strong>uitatis,</strong></span> <span class='ocrx_word' id='word_1_37' title='bbox 775 894 841 958; x_wconf 81' lang='lat' dir='ltr'>libri</span> <span class='ocrx_word' id='word_1_38' title='bbox 856 893 914 956; x_wconf 90' lang='lat' dir='ltr'><strong>mei</strong></span> <span class='ocrx_word' id='word_1_39' title='bbox 927 912 956 973; x_wconf 82' lang='lat' dir='ltr'><strong>p.</strong></span> <span class='ocrx_word' id='word_1_40' title='bbox 972 890 1028 964; x_wconf 73' lang='lat'><strong>23,</strong></span> <span class='ocrx_word' id='word_1_41' title='bbox 1050 908 1140 970; x_wconf 86' lang='lat' dir='ltr'><strong>quam</strong></span> <span class='ocrx_word' id='word_1_42' title='bbox 1154 895 1267 970; x_wconf 86' lang='lat' dir='ltr'><strong>partem</strong></span> 
     </span>
     <span class='ocr_line' id='line_1_6' title="bbox 103 992 1268 1080; baseline -0.006 -20"><span class='ocrx_word' id='word_1_43' title='bbox 103 998 294 1061; x_wconf 78' lang='lat' dir='ltr'><strong>llemannua</strong></span> <span class='ocrx_word' id='word_1_44' title='bbox 314 1016 419 1063; x_wconf 85' lang='lat' dir='ltr'><strong>rursus</strong></span> <span class='ocrx_word' id='word_1_45' title='bbox 440 998 521 1080; x_wconf 84' lang='lat' dir='ltr'><strong>qnasi</strong></span> <span class='ocrx_word' id='word_1_46' title='bbox 541 1015 602 1061; x_wconf 89' lang='lat' dir='ltr'><strong>non</strong></span> <span class='ocrx_word' id='word_1_47' title='bbox 623 998 763 1080; x_wconf 83' lang='lat' dir='ltr'><strong>seriptum</strong></span> <span class='ocrx_word' id='word_1_48' title='bbox 783 997 899 1063; x_wconf 77' lang='lat' dir='ltr'><strong>sdarnm</strong></span> <span class='ocrx_word' id='word_1_49' title='bbox 914 995 1118 1077; x_wconf 66' lang='lat' dir='ltr'><strong>praetermisit</strong></span> <span class='ocrx_word' id='word_1_50' title='bbox 1162 992 1268 1057; x_wconf 80' lang='lat' dir='ltr'><strong>Nonne</strong></span> 
     </span>
     <span class='ocr_line' id='line_1_7' title="bbox 102 1093 1267 1176; baseline -0.008 -12"><span class='ocrx_word' id='word_1_51' title='bbox 102 1100 248 1164; x_wconf 86' lang='lat' dir='ltr'><strong>ridebitur</strong></span> <span class='ocrx_word' id='word_1_52' title='bbox 262 1110 364 1165; x_wconf 88' lang='lat' dir='ltr'><strong>autem</strong></span> <span class='ocrx_word' id='word_1_53' title='bbox 377 1100 547 1164; x_wconf 80' lang='lat' dir='ltr'><strong>huimnrodi</strong></span> <span class='ocrx_word' id='word_1_54' title='bbox 561 1100 677 1165; x_wconf 86' lang='lat' dir='ltr'><strong>silentio</strong></span> <span class='ocrx_word' id='word_1_55' title='bbox 692 1113 722 1164; x_wconf 88' lang='lat' dir='ltr'><strong>et</strong></span> <span class='ocrx_word' id='word_1_56' title='bbox 735 1099 967 1165; x_wconf 83' lang='lat' dir='ltr'><strong>dissimulatione</strong></span> <span class='ocrx_word' id='word_1_57' title='bbox 982 1116 1088 1161; x_wconf 85' lang='lat' dir='ltr'><strong>musae</strong></span> <span class='ocrx_word' id='word_1_58' title='bbox 1103 1113 1175 1163; x_wconf 85' lang='lat' dir='ltr'><strong>suae</strong></span> <span class='ocrx_word' id='word_1_59' title='bbox 1189 1093 1267 1176; x_wconf 87' lang='lat' dir='ltr'><strong>apud</strong></span> 
     </span>
     <span class='ocr_line' id='line_1_8' title="bbox 102 1195 1268 1285; baseline -0.005 -20"><span class='ocrx_word' id='word_1_60' title='bbox 102 1221 212 1284; x_wconf 85' lang='lat' dir='ltr'><strong>aeques</strong></span> <span class='ocrx_word' id='word_1_61' title='bbox 240 1203 355 1266; x_wconf 86' lang='lat' dir='ltr'><strong>iudiees</strong></span> <span class='ocrx_word' id='word_1_62' title='bbox 380 1203 447 1283; x_wconf 89' lang='lat' dir='ltr'><strong>plus</strong></span> <span class='ocrx_word' id='word_1_63' title='bbox 467 1204 606 1267; x_wconf 79' lang='lat' dir='ltr'><strong>nemisse</strong></span> <span class='ocrx_word' id='word_1_64' title='bbox 631 1220 720 1285; x_wconf 83' lang='lat' dir='ltr'><strong>quam</strong></span> <span class='ocrx_word' id='word_1_65' title='bbox 746 1198 919 1284; x_wconf 67' lang='lat' dir='ltr'><strong>matthaee?</strong></span> <span class='ocrx_word' id='word_1_66' title='bbox 937 1236 981 1246; x_wconf 91' lang='lat'>-</span> <span class='ocrx_word' id='word_1_67' title='bbox 1003 1200 1098 1265; x_wconf 89' lang='lat' dir='ltr'><strong>Porro</strong></span> <span class='ocrx_word' id='word_1_68' title='bbox 1123 1195 1268 1263; x_wconf 73' lang='lat' dir='ltr'><strong>maiorue</strong></span> 
     </span>
    </p>
   </div>
   <div class='ocr_carea' id='block_1_3' title="bbox 6 1298 1317 3743">
    <p class='ocr_par' dir='ltr' id='par_1_3' title="bbox 6 1298 1317 3743">
     <span class='ocr_line' id='line_1_9' title="bbox 101 1298 1269 1386; baseline -0.006 -18"><span class='ocrx_word' id='word_1_69' title='bbox 101 1305 178 1369; x_wconf 84' lang='lat' dir='ltr'><strong>loris</strong></span> <span class='ocrx_word' id='word_1_70' title='bbox 189 1304 384 1369; x_wconf 71' lang='lat' dir='ltr'><strong>Burmannus</strong></span> <span class='ocrx_word' id='word_1_71' title='bbox 399 1325 434 1367; x_wconf 89' lang='lat' dir='ltr'><strong>eo</strong></span> <span class='ocrx_word' id='word_1_72' title='bbox 449 1305 617 1369; x_wconf 85' lang='lat' dir='ltr'><strong>eenaultom</strong></span> <span class='ocrx_word' id='word_1_73' title='bbox 633 1306 780 1386; x_wconf 83' lang='lat' dir='ltr'><strong>opinatur,</strong></span> <span class='ocrx_word' id='word_1_74' title='bbox 797 1303 878 1385; x_wconf 88' lang='lat' dir='ltr'><strong>quod</strong></span> <span class='ocrx_word' id='word_1_75' title='bbox 887 1320 950 1369; x_wconf 88' lang='lat' dir='ltr'><strong>uon</strong></span> <span class='ocrx_word' id='word_1_76' title='bbox 965 1301 1091 1383; x_wconf 71' lang='lat' dir='ltr'><strong>gratuito</strong></span> <span class='ocrx_word' id='word_1_77' title='bbox 1105 1298 1269 1365; x_wconf 73' lang='lat' dir='ltr'>liberaverit</span> 
     </span>
     <span class='ocr_line' id='line_1_10' title="bbox 101 1401 1268 1489; baseline -0.007 -19"><span class='ocrx_word' id='word_1_78' title='bbox 101 1408 330 1481; x_wconf 72' lang='lat' dir='ltr'><strong>Prometheum,</strong></span> <span class='ocrx_word' id='word_1_79' title='bbox 352 1409 404 1471; x_wconf 85' lang='lat' dir='ltr'><strong>sed</strong></span> <span class='ocrx_word' id='word_1_80' title='bbox 419 1408 488 1473; x_wconf 88' lang='lat' dir='ltr'><strong>dato</strong></span> <span class='ocrx_word' id='word_1_81' title='bbox 504 1408 560 1470; x_wconf 88' lang='lat' dir='ltr'><strong>sibi</strong></span> <span class='ocrx_word' id='word_1_82' title='bbox 575 1407 718 1489; x_wconf 89' lang='lat' dir='ltr'><strong>piamenti</strong></span> <span class='ocrx_word' id='word_1_83' title='bbox 735 1408 802 1471; x_wconf 87' lang='lat' dir='ltr'><strong>loeo</strong></span> <span class='ocrx_word' id='word_1_84' title='bbox 818 1406 960 1479; x_wconf 75' lang='lat' dir='ltr'><strong>Chuone,</strong></span> <span class='ocrx_word' id='word_1_85' title='bbox 980 1404 1030 1486; x_wconf 92' lang='lat' dir='ltr'><strong>qui</strong></span> <span class='ocrx_word' id='word_1_86' title='bbox 1051 1405 1128 1467; x_wconf 89' lang='lat' dir='ltr'><strong>illius</strong></span> <span class='ocrx_word' id='word_1_87' title='bbox 1143 1401 1268 1465; x_wconf 87' lang='lat' dir='ltr'><strong>solutio-</strong></span> 
     </span>
     <span class='ocr_line' id='line_1_11' title="bbox 101 1503 1269 1575; baseline -0.005 -3"><span class='ocrx_word' id='word_1_88' title='bbox 101 1528 167 1572; x_wconf 89' lang='lat' dir='ltr'><strong>nem</strong></span> <span class='ocrx_word' id='word_1_89' title='bbox 195 1510 429 1573; x_wconf 79' lang='lat' dir='ltr'><strong>immortalitatis</strong></span> <span class='ocrx_word' id='word_1_90' title='bbox 455 1529 526 1573; x_wconf 88' lang='lat' dir='ltr'><strong>suae</strong></span> <span class='ocrx_word' id='word_1_91' title='bbox 550 1510 660 1573; x_wconf 79' lang='lat' dir='ltr'><strong>iactura</strong></span> <span class='ocrx_word' id='word_1_92' title='bbox 685 1510 849 1575; x_wconf 81' lang='lat' dir='ltr'><strong>redimeret.</strong></span> <span class='ocrx_word' id='word_1_93' title='bbox 894 1509 987 1571; x_wconf 90' lang='lat' dir='ltr'><strong>Usum</strong></span> <span class='ocrx_word' id='word_1_94' title='bbox 1013 1526 1081 1569; x_wconf 88' lang='lat' dir='ltr'><strong>esse</strong></span> <span class='ocrx_word' id='word_1_95' title='bbox 1100 1506 1157 1571; x_wconf 83' lang='lat' dir='ltr'><strong>heo</strong></span> <span class='ocrx_word' id='word_1_96' title='bbox 1174 1503 1269 1567; x_wconf 81' lang='lat' dir='ltr'><strong>tabula</strong></span> 
     </span>
     <span class='ocr_line' id='line_1_12' title="bbox 6 1604 1317 1693; baseline -0.007 -16"><span class='ocrx_word' id='word_1_97' title='bbox 6 1646 7 1677; x_wconf 67' lang='grc' dir='ltr'>ι</span> <span class='ocrx_word' id='word_1_98' title='bbox 100 1612 342 1693; x_wconf 66' lang='lat' dir='ltr'><strong>lmmylumago</strong></span> <span class='ocrx_word' id='word_1_99' title='bbox 354 1612 575 1693; x_wconf 68' lang='lat' dir='ltr'><strong>quoquomodo,</strong></span> <span class='ocrx_word' id='word_1_100' title='bbox 589 1631 625 1675; x_wconf 82' lang='lat' dir='ltr'><strong>ae</strong></span> <span class='ocrx_word' id='word_1_101' title='bbox 635 1611 795 1691; x_wconf 89' lang='lat' dir='ltr'><strong>proindeet</strong></span> <span class='ocrx_word' id='word_1_102' title='bbox 805 1611 870 1692; x_wconf 88' lang='lat' dir='ltr'><strong>ipse</strong></span> <span class='ocrx_word' id='word_1_103' title='bbox 883 1629 918 1674; x_wconf 84' lang='lat' dir='ltr'><strong>ea</strong></span> <span class='ocrx_word' id='word_1_104' title='bbox 928 1629 1001 1673; x_wconf 85' lang='lat' dir='ltr'><strong>usus</strong></span> <span class='ocrx_word' id='word_1_105' title='bbox 1016 1627 1082 1671; x_wconf 89' lang='lat' dir='ltr'><strong>sum</strong></span> <span class='ocrx_word' id='word_1_106' title='bbox 1094 1608 1125 1671; x_wconf 93' lang='lat' dir='ltr'><strong>in</strong></span> <span class='ocrx_word' id='word_1_107' title='bbox 1140 1625 1176 1669; x_wconf 89' lang='lat' dir='ltr'><strong>eu</strong></span> <span class='ocrx_word' id='word_1_108' title='bbox 1188 1604 1268 1685; x_wconf 87' lang='lat' dir='ltr'><strong>quud</strong></span> <span class='ocrx_word' id='word_1_109' title='bbox 1287 1618 1317 1668; x_wconf 89' lang='lat' dir='ltr'><strong>ta</strong></span> 
     </span>
     <span class='ocr_line' id='line_1_13' title="bbox 101 1707 1268 1797; baseline -0.009 -18"><span class='ocrx_word' id='word_1_110' title='bbox 101 1715 264 1797; x_wconf 70' lang='lat' dir='ltr'><strong>composui</strong></span> <span class='ocrx_word' id='word_1_111' title='bbox 283 1715 416 1779; x_wconf 83' lang='lat' dir='ltr'><strong>dramate</strong></span> <span class='ocrx_word' id='word_1_112' title='bbox 437 1734 463 1775; x_wconf 88' lang='lat' dir='ltr'><strong>v.</strong></span> <span class='ocrx_word' id='word_1_113' title='bbox 484 1714 546 1777; x_wconf 79' lang='grc'><strong>394</strong></span> <span class='ocrx_word' id='word_1_114' title='bbox 567 1733 645 1795; x_wconf 85' lang='lat' dir='ltr'><strong>sqq,</strong></span> <span class='ocrx_word' id='word_1_115' title='bbox 664 1723 693 1777; x_wconf 92' lang='lat' dir='ltr'><strong>et</strong></span> <span class='ocrx_word' id='word_1_116' title='bbox 713 1732 771 1795; x_wconf 89' lang='lat' dir='ltr'><strong>qua</strong></span> <span class='ocrx_word' id='word_1_117' title='bbox 785 1714 898 1777; x_wconf 89' lang='lat' dir='ltr'><strong>ratione</strong></span> <span class='ocrx_word' id='word_1_118' title='bbox 916 1712 986 1776; x_wconf 91' lang='lat' dir='ltr'><strong>illud</strong></span> <span class='ocrx_word' id='word_1_119' title='bbox 1000 1712 1180 1793; x_wconf 72' lang='lat' dir='ltr'><strong>piamentum</strong></span> <span class='ocrx_word' id='word_1_120' title='bbox 1196 1707 1268 1771; x_wconf 90' lang='lat' dir='ltr'><strong>mihi</strong></span> 
     </span>
     <span class='ocr_line' id='line_1_14' title="bbox 101 1812 1269 1900; baseline -0.009 -17"><span class='ocrx_word' id='word_1_121' title='bbox 101 1818 364 1900; x_wconf 81' lang='lat' dir='ltr'><strong>interpretandum</strong></span> <span class='ocrx_word' id='word_1_122' title='bbox 378 1818 525 1881; x_wconf 80' lang='lat' dir='ltr'><strong>riderehrr</strong></span> <span class='ocrx_word' id='word_1_123' title='bbox 537 1818 662 1898; x_wconf 81' lang='lat' dir='ltr'><strong>exposui</strong></span> <span class='ocrx_word' id='word_1_124' title='bbox 675 1817 741 1881; x_wconf 83' lang='lat' dir='ltr'><strong>libri</strong></span> <span class='ocrx_word' id='word_1_125' title='bbox 756 1818 814 1880; x_wconf 90' lang='lat' dir='ltr'><strong>mei</strong></span> <span class='ocrx_word' id='word_1_126' title='bbox 828 1836 858 1897; x_wconf 91' lang='lat' dir='ltr'><strong>p.</strong></span> <span class='ocrx_word' id='word_1_127' title='bbox 881 1817 953 1890; x_wconf 81' lang='grc'><strong>147,</strong></span> <span class='ocrx_word' id='word_1_128' title='bbox 972 1833 1047 1895; x_wconf 89' lang='lat' dir='ltr'><strong>quae</strong></span> <span class='ocrx_word' id='word_1_129' title='bbox 1067 1815 1126 1876; x_wconf 88' lang='lat' dir='ltr'><strong>hoe</strong></span> <span class='ocrx_word' id='word_1_130' title='bbox 1138 1812 1205 1875; x_wconf 86' lang='lat' dir='ltr'><strong>loeo</strong></span> <span class='ocrx_word' id='word_1_131' title='bbox 1219 1830 1269 1874; x_wconf 88' lang='lat' dir='ltr'><strong>re·</strong></span> 
     </span>
     <span class='ocr_line' id='line_1_15' title="bbox 101 1914 1267 2001; baseline -0.006 -20"><span class='ocrx_word' id='word_1_132' title='bbox 101 1928 200 2001; x_wconf 85' lang='lat' dir='ltr'><strong>petere</strong></span> <span class='ocrx_word' id='word_1_133' title='bbox 227 1919 305 1981; x_wconf 89' lang='lat' dir='ltr'><strong>nihil</strong></span> <span class='ocrx_word' id='word_1_134' title='bbox 330 1919 504 1995; x_wconf 79' lang='lat' dir='ltr'><strong>attinet21).</strong></span> <span class='ocrx_word' id='word_1_135' title='bbox 549 1918 609 1983; x_wconf 86' lang='lat' dir='ltr'><strong>Sed</strong></span> <span class='ocrx_word' id='word_1_136' title='bbox 629 1918 830 1981; x_wconf 74' lang='lat' dir='ltr'><strong>hermannum</strong></span> <span class='ocrx_word' id='word_1_137' title='bbox 856 1918 882 1980; x_wconf 93' lang='lat' dir='ltr'><strong>si</strong></span> <span class='ocrx_word' id='word_1_138' title='bbox 908 1917 1073 1992; x_wconf 86' lang='lat' dir='ltr'><strong>audiamus,</strong></span> <span class='ocrx_word' id='word_1_139' title='bbox 1097 1914 1207 1995; x_wconf 79' lang='lat' dir='ltr'><strong>Iupiter</strong></span> <span class='ocrx_word' id='word_1_140' title='bbox 1232 1931 1267 1974; x_wconf 91' lang='lat' dir='ltr'><strong>eu</strong></span> 
     </span>
     <span class='ocr_line' id='line_1_16' title="bbox 101 2018 1269 2102; baseline -0.008 -17"><span class='ocrx_word' id='word_1_141' title='bbox 101 2021 292 2085; x_wconf 68' lang='lat' dir='ltr'><strong>morositatis</strong></span> <span class='ocrx_word' id='word_1_142' title='bbox 311 2022 432 2084; x_wconf 80' lang='lat' dir='ltr'><strong>adsutus</strong></span> <span class='ocrx_word' id='word_1_143' title='bbox 458 2021 526 2095; x_wconf 82' lang='lat' dir='ltr'><strong>tuit,</strong></span> <span class='ocrx_word' id='word_1_144' title='bbox 552 2030 585 2084; x_wconf 93' lang='lat' dir='ltr'><strong>ut</strong></span> <span class='ocrx_word' id='word_1_145' title='bbox 604 2021 786 2102; x_wconf 84' lang='lat' dir='ltr'><strong>piamentum</strong></span> <span class='ocrx_word' id='word_1_146' title='bbox 811 2020 881 2084; x_wconf 90' lang='lat' dir='ltr'><strong>illud</strong></span> <span class='ocrx_word' id='word_1_147' title='bbox 897 2020 995 2101; x_wconf 88' lang='lat' dir='ltr'><strong>speeie</strong></span> <span class='ocrx_word' id='word_1_148' title='bbox 1020 2018 1115 2098; x_wconf 79' lang='lat' dir='ltr'><strong>magis</strong></span> <span class='ocrx_word' id='word_1_149' title='bbox 1134 2035 1221 2097; x_wconf 63' lang='lat' dir='ltr'><strong>mam</strong></span> <span class='ocrx_word' id='word_1_150' title='bbox 1236 2034 1269 2077; x_wconf 90' lang='lat' dir='ltr'><strong>re</strong></span> 
     </span>
     <span class='ocr_line' id='line_1_17' title="bbox 101 2118 1268 2205; baseline -0.007 -18"><span class='ocrx_word' id='word_1_151' title='bbox 101 2125 191 2187; x_wconf 84' lang='lat' dir='ltr'><strong>luisse</strong></span> <span class='ocrx_word' id='word_1_152' title='bbox 205 2123 370 2187; x_wconf 84' lang='lat' dir='ltr'><strong>dieeudtun</strong></span> <span class='ocrx_word' id='word_1_153' title='bbox 384 2122 431 2198; x_wconf 83' lang='lat' dir='ltr'><strong>sit,</strong></span> <span class='ocrx_word' id='word_1_154' title='bbox 448 2123 662 2203; x_wconf 76' lang='lat' dir='ltr'><strong>solvendusque</strong></span> <span class='ocrx_word' id='word_1_155' title='bbox 677 2124 778 2205; x_wconf 83' lang='lat' dir='ltr'><strong>utique</strong></span> <span class='ocrx_word' id='word_1_156' title='bbox 793 2123 988 2187; x_wconf 88' lang='lat' dir='ltr'><strong>Prometheus</strong></span> <span class='ocrx_word' id='word_1_157' title='bbox 1005 2119 1104 2194; x_wconf 88' lang='lat' dir='ltr'><strong>luerit,</strong></span> <span class='ocrx_word' id='word_1_158' title='bbox 1120 2118 1182 2180; x_wconf 83' lang='lat' dir='ltr'><strong>sive</strong></span> <span class='ocrx_word' id='word_1_159' title='bbox 1202 2118 1268 2179; x_wconf 92' lang='lat' dir='ltr'><strong>ubi·</strong></span> 
     </span>
     <span class='ocr_line' id='line_1_18' title="bbox 101 2221 1269 2308; baseline -0.009 -17"><span class='ocrx_word' id='word_1_160' title='bbox 101 2237 145 2290; x_wconf 87' lang='lat' dir='ltr'><strong>ret</strong></span> <span class='ocrx_word' id='word_1_161' title='bbox 159 2234 296 2291; x_wconf 88' lang='lat' dir='ltr'><strong>mortem</strong></span> <span class='ocrx_word' id='word_1_162' title='bbox 308 2226 408 2300; x_wconf 87' lang='lat' dir='ltr'><strong>Chiro,</strong></span> <span class='ocrx_word' id='word_1_163' title='bbox 423 2226 483 2288; x_wconf 84' lang='lat' dir='ltr'><strong>sive</strong></span> <span class='ocrx_word' id='word_1_164' title='bbox 492 2243 554 2289; x_wconf 84' lang='lat' dir='ltr'><strong>uon</strong></span> <span class='ocrx_word' id='word_1_165' title='bbox 571 2224 677 2290; x_wconf 88' lang='lat' dir='ltr'><strong>obiret:</strong></span> <span class='ocrx_word' id='word_1_166' title='bbox 692 2245 829 2308; x_wconf 84' lang='lat' dir='ltr'><strong>namque,</strong></span> <span class='ocrx_word' id='word_1_167' title='bbox 844 2225 903 2290; x_wconf 86' lang='lat' dir='ltr'><strong>nisi</strong></span> <span class='ocrx_word' id='word_1_168' title='bbox 914 2224 1038 2288; x_wconf 85' lang='lat' dir='ltr'><strong>solveret</strong></span> <span class='ocrx_word' id='word_1_169' title='bbox 1048 2221 1269 2294; x_wconf 83' lang='lat' dir='ltr'><strong>Prometheum,</strong></span> 
     </span>
     <span class='ocr_line' id='line_1_19' title="bbox 103 2323 1269 2411; baseline -0.009 -18"><span class='ocrx_word' id='word_1_170' title='bbox 103 2330 159 2411; x_wconf 80' lang='lat' dir='ltr'><strong>ipsi</strong></span> <span class='ocrx_word' id='word_1_171' title='bbox 177 2327 358 2393; x_wconf 85' lang='lat' dir='ltr'><strong>hnmiuebat</strong></span> <span class='ocrx_word' id='word_1_172' title='bbox 376 2326 540 2391; x_wconf 76' lang='lat' dir='ltr'><strong>inevitabile</strong></span> <span class='ocrx_word' id='word_1_173' title='bbox 559 2327 686 2391; x_wconf 80' lang='lat' dir='ltr'><strong>exitium</strong></span> <span class='ocrx_word' id='word_1_174' title='bbox 731 2329 809 2404; x_wconf 87' lang='lat' dir='ltr'><strong>lloe,</strong></span> <span class='ocrx_word' id='word_1_175' title='bbox 824 2329 941 2410; x_wconf 89' lang='lat' dir='ltr'><strong>opinor,</strong></span> <span class='ocrx_word' id='word_1_176' title='bbox 956 2346 1017 2390; x_wconf 89' lang='lat' dir='ltr'><strong>non</strong></span> <span class='ocrx_word' id='word_1_177' title='bbox 1033 2323 1191 2391; x_wconf 76' lang='lat' dir='ltr'><strong>mmeatatis</strong></span> <span class='ocrx_word' id='word_1_178' title='bbox 1207 2323 1269 2397; x_wconf 89' lang='lat' dir='ltr'><strong>luit,</strong></span> 
     </span>
     <span class='ocr_line' id='line_1_20' title="bbox 105 2429 1270 2512; baseline 0 -17"><span class='ocrx_word' id='word_1_179' title='bbox 105 2433 156 2495; x_wconf 89' lang='lat' dir='ltr'><strong>sed</strong></span> <span class='ocrx_word' id='word_1_180' title='bbox 170 2431 321 2495; x_wconf 83' lang='lat' dir='ltr'><strong>maximae</strong></span> <span class='ocrx_word' id='word_1_181' title='bbox 335 2429 479 2504; x_wconf 80' lang='lat' dir='ltr'><strong>vanitatis,</strong></span> <span class='ocrx_word' id='word_1_182' title='bbox 493 2429 529 2504; x_wconf 89' lang='lat' dir='ltr'><strong>si,</strong></span> <span class='ocrx_word' id='word_1_183' title='bbox 545 2430 595 2511; x_wconf 92' lang='lat' dir='ltr'><strong>qui</strong></span> <span class='ocrx_word' id='word_1_184' title='bbox 608 2450 713 2512; x_wconf 83' lang='lat' dir='ltr'><strong>reapse</strong></span> <span class='ocrx_word' id='word_1_185' title='bbox 727 2434 764 2495; x_wconf 84' lang='lat' dir='ltr'><strong>ad</strong></span> <span class='ocrx_word' id='word_1_186' title='bbox 775 2432 880 2496; x_wconf 69' lang='lat' dir='ltr'><strong>indus</strong></span> <span class='ocrx_word' id='word_1_187' title='bbox 891 2432 1026 2495; x_wconf 85' lang='lat' dir='ltr'><strong>reduetus</strong></span> <span class='ocrx_word' id='word_1_188' title='bbox 1041 2439 1071 2494; x_wconf 91' lang='lat' dir='ltr'><strong>et</strong></span> <span class='ocrx_word' id='word_1_189' title='bbox 1081 2432 1166 2511; x_wconf 87' lang='lat' dir='ltr'><strong>plane</strong></span> <span class='ocrx_word' id='word_1_190' title='bbox 1177 2432 1270 2495; x_wconf 77' lang='lat' dir='ltr'><strong>uiuus</strong></span> 
     </span>
     <span class='ocr_line' id='line_1_21' title="bbox 105 2532 1270 2615; baseline 0 -19"><span class='ocrx_word' id='word_1_191' title='bbox 105 2542 176 2609; x_wconf 87' lang='lat' dir='ltr'><strong>erat,</strong></span> <span class='ocrx_word' id='word_1_192' title='bbox 192 2533 328 2615; x_wconf 76' lang='lat' dir='ltr'><strong>speeiem</strong></span> <span class='ocrx_word' id='word_1_193' title='bbox 343 2540 442 2597; x_wconf 85' lang='lat' dir='ltr'><strong>tamen</strong></span> <span class='ocrx_word' id='word_1_194' title='bbox 455 2532 581 2614; x_wconf 86' lang='lat' dir='ltr'><strong>aliquam</strong></span> <span class='ocrx_word' id='word_1_195' title='bbox 595 2533 677 2597; x_wconf 88' lang='lat' dir='ltr'><strong>liberi</strong></span> <span class='ocrx_word' id='word_1_196' title='bbox 692 2533 803 2597; x_wconf 87' lang='lat' dir='ltr'><strong>arbitrii</strong></span> <span class='ocrx_word' id='word_1_197' title='bbox 815 2534 904 2598; x_wconf 87' lang='lat' dir='ltr'><strong>durae</strong></span> <span class='ocrx_word' id='word_1_198' title='bbox 919 2543 949 2597; x_wconf 93' lang='lat' dir='ltr'><strong>et</strong></span> <span class='ocrx_word' id='word_1_199' title='bbox 962 2534 1090 2615; x_wconf 74' lang='lat' dir='ltr'><strong>inqretm</strong></span> <span class='ocrx_word' id='word_1_200' title='bbox 1104 2534 1270 2599; x_wconf 85' lang='lat' dir='ltr'><strong>nemssitati</strong></span> 
     </span>
     <span class='ocr_line' id='line_1_22' title="bbox 106 2635 1270 2718; baseline 0.002 -20"><span class='ocrx_word' id='word_1_201' title='bbox 106 2644 290 2717; x_wconf 81' lang='lat' dir='ltr'><strong>praetextam</strong></span> <span class='ocrx_word' id='word_1_202' title='bbox 310 2644 439 2716; x_wconf 83' lang='lat' dir='ltr'><strong>cuperet</strong></span> <span class='ocrx_word' id='word_1_203' title='bbox 482 2635 583 2718; x_wconf 84' lang='lat' dir='ltr'><strong>Neque</strong></span> <span class='ocrx_word' id='word_1_204' title='bbox 602 2637 695 2717; x_wconf 76' lang='lat' dir='ltr'><strong>magis</strong></span> <span class='ocrx_word' id='word_1_205' title='bbox 721 2638 828 2700; x_wconf 89' lang='lat' dir='ltr'><strong>honori</strong></span> <span class='ocrx_word' id='word_1_206' title='bbox 847 2636 924 2700; x_wconf 83' lang='lat' dir='ltr'><strong>loris</strong></span> <span class='ocrx_word' id='word_1_207' title='bbox 952 2638 1120 2701; x_wconf 83' lang='lat' dir='ltr'><strong>consultum</strong></span> <span class='ocrx_word' id='word_1_208' title='bbox 1139 2637 1194 2700; x_wconf 91' lang='lat' dir='ltr'><strong>erit</strong></span> <span class='ocrx_word' id='word_1_209' title='bbox 1212 2637 1270 2700; x_wconf 90' lang='lat' dir='ltr'><strong>isto</strong></span> 
     </span>
     <span class='ocr_line' id='line_1_23' title="bbox 107 2737 1272 2821; baseline 0.002 -22"><span class='ocrx_word' id='word_1_210' title='bbox 107 2756 221 2819; x_wconf 88' lang='lat' dir='ltr'><strong>poenae</strong></span> <span class='ocrx_word' id='word_1_211' title='bbox 240 2737 415 2807; x_wconf 78' lang='lat' dir='ltr'><strong>simmamo,</strong></span> <span class='ocrx_word' id='word_1_212' title='bbox 436 2741 516 2819; x_wconf 92' lang='lat' dir='ltr'><strong>quod</strong></span> <span class='ocrx_word' id='word_1_213' title='bbox 534 2739 696 2803; x_wconf 83' lang='lat' dir='ltr'><strong>iniunctum</strong></span> <span class='ocrx_word' id='word_1_214' title='bbox 712 2739 890 2805; x_wconf 76' lang='lat' dir='ltr'><strong>Promessreo</strong></span> <span class='ocrx_word' id='word_1_215' title='bbox 909 2739 988 2819; x_wconf 87' lang='lat' dir='ltr'><strong>apud</strong></span> <span class='ocrx_word' id='word_1_216' title='bbox 1008 2740 1184 2821; x_wconf 78' lang='lat' dir='ltr'><strong>Aeschylum</strong></span> <span class='ocrx_word' id='word_1_217' title='bbox 1206 2759 1272 2802; x_wconf 87' lang='lat' dir='ltr'><strong>esse</strong></span> 
     </span>
     <span class='ocr_line' id='line_1_24' title="bbox 109 2839 1271 2922; baseline 0.001 -20"><span class='ocrx_word' id='word_1_218' title='bbox 109 2840 278 2903; x_wconf 75' lang='lat' dir='ltr'><strong>Athenaeus</strong></span> <span class='ocrx_word' id='word_1_219' title='bbox 299 2842 389 2902; x_wconf 90' lang='lat' dir='ltr'><strong>relert</strong></span> <span class='ocrx_word' id='word_1_220' title='bbox 406 2839 456 2902; x_wconf 86' lang='lat' dir='ltr'><strong>XV</strong></span> <span class='ocrx_word' id='word_1_221' title='bbox 476 2859 506 2920; x_wconf 90' lang='lat' dir='ltr'><strong>p.</strong></span> <span class='ocrx_word' id='word_1_222' title='bbox 529 2841 591 2903; x_wconf 84' lang='grc'><strong>674</strong></span> <span class='ocrx_word' id='word_1_223' title='bbox 610 2842 655 2916; x_wconf 82' lang='grc' dir='ltr'><strong>Β.,</strong></span> <span class='ocrx_word' id='word_1_224' title='bbox 673 2850 706 2903; x_wconf 89' lang='lat' dir='ltr'><strong>ut</strong></span> <span class='ocrx_word' id='word_1_225' title='bbox 724 2860 865 2904; x_wconf 85' lang='lat' dir='ltr'><strong>eoronam</strong></span> <span class='ocrx_word' id='word_1_226' title='bbox 885 2848 1013 2922; x_wconf 79' lang='lat' dir='ltr'><strong>gestaret</strong></span> <span class='ocrx_word' id='word_1_227' title='bbox 1038 2842 1068 2904; x_wconf 90' lang='lat' dir='ltr'><strong>in</strong></span> <span class='ocrx_word' id='word_1_228' title='bbox 1088 2841 1271 2905; x_wconf 79' lang='lat' dir='ltr'><strong>vinculorum</strong></span> 
     </span>
     <span class='ocr_line' id='line_1_25' title="bbox 108 2942 1272 3025; baseline 0.003 -21"><span class='ocrx_word' id='word_1_229' title='bbox 108 2943 299 3017; x_wconf 86' lang='lat' dir='ltr'><strong>memoriam,</strong></span> <span class='ocrx_word' id='word_1_230' title='bbox 313 2942 360 3005; x_wconf 86' lang='lat' dir='ltr'><strong>eui</strong></span> <span class='ocrx_word' id='word_1_231' title='bbox 373 2942 486 3005; x_wconf 88' lang='lat' dir='ltr'><strong>addunt</strong></span> <span class='ocrx_word' id='word_1_232' title='bbox 499 2942 545 3005; x_wconf 87' lang='lat' dir='ltr'><strong>alii</strong></span> <span class='ocrx_word' id='word_1_233' title='bbox 560 2944 702 3008; x_wconf 87' lang='lat' dir='ltr'><strong>annulum</strong></span> <span class='ocrx_word' id='word_1_234' title='bbox 718 2963 785 3007; x_wconf 86' lang='lat' dir='ltr'><strong>eum</strong></span> <span class='ocrx_word' id='word_1_235' title='bbox 800 2944 894 3025; x_wconf 89' lang='lat' dir='ltr'><strong>lapide</strong></span> <span class='ocrx_word' id='word_1_236' title='bbox 909 2944 992 3025; x_wconf 87' lang='lat' dir='ltr'><strong>palae</strong></span> <span class='ocrx_word' id='word_1_237' title='bbox 1007 2944 1120 3008; x_wconf 80' lang='lat' dir='ltr'><strong>incluso</strong></span> <span class='ocrx_word' id='word_1_238' title='bbox 1135 2945 1168 3008; x_wconf 89' lang='lat' dir='ltr'><strong>in</strong></span> <span class='ocrx_word' id='word_1_239' title='bbox 1182 2944 1272 3025; x_wconf 72' lang='lat' dir='ltr'><strong>digito</strong></span> 
     </span>
     <span class='ocr_line' id='line_1_26' title="bbox 110 3044 1273 3127; baseline 0.003 -19"><span class='ocrx_word' id='word_1_240' title='bbox 110 3045 297 3125; x_wconf 67' lang='lat' dir='ltr'><strong>putandum.</strong></span> <span class='ocrx_word' id='word_1_241' title='bbox 328 3044 445 3107; x_wconf 77' lang='lat' dir='ltr'><strong>Scilicet</strong></span> <span class='ocrx_word' id='word_1_242' title='bbox 459 3044 484 3107; x_wconf 88' lang='lat' dir='ltr'><strong>si</strong></span> <span class='ocrx_word' id='word_1_243' title='bbox 499 3062 626 3126; x_wconf 87' lang='lat' dir='ltr'><strong>poenam</strong></span> <span class='ocrx_word' id='word_1_244' title='bbox 640 3046 752 3127; x_wconf 87' lang='lat' dir='ltr'><strong>Iupiter</strong></span> <span class='ocrx_word' id='word_1_245' title='bbox 765 3047 880 3111; x_wconf 90' lang='lat' dir='ltr'><strong>remisit</strong></span> <span class='ocrx_word' id='word_1_246' title='bbox 894 3065 957 3110; x_wconf 90' lang='lat' dir='ltr'><strong>non</strong></span> <span class='ocrx_word' id='word_1_247' title='bbox 972 3057 1030 3111; x_wconf 86' lang='lat' dir='ltr'><strong>tam</strong></span> <span class='ocrx_word' id='word_1_248' title='bbox 1046 3068 1098 3112; x_wconf 89' lang='lat' dir='ltr'><strong>sua</strong></span> <span class='ocrx_word' id='word_1_249' title='bbox 1115 3048 1273 3123; x_wconf 84' lang='lat' dir='ltr'><strong>voluntate,</strong></span> 
     </span>
     <span class='ocr_line' id='line_1_27' title="bbox 111 3139 1272 3233; baseline 0.003 -23"><span class='ocrx_word' id='word_1_250' title='bbox 111 3167 202 3230; x_wconf 86' lang='lat' dir='ltr'><strong>quam</strong></span> <span class='ocrx_word' id='word_1_251' title='bbox 223 3147 402 3212; x_wconf 81' lang='lat' dir='ltr'><strong>nenessitate</strong></span> <span class='ocrx_word' id='word_1_252' title='bbox 421 3155 553 3221; x_wconf 70' lang='lat' dir='ltr'><strong>eosdm,</strong></span> <span class='ocrx_word' id='word_1_253' title='bbox 576 3139 659 3211; x_wconf 74' lang='lat' dir='ltr'><strong>tado</strong></span> <span class='ocrx_word' id='word_1_254' title='bbox 677 3139 809 3213; x_wconf 77' lang='grc' dir='ltr'><em>ἀέκοντί</em></span> <span class='ocrx_word' id='word_1_255' title='bbox 830 3166 867 3232; x_wconf 78' lang='lat' dir='ltr'><strong>ys</strong></span> <span class='ocrx_word' id='word_1_256' title='bbox 887 3147 1003 3233; x_wconf 76' lang='lat' dir='ltr'><strong>Puppi,</strong></span> <span class='ocrx_word' id='word_1_257' title='bbox 1025 3151 1272 3233; x_wconf 76' lang='lat' dir='ltr'><strong>quemadmodum</strong></span> 
     </span>
     <span class='ocr_line' id='line_1_28' title="bbox 113 3249 1274 3331; baseline 0.001 -18"><span class='ocrx_word' id='word_1_258' title='bbox 113 3251 284 3314; x_wconf 65' lang='lat' dir='ltr'><strong>mene</strong></span> <span class='ocrx_word' id='word_1_259' title='bbox 300 3249 419 3324; x_wconf 83' lang='lat' dir='ltr'><strong>videtm,</strong></span> <span class='ocrx_word' id='word_1_260' title='bbox 433 3250 487 3313; x_wconf 89' lang='lat' dir='ltr'><strong>ista</strong></span> <span class='ocrx_word' id='word_1_261' title='bbox 500 3268 612 3331; x_wconf 89' lang='lat' dir='ltr'><strong>poenae</strong></span> <span class='ocrx_word' id='word_1_262' title='bbox 626 3249 787 3313; x_wconf 84' lang='lat' dir='ltr'><strong>admonitio</strong></span> <span class='ocrx_word' id='word_1_263' title='bbox 802 3269 904 3315; x_wconf 89' lang='lat' dir='ltr'><strong>nonne</strong></span> <span class='ocrx_word' id='word_1_264' title='bbox 922 3253 981 3314; x_wconf 86' lang='lat' dir='ltr'><strong>hoo</strong></span> <span class='ocrx_word' id='word_1_265' title='bbox 1000 3254 1136 3316; x_wconf 81' lang='lat' dir='ltr'><strong>ellectum</strong></span> <span class='ocrx_word' id='word_1_266' title='bbox 1150 3261 1227 3327; x_wconf 90' lang='lat' dir='ltr'><strong>erat,</strong></span> <span class='ocrx_word' id='word_1_267' title='bbox 1241 3262 1274 3315; x_wconf 90' lang='lat' dir='ltr'><strong>ut</strong></span> 
     </span>
     <span class='ocr_line' id='line_1_29' title="bbox 112 3350 1274 3429; baseline 0.001 -11"><span class='ocrx_word' id='word_1_268' title='bbox 112 3354 300 3418; x_wconf 82' lang='lat' dir='ltr'><strong>meminisset</strong></span> <span class='ocrx_word' id='word_1_269' title='bbox 318 3352 404 3417; x_wconf 90' lang='lat' dir='ltr'><strong>simul</strong></span> <span class='ocrx_word' id='word_1_270' title='bbox 415 3350 615 3429; x_wconf 79' lang='lat' dir='ltr'><strong>Prometheuss</strong></span> <span class='ocrx_word' id='word_1_271' title='bbox 629 3352 777 3417; x_wconf 78' lang='lat' dir='ltr'><strong>saevitiem</strong></span> <span class='ocrx_word' id='word_1_272' title='bbox 796 3354 954 3418; x_wconf 82' lang='lat' dir='ltr'><strong>aduersarii</strong></span> <span class='ocrx_word' id='word_1_273' title='bbox 974 3373 1027 3418; x_wconf 88' lang='lat' dir='ltr'><strong>sua</strong></span> <span class='ocrx_word' id='word_1_274' title='bbox 1042 3355 1204 3419; x_wconf 79' lang='lat' dir='ltr'><strong>constantia</strong></span> <span class='ocrx_word' id='word_1_275' title='bbox 1215 3357 1274 3419; x_wconf 84' lang='lat' dir='ltr'><strong>ha·</strong></span> 
     </span>
     <span class='ocr_line' id='line_1_30' title="bbox 114 3455 1276 3539; baseline 0.003 -22"><span class='ocrx_word' id='word_1_276' title='bbox 114 3466 200 3531; x_wconf 80' lang='lat' dir='ltr'><strong>uam,</strong></span> <span class='ocrx_word' id='word_1_277' title='bbox 211 3475 349 3537; x_wconf 88' lang='lat' dir='ltr'><strong>eumque,</strong></span> <span class='ocrx_word' id='word_1_278' title='bbox 363 3455 412 3537; x_wconf 90' lang='lat' dir='ltr'><strong>qui</strong></span> <span class='ocrx_word' id='word_1_279' title='bbox 424 3475 458 3519; x_wconf 90' lang='lat' dir='ltr'><strong>se</strong></span> <span class='ocrx_word' id='word_1_280' title='bbox 467 3455 623 3521; x_wconf 89' lang='lat' dir='ltr'><strong>dominum</strong></span> <span class='ocrx_word' id='word_1_281' title='bbox 635 3456 738 3521; x_wconf 87' lang='lat' dir='ltr'><strong>mundi</strong></span> <span class='ocrx_word' id='word_1_282' title='bbox 750 3456 931 3537; x_wconf 79' lang='lat' dir='ltr'><strong>gloriaretur,</strong></span> <span class='ocrx_word' id='word_1_283' title='bbox 943 3464 1051 3531; x_wconf 77' lang='lat' dir='ltr'><strong>minen,</strong></span> <span class='ocrx_word' id='word_1_284' title='bbox 1066 3477 1103 3521; x_wconf 92' lang='lat' dir='ltr'><strong>ne</strong></span> <span class='ocrx_word' id='word_1_285' title='bbox 1113 3459 1276 3539; x_wconf 83' lang='lat' dir='ltr'><strong>privaretur</strong></span> 
     </span>
     <span class='ocr_line' id='line_1_31' title="bbox 114 3557 1275 3642; baseline 0 -20"><span class='ocrx_word' id='word_1_286' title='bbox 114 3578 217 3640; x_wconf 79' lang='lat' dir='ltr'><strong>requio,</strong></span> <span class='ocrx_word' id='word_1_287' title='bbox 231 3559 292 3639; x_wconf 87' lang='lat' dir='ltr'><strong>ipsi</strong></span> <span class='ocrx_word' id='word_1_288' title='bbox 307 3579 372 3623; x_wconf 88' lang='lat' dir='ltr'><strong>sese</strong></span> <span class='ocrx_word' id='word_1_289' title='bbox 386 3557 558 3622; x_wconf 86' lang='lat' dir='ltr'><strong>submittere</strong></span> <span class='ocrx_word' id='word_1_290' title='bbox 579 3559 733 3634; x_wconf 84' lang='lat' dir='ltr'><strong>debuisse;</strong></span> <span class='ocrx_word' id='word_1_291' title='bbox 753 3558 836 3623; x_wconf 85' lang='lat' dir='ltr'><strong>euius</strong></span> <span class='ocrx_word' id='word_1_292' title='bbox 851 3560 895 3623; x_wconf 88' lang='lat' dir='ltr'><strong>rei</strong></span> <span class='ocrx_word' id='word_1_293' title='bbox 910 3560 1085 3622; x_wconf 71' lang='lat' dir='ltr'><strong>memoriam</strong></span> <span class='ocrx_word' id='word_1_294' title='bbox 1105 3560 1229 3642; x_wconf 87' lang='lat' dir='ltr'><strong>iupiter,</strong></span> <span class='ocrx_word' id='word_1_295' title='bbox 1250 3560 1275 3623; x_wconf 89' lang='lat' dir='ltr'><strong>si</strong></span> 
     </span>
     <span class='ocr_line' id='line_1_32' title="bbox 114 3660 1275 3743; baseline -0.001 -16"><span class='ocrx_word' id='word_1_296' title='bbox 114 3680 177 3727; x_wconf 88' lang='lat' dir='ltr'><strong>non</strong></span> <span class='ocrx_word' id='word_1_297' title='bbox 191 3662 301 3725; x_wconf 73' lang='lat' dir='ltr'><strong>autam</strong></span> <span class='ocrx_word' id='word_1_298' title='bbox 316 3669 392 3736; x_wconf 87' lang='lat' dir='ltr'><strong>erat,</strong></span> <span class='ocrx_word' id='word_1_299' title='bbox 407 3660 600 3727; x_wconf 85' lang='lat' dir='ltr'><strong>oblitteratam</strong></span> <span class='ocrx_word' id='word_1_300' title='bbox 615 3663 716 3743; x_wconf 87' lang='lat' dir='ltr'><strong>potius</strong></span> <span class='ocrx_word' id='word_1_301' title='bbox 730 3680 817 3743; x_wconf 62' lang='lat' dir='ltr'><strong>mem</strong></span> <span class='ocrx_word' id='word_1_302' title='bbox 833 3671 1036 3727; x_wconf 84' lang='lat' dir='ltr'><strong>eonservatarn</strong></span> <span class='ocrx_word' id='word_1_303' title='bbox 1052 3662 1123 3725; x_wconf 83' lang='lat' dir='ltr'><strong>velle</strong></span> <span class='ocrx_word' id='word_1_304' title='bbox 1142 3662 1275 3727; x_wconf 81' lang='lat' dir='ltr'><strong>debebat</strong></span> 
     </span>
    </p>
   </div>
   <div class='ocr_carea' id='block_1_4' title="bbox 111 3887 1279 4548">
    <p class='ocr_par' dir='ltr' id='par_1_4' title="bbox 111 3887 1279 4473">
     <span class='ocr_line' id='line_1_33' title="bbox 181 3887 1276 3957; baseline 0 -17"><span class='ocrx_word' id='word_1_305' title='bbox 181 3887 225 3953; x_wconf 83' lang='lat'><strong>21)</strong></span> <span class='ocrx_word' id='word_1_306' title='bbox 245 3888 370 3940; x_wconf 75' lang='lat' dir='ltr'><strong>binantit</strong></span> <span class='ocrx_word' id='word_1_307' title='bbox 380 3902 395 3939; x_wconf 85' lang='lat' dir='ltr'><strong>a</strong></span> <span class='ocrx_word' id='word_1_308' title='bbox 407 3901 448 3938; x_wconf 87' lang='lat' dir='ltr'><strong>me</strong></span> <span class='ocrx_word' id='word_1_309' title='bbox 457 3887 615 3939; x_wconf 76' lang='lat' dir='ltr'><strong>hermannus</strong></span> <span class='ocrx_word' id='word_1_310' title='bbox 626 3904 651 3955; x_wconf 84' lang='lat' dir='ltr'><strong>p.</strong></span> <span class='ocrx_word' id='word_1_311' title='bbox 666 3888 697 3939; x_wconf 77' lang='lat' dir='ltr'><strong>ll</strong></span> <span class='ocrx_word' id='word_1_312' title='bbox 709 3890 785 3941; x_wconf 83' lang='lat' dir='ltr'><strong>etiam</strong></span> <span class='ocrx_word' id='word_1_313' title='bbox 796 3890 828 3940; x_wconf 89' lang='lat' dir='ltr'><strong>de</strong></span> <span class='ocrx_word' id='word_1_314' title='bbox 840 3890 1010 3957; x_wconf 69' lang='lat' dir='ltr'><strong>Apollodoro,</strong></span> <span class='ocrx_word' id='word_1_315' title='bbox 1026 3890 1097 3941; x_wconf 81' lang='lat' dir='ltr'><strong>euius</strong></span> <span class='ocrx_word' id='word_1_316' title='bbox 1109 3889 1196 3952; x_wconf 80' lang='lat' dir='ltr'><strong>verba,</strong></span> <span class='ocrx_word' id='word_1_317' title='bbox 1208 3888 1238 3954; x_wconf 92' lang='lat' dir='ltr'><strong>ll,</strong></span> <span class='ocrx_word' id='word_1_318' title='bbox 1251 3890 1276 3955; x_wconf 78' lang='lat'><strong>5,</strong></span> 
     </span>
     <span class='ocr_line' id='line_1_34' title="bbox 115 3969 1278 4047; baseline 0.003 -24"><span class='ocrx_word' id='word_1_319' title='bbox 115 3971 154 4037; x_wconf 86' lang='lat' dir='ltr'><strong>ll,</strong></span> <span class='ocrx_word' id='word_1_320' title='bbox 168 3972 215 4025; x_wconf 78' lang='lat'><strong>12:</strong></span> <span class='ocrx_word' id='word_1_321' title='bbox 233 3973 361 4047; x_wconf 73' lang='grc' dir='ltr'><strong>παρέσχε</strong></span> <span class='ocrx_word' id='word_1_322' title='bbox 372 3970 525 4043; x_wconf 61' lang='lat' dir='ltr'><strong>(Eporedia)</strong></span> <span class='ocrx_word' id='word_1_323' title='bbox 542 3972 581 4041; x_wconf 70' lang='grc' dir='ltr'><strong>τῷ</strong></span> <span class='ocrx_word' id='word_1_324' title='bbox 594 3972 650 4026; x_wconf 74' lang='lat' dir='ltr'><strong>Ait·</strong></span> <span class='ocrx_word' id='word_1_325' title='bbox 663 3976 793 4047; x_wconf 71' lang='grc' dir='ltr'><strong>Χείρωνα</strong></span> <span class='ocrx_word' id='word_1_326' title='bbox 804 3969 940 4042; x_wconf 73' lang='grc' dir='ltr'><strong>θνήσκειν</strong></span> <span class='ocrx_word' id='word_1_327' title='bbox 952 3969 1101 4029; x_wconf 70' lang='grc' dir='ltr'><strong>ἀθάνατον</strong></span> <span class='ocrx_word' id='word_1_328' title='bbox 1116 3970 1177 4028; x_wconf 75' lang='grc' dir='ltr'><strong>ἀντ’</strong></span> <span class='ocrx_word' id='word_1_329' title='bbox 1193 3973 1278 4026; x_wconf 79' lang='grc' dir='ltr'><strong><em>αὐτοῦ</em></strong></span> 
     </span>
     <span class='ocr_line' id='line_1_35' title="bbox 114 4057 1277 4130; baseline 0.002 -22"><span class='ocrx_word' id='word_1_330' title='bbox 114 4057 174 4121; x_wconf 77' lang='lat' dir='ltr'><strong>(rori</strong></span> <span class='ocrx_word' id='word_1_331' title='bbox 185 4062 290 4130; x_wconf 78' lang='grc' dir='ltr'><strong>Προμ.)</strong></span> <span class='ocrx_word' id='word_1_332' title='bbox 303 4061 437 4122; x_wconf 71' lang='grc' dir='ltr'><strong>θέλοντα,</strong></span> <span class='ocrx_word' id='word_1_333' title='bbox 455 4076 503 4127; x_wconf 66' lang='lat' dir='ltr'><strong>eqo</strong></span> <span class='ocrx_word' id='word_1_334' title='bbox 515 4076 539 4128; x_wconf 85' lang='lat' dir='ltr'><strong>p.</strong></span> <span class='ocrx_word' id='word_1_335' title='bbox 553 4058 595 4111; x_wconf 86' lang='grc'><strong>48.</strong></span> <span class='ocrx_word' id='word_1_336' title='bbox 608 4067 661 4111; x_wconf 86' lang='lat' dir='ltr'><strong>not.</strong></span> <span class='ocrx_word' id='word_1_337' title='bbox 673 4059 711 4111; x_wconf 89' lang='lat' dir='ltr'><strong>sie</strong></span> <span class='ocrx_word' id='word_1_338' title='bbox 722 4061 912 4129; x_wconf 82' lang='lat' dir='ltr'><strong>interpretanda</strong></span> <span class='ocrx_word' id='word_1_339' title='bbox 924 4061 985 4126; x_wconf 84' lang='lat' dir='ltr'><strong>dixi,</strong></span> <span class='ocrx_word' id='word_1_340' title='bbox 997 4077 1027 4113; x_wconf 89' lang='lat' dir='ltr'><strong>ae</strong></span> <span class='ocrx_word' id='word_1_341' title='bbox 1039 4061 1069 4126; x_wconf 86' lang='lat' dir='ltr'><strong>si,</strong></span> <span class='ocrx_word' id='word_1_342' title='bbox 1082 4076 1115 4113; x_wconf 80' lang='lat' dir='ltr'><strong>ex</strong></span> <span class='ocrx_word' id='word_1_343' title='bbox 1127 4060 1277 4128; x_wconf 77' lang='lat' dir='ltr'><strong>Apollodori</strong></span> 
     </span>
     <span class='ocr_line' id='line_1_36' title="bbox 114 4143 1277 4211; baseline -0.001 -16"><span class='ocrx_word' id='word_1_344' title='bbox 114 4144 211 4211; x_wconf 73' lang='lat' dir='ltr'><strong>qudem</strong></span> <span class='ocrx_word' id='word_1_345' title='bbox 223 4145 360 4211; x_wconf 75' lang='lat' dir='ltr'><strong>seruientia⁷</strong></span> <span class='ocrx_word' id='word_1_346' title='bbox 371 4146 526 4196; x_wconf 85' lang='lat' dir='ltr'><strong>moriendum</strong></span> <span class='ocrx_word' id='word_1_347' title='bbox 538 4143 687 4197; x_wconf 88' lang='lat' dir='ltr'><strong>Prometheo</strong></span> <span class='ocrx_word' id='word_1_348' title='bbox 700 4145 786 4209; x_wconf 86' lang='lat' dir='ltr'><strong>luerit,</strong></span> <span class='ocrx_word' id='word_1_349' title='bbox 799 4146 847 4197; x_wconf 87' lang='lat' dir='ltr'><strong>uisi</strong></span> <span class='ocrx_word' id='word_1_350' title='bbox 859 4145 934 4197; x_wconf 86' lang='lat' dir='ltr'><strong>Chiro</strong></span> <span class='ocrx_word' id='word_1_351' title='bbox 947 4147 1001 4198; x_wconf 88' lang='lat' dir='ltr'><strong>eius</strong></span> <span class='ocrx_word' id='word_1_352' title='bbox 1014 4147 1095 4198; x_wconf 83' lang='lat' dir='ltr'><strong>vicem</strong></span> <span class='ocrx_word' id='word_1_353' title='bbox 1107 4145 1197 4197; x_wconf 73' lang='lat' dir='ltr'><strong>obiret</strong></span> <span class='ocrx_word' id='word_1_354' title='bbox 1222 4143 1277 4211; x_wconf 87' lang='lat' dir='ltr'><strong>lpse</strong></span> 
     </span>
     <span class='ocr_line' id='line_1_37' title="bbox 113 4228 1279 4296; baseline 0 -17"><span class='ocrx_word' id='word_1_355' title='bbox 113 4228 176 4281; x_wconf 75' lang='lat' dir='ltr'><strong>nihil</strong></span> <span class='ocrx_word' id='word_1_356' title='bbox 195 4229 263 4280; x_wconf 79' lang='lat' dir='ltr'><strong>aliud</strong></span> <span class='ocrx_word' id='word_1_357' title='bbox 284 4228 337 4281; x_wconf 83' lang='lat' dir='ltr'><strong>illle</strong></span> <span class='ocrx_word' id='word_1_358' title='bbox 357 4229 443 4281; x_wconf 84' lang='lat' dir='ltr'><strong>verbis</strong></span> <span class='ocrx_word' id='word_1_359' title='bbox 464 4229 599 4295; x_wconf 64' lang='lat' dir='ltr'><strong>significari</strong></span> <span class='ocrx_word' id='word_1_360' title='bbox 621 4231 688 4296; x_wconf 83' lang='lat' dir='ltr'><strong>vult,</strong></span> <span class='ocrx_word' id='word_1_361' title='bbox 713 4231 761 4283; x_wconf 87' lang='lat' dir='ltr'><strong>nisi</strong></span> <span class='ocrx_word' id='word_1_362' title='bbox 781 4238 909 4283; x_wconf 89' lang='lat' dir='ltr'><strong>mortem</strong></span> <span class='ocrx_word' id='word_1_363' title='bbox 932 4231 1079 4283; x_wconf 84' lang='lat' dir='ltr'><strong>Chironis</strong></span> <span class='ocrx_word' id='word_1_364' title='bbox 1103 4230 1279 4283; x_wconf 82' lang='lat' dir='ltr'><strong>mer-eedem</strong></span> 
     </span>
     <span class='ocr_line' id='line_1_38' title="bbox 113 4308 1279 4385; baseline -0.002 -20"><span class='ocrx_word' id='word_1_365' title='bbox 113 4314 210 4365; x_wconf 79' lang='lat' dir='ltr'><strong>luisse</strong></span> <span class='ocrx_word' id='word_1_366' title='bbox 228 4315 408 4367; x_wconf 81' lang='lat' dir='ltr'><strong>solutionis</strong></span> <span class='ocrx_word' id='word_1_367' title='bbox 426 4315 604 4367; x_wconf 81' lang='lat' dir='ltr'><strong>eulaeulis.</strong></span> <span class='ocrx_word' id='word_1_368' title='bbox 640 4317 717 4385; x_wconf 78' lang='lat' dir='ltr'><strong>Atqui</strong></span> <span class='ocrx_word' id='word_1_369' title='bbox 735 4318 781 4367; x_wconf 86' lang='lat' dir='ltr'><strong>hoe</strong></span> <span class='ocrx_word' id='word_1_370' title='bbox 794 4317 816 4368; x_wconf 89' lang='lat' dir='ltr'><strong>si</strong></span> <span class='ocrx_word' id='word_1_371' title='bbox 828 4316 909 4369; x_wconf 88' lang='lat' dir='ltr'><strong>voluit</strong></span> <span class='ocrx_word' id='word_1_372' title='bbox 919 4317 1016 4385; x_wconf 82' lang='lat' dir='ltr'><strong>Apoll,</strong></span> <span class='ocrx_word' id='word_1_373' title='bbox 1035 4334 1084 4368; x_wconf 88' lang='lat' dir='ltr'><strong>non</strong></span> <span class='ocrx_word' id='word_1_374' title='bbox 1103 4311 1173 4368; x_wconf 77' lang='grc' dir='ltr'><strong>ἀντ’</strong></span> <span class='ocrx_word' id='word_1_375' title='bbox 1194 4308 1279 4364; x_wconf 78' lang='grc' dir='ltr'>αὐτοῦ</span> 
     </span>
     <span class='ocr_line' id='line_1_39' title="bbox 111 4394 560 4473; baseline 0.002 -22"><span class='ocrx_word' id='word_1_376' title='bbox 111 4400 158 4452; x_wconf 76' lang='lat' dir='ltr'><strong>aad</strong></span> <span class='ocrx_word' id='word_1_377' title='bbox 170 4394 253 4473; x_wconf 74' lang='lat' dir='ltr'><strong>iniq</strong></span> <span class='ocrx_word' id='word_1_378' title='bbox 265 4394 356 4454; x_wconf 73' lang='grc' dir='ltr'><em>αὐτοῦ</em></span> <span class='ocrx_word' id='word_1_379' title='bbox 367 4402 455 4454; x_wconf 68' lang='lat' dir='ltr'><strong>meere</strong></span> <span class='ocrx_word' id='word_1_380' title='bbox 466 4398 560 4453; x_wconf 84' lang='lat' dir='ltr'><strong>debuit.</strong></span> 
     </span>
    </p>

    <p class='ocr_par' dir='ltr' id='par_1_5' title="bbox 1030 4486 1072 4548">
     <span class='ocr_line' id='line_1_40' title="bbox 1030 4486 1072 4548; baseline 0 -33"><span class='ocrx_word' id='word_1_381' title='bbox 1030 4487 1050 4548; x_wconf 77' lang='grc'>8</span> <span class='ocrx_word' id='word_1_382' title='bbox 1060 4486 1072 4515; x_wconf 58' lang='lat' dir='ltr'><strong>d</strong></span> 
     </span>
    </p>
   </div>
   <div class='ocr_carea' id='block_1_5' title="bbox 0 0 1613 5136">
    <p class='ocr_par' dir='ltr' id='par_1_6' title="bbox 0 0 1613 5136">
     <span class='ocr_line' id='line_1_41' title="bbox 0 0 1613 5136; baseline 0 0"><span class='ocrx_word' id='word_1_383' title='bbox 0 0 1613 5136; x_wconf 95' lang='lat' dir='ltr'><strong> </strong></span> 
     </span>
    </p>
   </div>
  </div>
 </body>
</html>
