3276 5144
833 441 986 540 jes-

321 652 380 709 τος
394 626 588 716 ἐργάζονται
602 625 798 715 πνεύματος.
842 631 902 694 Sed
917 647 1007 694 omne
1021 631 1079 695 hee
1092 646 1186 713 genus
1200 629 1367 712 theurgicae
1378 648 1486 716 super·

323 735 452 799 stitionis
479 736 642 818 antiquitus
668 736 698 798 in
718 734 839 797 Graecia
859 736 993 816 ignotum
1017 732 1090 810 tuit,
1116 753 1151 798 se
1175 734 1339 816 posteriore
1364 735 1485 800 demum

322 846 417 903 aetate
430 839 588 914 invectum,
610 857 665 901 nee
685 839 782 901 seium
797 839 889 917 vuigo'
898 843 1079 918 susceptum,
1100 837 1152 900 sed
1167 836 1257 900 etiem
1272 857 1288 901 a
1303 837 1486 921 philosophis

326 942 500 1025 quibusdem
517 939 706 1004 delirantibus
721 941 878 1022 probatum
893 948 949 1003 est.

408 1044 486 1108 Heee
504 1044 661 1108 haetenus:
690 1044 749 1107 ism
771 1043 842 1107 iliud
862 1041 1009 1124 egendum
1028 1049 1090 1116 est,
1112 1043 1195 1107 euius
1215 1060 1303 1107 eausa
1321 1041 1395 1107 haee
1412 1062 1485 1126 pro·

324 1145 461 1211 lusimus.

407 1249 569 1313 indicimus
587 1249 676 1331 igitur
691 1249 777 1331 Regis
789 1247 994 1330 Angustissimi
1014 1248 1146 1311 natalicia
1161 1248 1208 1312 die
1218 1247 1338 1313 crastini
1353 1249 1419 1317 hor.
1430 1250 1484 1314 th

323 1352 354 1415 in
365 1353 512 1415 auditorio
527 1352 656 1433 maxime
672 1352 913 1416 abuniversitate
928 1358 1030 1415 nostre
1045 1352 1227 1426 celebranda,
1243 1370 1406 1433 omnesque
1417 1353 1485 1435 qui·

323 1472 440 1536 cunque
453 1454 542 1517 rebus
560 1454 670 1517 nostris
689 1454 798 1529 fetent,
820 1455 1008 1535 magistretus
1030 1455 1125 1534 regios
1144 1462 1176 1517 et
1193 1454 1320 1530 urbicos,
1343 1456 1440 1519 civiles
1454 1463 1485 1521 et

322 1557 474 1630 militares,
496 1574 660 1639 omnesque
681 1556 815 1620 omnium
839 1559 976 1621 ordinum
997 1557 1074 1621 cives
1088 1565 1177 1639 atque
1192 1558 1324 1639 hospites
1337 1566 1373 1620 ut
1384 1558 1484 1621 eeetui

322 1669 427 1723 nostre
443 1661 614 1741 frequentes
628 1660 730 1724 edesse
746 1661 834 1724 velint
848 1680 906 1743 que
921 1661 1005 1724 decet
1019 1659 1202 1725 observantie
1216 1667 1247 1723 et
1259 1661 1421 1725 reverentie
1435 1661 1484 1724 in·

223 1758 225 1763 ’
323 1763 459 1825 vitamus.

409 1863 556 1929 neamus
571 1863 819 1950 Gryphiswatdiae
832 1883 858 1930 e
873 1867 902 1929 d.
918 1865 983 1930 xiv
997 1884 1039 1931 m.
1054 1865 1159 1931 ecee.
1173 1832 1397 1933 neeeeevm.
