3190 5136
678 472 738 533 177

607 561 808 569 m.-...-—

114 666 339 738 exaequaretur,
352 676 446 738 eaque
460 656 652 737 transpositio
668 664 748 718 tanto
763 656 861 719 minus
873 654 1071 737 improbabilis
1086 657 1175 719 videri
1186 654 1280 731 debet,

116 760 196 840 qnod
210 761 245 821 in
260 760 366 822 codice
381 760 469 822 Fam.
485 759 623 841 particula
638 768 708 839 post
720 751 937 839 χρυσόπαστα
950 758 1038 839 plane
1048 776 1110 820 non
1122 770 1278 839 comparet.

115 860 211 923 Porro
241 863 362 924 oodioes
393 862 505 924 babent
529 854 775 943 παλιντρόποις
797 850 925 940 όμμασι
946 851 1087 937 λιποῢά,
1111 880 1184 942 quae
1209 862 1278 923 item
1297 872 1330 923 33

115 964 329 1044 responsionis
345 982 431 1028 musa
445 965 665 1045 transponenda
679 964 798 1026 luerunt
808 967 815 1004 ¹
827 964 868 1040 ⁰).
898 962 1027 1023 Eandem
1042 960 1081 1024 ob
1092 980 1209 1025 causam
1224 981 1280 1044 pro

117 1059 198 1128 ὅσια
215 1066 328 1147 scripsi
349 1059 545 1149 όσιότροπα,
564 1065 740 1127 vocabulum
758 1064 825 1126 licet
839 1063 908 1126 alias
928 1064 1053 1126 fortasse
1079 1082 1140 1127 non
1164 1066 1280 1140 lectum,

117 1177 194 1230 recte
210 1176 316 1230 tamen
329 1170 498 1241 formatum,
514 1175 547 1230 ut
560 1159 800 1249 ὁμοιότροπος,
823 1160 1038 1250 κακότροπος,
1061 1158 1282 1249 αἶολότροπος

118 1279 147 1330 et
161 1270 289 1331 similia:
306 1288 395 1350 quam
408 1271 490 1331 facile
505 1278 602 1332 autem
617 1270 692 1331 duae
706 1269 830 1350 syllabae
843 1277 1010 1350 postremae
1020 1278 1141 1350 propter
1154 1285 1281 1348 sepiens

119 1390 205 1452 προς
219 1406 265 1417 -
281 1372 413 1434 excidere
427 1374 584 1452 posuerint,
600 1372 631 1433 in
645 1379 747 1452 aperto
759 1380 812 1433 est
842 1371 971 1452 benique
991 1371 1070 1453 quod
1084 1370 1115 1433 in
1131 1369 1279 1432 codicibus

119 1472 223 1552 legitur
236 1473 301 1535 τοῦ
314 1482 386 1553 post
400 1466 565 1555 προσέβα,
585 1472 739 1535 articulum
759 1475 818 1536 buc
835 1493 870 1535 er
890 1481 1031 1553 sequente
1051 1490 1136 1533 versu
1161 1473 1279 1533 venisse

120 1572 313 1636 dermannus
339 1581 453 1649 censet,
479 1594 569 1656 quum
595 1593 685 1655 supra
711 1574 838 1656 scriptus
857 1584 935 1637 esset
953 1574 990 1637 ad
1008 1568 1169 1638 πλοότοαε
1192 1573 1279 1654 idque

122 1674 198 1738 baud
212 1676 305 1738 dubie
319 1694 420 1739 verum
436 1684 491 1738 est

204 1777 241 1838 ln
256 1779 423 1858 anapaestis
438 1778 521 1840 chori
538 1780 789 1859 Agamemnonem
809 1780 1007 1842 advenientem
1024 1779 1175 1842 salutantis
1201 1778 1279 1859 quod

121 1877 225 1957 legitur
254 1897 282 1940 v.
314 1878 388 1953 769,
416 1872 547 1962 θάρσος
571 1874 723 1944 ἑκούσιον
751 1872 891 1963 ἀνδράσι
916 1874 1099 1963 θνήσκουσι
1127 1872 1278 1960 κομίζων,

120 1978 311 2042 Hermannus
330 1980 547 2062 interpretando
567 1983 643 2045 tueri
661 1992 783 2045 conatus
801 1991 858 2044 est:
878 1982 986 2044 dictum
1006 1982 1084 2044 enim
1099 2001 1164 2044 esse
1179 1981 1279 2043 acerbe

120 2081 157 2143 de
170 2083 324 2144 mortifera
337 2084 532 2164 expeditione,
547 2085 659 2147 vexisse
672 2086 920 2164 Agamemnonem
937 2085 989 2162 (ad
1004 2084 1138 2161 Troiam)
1156 2091 1278 2163 sponta-

114 2202 210 2245 neam
224 2184 373 2246 audaciam
388 2186 466 2246 mori
482 2185 644 2247 volentibus
659 2187 738 2247 viris.
767 2185 829 2265 Ego
841 2185 913 2247 mihi
924 2186 996 2247 baec
1007 2202 1067 2246 non
1080 2186 1178 2248 minus
1189 2204 1277 2265 quam

115 2303 225 2364 gruem
239 2285 367 2348 obscura
382 2306 448 2349 esse
462 2287 568 2359 fateor,
584 2305 675 2367 quum
689 2304 783 2368 neque
797 2287 847 2367 qui
864 2286 923 2347 sint
937 2286 976 2349 illi
991 2286 1067 2349 mori
1082 2286 1210 2348 volentes
1224 2286 1277 2348 viri

113 2386 288 2465 intelligam,
303 2387 410 2467 quibus
421 2386 601 2468 Agamemno
618 2397 810 2468 spontaneam
825 2387 974 2450 audaciam
989 2389 1024 2451 ad
1036 2389 1153 2450 Troiam
1160 2389 1278 2463 rexerit,

111 2506 218 2567 neque
236 2488 404 2550 volentes
422 2489 514 2551 mori
532 2497 686 2570 propterea
706 2489 762 2550 iam
779 2489 980 2553 morientes
995 2490 1050 2552 dici
1065 2491 1198 2571 potuisse
1213 2508 1277 2553 cre·

113 2590 202 2652 dam.
230 2588 389 2650 verissime
403 2590 450 2652 alii
465 2591 657 2652 emendarunt
678 2585 808 2672 θράσος
829 2583 1003 2655 άκοόσιονε
1025 2600 1054 2653 et
1067 2585 1198 2675 θράσος
1212 2592 1277 2672 qui-

112 2692 191 2753 dem
207 2691 294 2752 etiam
309 2691 339 2752 iu
355 2692 419 2753 cod.
434 2691 512 2753 Flor.
529 2693 670 2772 scriptum
685 2702 743 2766 est,
757 2692 936 2774 reliquemmt
950 2702 1046 2755 autem
1061 2694 1191 2775 ineptum
1208 2694 1277 2756 illud

110 2785 320 2877 θνήσκουσι,
342 2793 507 2873 pariterque
521 2794 557 2856 de
572 2794 761 2856 morituris
776 2804 826 2856 aut
839 2795 916 2857 mori
930 2813 990 2857 non
1005 2795 1206 2857 recusantibus
1221 2795 1278 2858 dici

110 2895 258 2975 potuisse
286 2893 397 2975 opinati
419 2902 495 2956 sunt.
536 2895 605 2956 ldibi
626 2913 799 2975 persuasum
819 2905 865 2958 est
884 2897 1059 2977 Aeschylum
1077 2904 1136 2959 tam
1157 2895 1279 2958 mirifice

110 3014 185 3058 non
211 2996 367 3075 loquutum
392 3015 471 3069 esse,
498 2996 550 3057 sed
581 2996 624 3059 sic
652 2997 765 3077 potius:
794 2991 925 3079 θράσος
945 2989 1103 3061 desdam
1124 2989 1281 3079 άνόράσιν

110 3091 313 3160 &amotos
333 3089 485 3178 κομίζων.
508 3097 538 3159 b.
557 3116 583 3159 s.
609 3099 789 3161 audaciam
812 3099 1088 3162 involuntariam
1120 3100 1280 3161 alterans

110 3206 160 3275 (s.
178 3198 392 3278 iniungens)
407 3197 495 3259 viris
509 3199 808 3275 detrectantibus,
830 3208 863 3261 ut
882 3201 1065 3280 significetur
1090 3202 1166 3263 cives
1193 3202 1279 3263 etiam

110 3302 233 3364 invitos
253 3319 271 3361 a
290 3318 357 3380 rege
376 3308 495 3362 coactos
514 3319 579 3363 esse
599 3302 634 3364 ad
654 3301 878 3382 expeditionem.
920 3303 962 3363 Ex
987 3294 1170 3366 άποκνοόσι
1189 3320 1281 3382 quum

111 3395 345 3466 ἀποθανοῦσι
358 3403 467 3464 lactum
482 3410 573 3477 esset,
589 3404 647 3466 boc
662 3412 843 3466 correctores
858 3414 982 3484 propter
996 3413 1121 3467 metrum
1135 3403 1205 3466 ferri
1219 3422 1280 3465 non

110 3523 215 3586 posse
230 3503 420 3584 intelligentes
434 3505 464 3566 in
477 3498 663 3589 θνήσκουσι
677 3512 835 3567 mutarunt.
880 3504 1019 3568 Coniiciat
1035 3505 1138 3584 aliquis
1159 3495 1281 3588 άνόρά-

111 3626 174 3669 οιν
201 3596 347 3681 ὀκνοῦσί,
370 3624 461 3686 quum
479 3606 591 3669 facilius
609 3607 694 3669 etiam
711 3598 843 3669 ὀκνοῦσι
857 3607 888 3668 in
901 3608 1045 3670 θανοῦσι
1060 3606 1209 3685 cornnupi
1222 3625 1280 3685 po-

112 3707 226 3779 tnerit,
242 3713 274 3767 et
287 3705 330 3767 sic
341 3700 526 3791 θνήσκουσι
541 3728 558 3769 a
570 3707 784 3771 correctoribus
795 3707 881 3788 poni‚·
895 3709 946 3770 sed
960 3726 1023 3770 non
1038 3708 1124 3771 credo
1136 3708 1281 3770 tamenab

111 3808 271 3888 Aeschylo
285 3807 408 3887 primam
422 3808 498 3871 illius
512 3809 592 3871 verbi
608 3810 744 3891 syllabam
759 3809 794 3871 in
808 3809 901 3871 thesi
917 3810 1090 3891 productam
1106 3827 1180 3871 esse.

210 3909 246 3971 ln
262 3909 395 3989 proximo
410 3911 538 3974 diverbio
554 3911 795 3992 Clytaemnestrae
809 3920 839 3973 et
853 3911 1096 3991 Agamemnonis,
1110 3910 1189 3992 quod
1204 3910 1281 3974 illam

195 4205 240 4269 td)
258 4203 296 4255 Ne
307 4206 345 4257 rio
356 4205 455 4272 quidam
466 4205 540 4272 plane
552 4205 688 4272 respondet
700 4205 826 4271 stropbieo
838 4204 1020 4271 antistropbns,
1038 4205 1060 4256 si
1071 4203 1173 4259 νέατον
1183 4218 1208 4254 v.
1218 4216 1284 4255 νεα-

112 4288 173 4364 ρόν
187 4305 237 4356 pro
256 4296 389 4356 impresso
407 4289 520 4341 babetur.
545 4289 596 4340 Sed
612 4289 696 4355 licuit,
714 4290 814 4356 opinor,
830 4289 959 4356 Aeschylo
972 4290 1019 4339 boe
1031 4305 1078 4357 per
1094 4287 1224 4358 synlresin
1237 4300 1284 4349 pro

113 4375 209 4426 iambo
226 4388 360 4441 usurpare,
383 4375 448 4442 qnod
464 4389 544 4438 genus
561 4374 724 4441 synizeseos,
740 4375 851 4442 quamvis
869 4388 963 4439 rarum,
982 4382 1131 4426 nontamen
1149 4368 1286 4422 mauditum

1 4453 2 4458 ’
115 4476 183 4512 esse
194 4457 350 4511 llermaanns
362 4466 456 4523 monet,
468 4456 549 4510 Elem.
562 4458 641 4509 doctr.
653 4466 726 4510 metr.
739 4474 765 4526 p.
778 4458 820 4510 53.

163 4544 216 4606 lli
1048 4543 1087 4603 12
