3164 5138
842 426 884 494 62

284 612 311 674 is
324 605 521 697 μουνογενής
534 612 598 687 erit
613 612 753 694 quoniam
768 612 850 674 solus
865 622 926 689 est,
945 613 1023 674 idem
1042 618 1138 674 autem
1159 604 1284 691 ἕτερος,
1304 618 1445 690 respectu

284 714 434 793 patris,‘in
448 715 532 777 cuius
546 716 645 778 locum
660 734 852 778 successurus
868 724 927 790 est,
942 716 1014 778 alter
1033 716 1141 776 domus
1161 731 1329 794 possessor.
1372 713 1446 774 Non

284 816 431 896 displicuit
444 817 517 879 haec
530 818 730 898 interpretatio
745 818 859 880 Ranldo
875 837 905 898 p.
921 819 972 891 24,
987 836 1043 881 nec
1058 818 1204 897 discrepat
1218 815 1254 879 ab
1268 835 1302 878 ca
1312 816 1444 878 Doeder-

282 918 370 991 linus,
386 918 422 980 de
436 938 495 999 quo
510 919 696 981 Hermannus
712 919 784 981 dixit
798 919 828 982 in
844 920 956 981 diurnis
968 919 1138 1000 antiquariis
1150 938 1217 982 aun.
1233 918 1314 981 1836
1325 939 1355 999 p.
1368 917 1443 980 532.

282 1021 351 1082 Mihi
371 1022 457 1083 talem
477 1023 653 1084 sententiam
672 1041 710 1083 ne
730 1021 877 1102 pessimus
897 1021 1015 1102 quidem
1037 1030 1066 1083 et
1087 1022 1330 1084 indisertissimus
1352 1028 1444 1100 poeta

284 1124 327 1185 sic
351 1123 464 1186 videtur
488 1143 680 1204 expressurus
702 1125 809 1199 fuisse,
835 1124 966 1205 nihilque
990 1131 1100 1186 restare
1119 1131 1209 1205 puto,
1235 1122 1292 1185 nisi
1314 1130 1347 1184 ut
1372 1141 1444 1184 cum

282 1226 427 1288 veteribus
448 1226 553 1289 criticis
572 1228 652 1290 hunc
672 1247 788 1289 versum
807 1228 838 1288 in
857 1228 916 1289 hoc
941 1227 1057 1308 quidem
1080 1232 1216 1289 contextu
1241 1215 1443 1306 ἀδιανόητον

282 1349 348 1390 esse
362 1331 513 1392 fateamur.
535 1366 578 1375 —
602 1331 660 1392 Sed
677 1340 722 1393 est
736 1337 883 1412 praeterea
897 1328 1094 1391 memorabilis
1116 1328 1258 1409 quaedam
1279 1326 1443 1406 scripturae

283 1430 433 1493 diversitas
449 1431 480 1493 in
495 1451 583 1494 versu
597 1432 703 1512 primo,
717 1451 808 1512 quum
824 1431 853 1491 in
868 1430 1013 1512 plerisque
1027 1429 1176 1492 codicibus
1190 1429 1266 1491 sicut
1280 1429 1311 1491 in
1332 1426 1440 1490 editio-

282 1533 368 1594 nibus
382 1541 448 1594 ante
462 1533 697 1596 Gaislordianam
713 1534 851 1595 omnibus
869 1551 930 1597 non
952 1524 1004 1616 εἴη
1025 1533 1169 1613 scriptum
1191 1533 1242 1606 sit,
1257 1532 1307 1595 sed
1323 1524 1438 1608 σώζοι.

282 1636 346 1697 Ηοσ
361 1635 553 1715 Goettlingius
568 1635 605 1697 ab
620 1636 657 1698 iis
671 1636 836 1715 proiectum
851 1653 917 1697 esse
932 1634 1039 1709 subiit,
1055 1634 1104 1715 qui
1115 1634 1262 1697 brevitatis
1277 1653 1363 1698 causa
1373 1652 1437 1697 uno

282 1757 368 1802 versu
383 1758 471 1820 quarn
486 1737 601 1799 duobus
617 1737 653 1799 de
667 1737 768 1799 eadem
783 1755 815 1797 re
829 1736 871 1797 uti
886 1736 1015 1798 mallent:
1030 1735 1103 1797 mihi
1117 1735 1300 1816 probabilius
1315 1736 1437 1811 ridetur,

281 1832 333 1926 εἴη
348 1861 403 1923 pro
419 1834 521 1917 σώζοι
535 1839 571 1901 ab
587 1840 683 1918 aliquo
698 1839 908 1919 interpolatore
923 1840 1066 1919 scriptum
1081 1858 1155 1913 esse,
1172 1839 1220 1919 qui
1231 1846 1335 1918 poetae
1349 1836 1438 1900 rerba

281 1943 312 2004 in
341 1944 427 2005 aliam
456 1940 629 2003 sententiam
659 1942 852 2022 detorqueret.
900 1942 989 2003 Poeta
1018 1944 1076 2006 hoc
1104 1941 1189 2003 dixit:
1223 1959 1315 2003 unum
1344 1940 1437 2002 fllium

282 2045 443 2124 optandum
458 2063 524 2106 esse
546 2043 582 2105 ad
603 2045 832 2106 conservandam
852 2043 974 2105 domum
987 2044 1112 2124 patriam
1128 2062 1153 2104 s.
1168 2042 1307 2123 stirpem,
1328 2042 1439 2104 sedicet

281 2165 318 2208 ne
332 2165 366 2208 ea
384 2146 528 2208 interiret:
545 2145 576 2207 id
595 2144 674 2207 enim
697 2144 841 2224 significat
862 2137 979 2220 σώζειν
998 2140 1055 2207 cdv
1076 2132 1182 2223 οἶκον,
1204 2153 1234 2206 et
1251 2145 1368 2206 interire
1383 2145 1438 2207 aii-

280 2266 368 2327 quam
387 2248 509 2309 domum
529 2245 609 2307 nullo
630 2246 738 2308 herede
761 2245 861 2307 relicto
887 2246 918 2306 in
944 2247 1078 2308 maximis
1104 2247 1189 2309 malis
1214 2247 1345 2310 habitum
1370 2266 1438 2309 esse

281 2358 405 2411 constat.
436 2349 550 2410 Unum
565 2355 663 2410 autem
674 2348 765 2410 tilium
777 2348 857 2423 dixit,
871 2348 1010 2429 quoniam
1020 2349 1056 2411 ad
1069 2350 1296 2411 conservandam
1313 2350 1438 2412 domum

280 2451 411 2531 pluribus
426 2468 487 2512 non
503 2468 578 2530 opus
593 2459 645 2523 est,
659 2450 752 2511 immo
767 2457 896 2528 praestat
910 2467 1002 2511 unum
1017 2470 1091 2523 esse,
1107 2469 1144 2512 ne
1159 2452 1238 2514 bona
1252 2452 1328 2513 inter
1338 2453 1438 2532 plures

280 2553 371 2616 divisa
385 2552 563 2615 minuantur.
607 2550 763 2613 Proximos
778 2559 875 2612 autem
895 2550 971 2613 duos
986 2570 1102 2621 versus,
1117 2552 1179 2614 377
1199 2564 1228 2614 ct
1250 2552 1326 2627 378,
1351 2562 1384 2615 ut
1405 2554 1437 2616 in

281 2654 456 2735 quibusdam
484 2655 551 2716 olim
579 2654 793 2735 exemplaribus
818 2672 880 2717 non
904 2654 995 2717 lectos
1017 2674 1084 2716 esse
1107 2655 1236 2729 credam,
1262 2655 1437 2717 scholiastae

279 2756 374 2819 verbis
389 2757 529 2831 adducor,
544 2757 602 2837 qui,
617 2765 810 2837 posteaquam
821 2776 939 2820 versum
950 2758 1087 2839 primum,
1103 2758 1208 2820 denno
1219 2758 1281 2819 lilio
1298 2757 1437 2837 optando,

280 2859 493 2921 criminandum
509 2859 598 2921 videri
614 2878 704 2939 posse
718 2860 806 2932 dixit,
829 2868 862 2922 ut
876 2860 1016 2940 scriptum
1032 2860 1068 2922 ah
1083 2860 1262 2939 indignante,
1278 2861 1358 2941 quod
1372 2879 1435 2922 non

280 2981 312 3023 se
335 2964 432 3024 solum
452 2970 535 3042 pater
556 2962 762 3041 procreaverit,
787 2962 824 3023 ad
845 2962 1011 3025 diluendam
1031 2962 1175 3025 eiusmodi
1201 2962 1436 3025 criminationem

280 3065 411 3146 primum
422 3064 476 3127 alia
490 3066 616 3143 profert,
636 3083 709 3145 quae
730 3064 822 3143 repeti
841 3064 900 3127 hoc
916 3064 982 3126 loco
1002 3064 1075 3127 nibil
1088 3066 1203 3140 attinet,
1219 3066 1324 3128 deinde
1337 3075 1436 3127 autem

281 3167 375 3228 addit:
390 3161 430 3228 τὸ
453 3159 489 3227 δέ
512 3156 671 3244 ἑπόμενον
691 3159 856 3244 στιχίδιον
877 3158 930 3229 ἔτι
950 3160 1073 3247 μᾶλλον
1094 3162 1163 3231 δόσι
1184 3164 1241 3253 νῆν
1263 3163 1435 3253 διαβολήν.

280 3268 312 3330 ld
327 3268 363 3330 ad
374 3287 449 3342 eum,
465 3268 516 3347 qui
525 3267 557 3330 in
567 3268 678 3329 nostris
689 3268 867 3330 editionibus
879 3270 1019 3350 sequitur,
1031 3270 1204 3333 versiculum
1216 3270 1361 3351 pertinere
1372 3288 1437 3332 non

233 3382 263 3433 21
285 3390 376 3452 posse
390 3370 575 3433 manifestum
587 3379 647 3432 est:
659 3371 809 3433 namnihil
823 3381 868 3433 est
882 3372 912 3433 in
927 3372 994 3445 hoc,
1009 3373 1088 3451 quod
1104 3373 1335 3435 criminationem
1346 3374 1434 3436 istam

282 3473 390 3535 diluere
409 3472 517 3553 possit:
537 3491 631 3554 neque
645 3473 737 3553 magis
753 3475 789 3536 ad
805 3474 940 3548 tertium,
954 3494 1043 3554 quem
1065 3465 1263 3560 ἀδιανόητον
1284 3484 1314 3537 et
1327 3476 1363 3537 ab
1377 3476 1438 3537 hoc

280 3584 419 3637 contextu
432 3575 557 3637 alienum
572 3595 638 3638 esse
652 3576 789 3639 vidimus.
823 3576 950 3639 Pertinet
965 3576 1028 3639 sine
1042 3577 1131 3640 dubio
1146 3578 1183 3640 ed
1198 3596 1276 3653 eum,
1292 3577 1340 3659 qui
1355 3596 1437 3640 nunc

281 3687 401 3758 quartus
417 3686 471 3751 est,

344 3778 416 3864 ῥεῖα
438 3771 476 3841 δέ
495 3766 557 3868 cdiv
579 3772 753 3845 πλεόνεσσι
774 3773 877 3867 πόροι
898 3776 983 3858 Zeis
1004 3770 1148 3847 όσιιεσον
1170 3771 1346 3865 iiddom),

282 3881 372 3964 quisi
388 3883 486 3945 statim
501 3883 605 3964 excipit
619 3884 699 3947 illum

348 4251 389 4319 31)
408 4253 434 4305 ln
447 4255 518 4306 codd.
530 4252 587 4304 aliis
599 4251 649 4301 καί
657 4245 715 4300 aliis
727 4260 774 4301 νιν
786 4249 905 4314 scriptum
916 4253 965 4302 est.
989 4246 1144 4303 hemardus
1157 4251 1182 4302 in
1194 4244 1438 4306 Zimmcrm.1)iuru.

280 4342 374 4409 antiqu.
390 4340 454 4390 1836
466 4357 489 4407 p.
504 4339 552 4391 532
565 4336 706 4405 proposuit:
719 4333 769 4405 ῥέα
780 4331 815 4387 δέ
824 4350 855 4386 κε
866 4339 915 4387 καί
923 4364 965 4388 -.
994 4335 1055 4389 hlihi
1065 4333 1130 4400 νόν,
1148 4338 1210 4390 lieet
1220 4339 1252 4390 ob
1264 4338 1365 4389 Homeri
1378 4354 1438 4390 ser-

280 4443 352 4482 mone
362 4426 479 4490 ahenum,
491 4424 522 4475 ab
533 4424 571 4475 his
583 4420 714 4474 Hesiodeis
726 4428 808 4473 tamen
820 4436 869 4473 non
886 4423 1020 4475 arcendum
1030 4423 1140 4477 videtur.
1164 4422 1202 4476 (ΞΥ.
1214 4440 1241 4477 v.
1253 4423 1313 4477 tot.
