3222 5148
711 397 863 495 Q

205 588 305 669 legum
320 585 473 668 obsequio,
489 585 714 667 magistratuum
730 586 905 660 reverentia,
919 584 1031 670 patriae
1046 582 1173 657 caritate,
1188 581 1271 646 omni
1285 581 1372 645 deni·

206 709 264 773 qne
279 690 385 752 virtute
407 689 483 753 cirili
502 696 669 753 ceterorum
684 690 863 753 Graecorum
885 691 970 770 longe
989 686 1258 771 praestantissimos
1276 684 1373 749 luisse

207 810 301 875 quam
319 799 431 854 soteres
451 794 611 877 scriptores
632 800 793 865 testantur,
813 800 878 855 turn
920 810 977 854 nos
1004 791 1137 853 omnium
1169 788 1374 851 lubentissime

205 899 391 961 conlitemur.
414 897 501 959 Hunc
515 903 615 959 tamen
630 897 847 970 Parnasium),
862 915 954 978 quum
969 894 1118 975 ingenium
1134 892 1197 953 eius
1213 909 1375 973 moresque

203 1000 320 1082 pictura
333 1000 498 1081 exprimere
513 1006 685 1075 conaretur,
707 999 835 1079 pinxisse
857 998 953 1060 lertur
973 997 1101 1070 varium,
1122 994 1308 1067 iracundum,
1323 994 1373 1055 in-

203 1103 326 1178 iustum,
338 1102 568 1172 inconstantem,
583 1101 770 1181 eundemque
792 1100 985 1176 exorabilem,
1001 1100 1187 1173 clementem,
1201 1096 1372 1159 misericor-

204 1206 288 1278 dem,
304 1205 482 1285 gloriosum,
493 1203 653 1281 humilem,
668 1203 815 1279 leroccm,
829 1204 979 1283 fugacem,
994 1204 1052 1266 boo
1065 1209 1112 1264 est
1126 1201 1211 1263 bonis
1226 1199 1373 1281 malisque

204 1306 1254 1389 mixtnmipsumqnesuisaepedissimilemaciacileinutrarnquepartcm
1262 1302 1374 1384 impul-

204 1430 282 1485 sum,
293 1416 382 1492 prout
392 1410 536 1473 autbonis
548 1415 599 1473 aut
609 1411 694 1472 malis
706 1409 834 1472 consiliis
846 1408 1066 1489 obsequeretur,
1080 1409 1283 1491 aptioremque
1294 1405 1373 1469 baad

203 1512 291 1577 dubie
304 1515 353 1594 qui
364 1523 516 1595 regeretur
526 1532 543 1575 a
554 1513 791 1596 sapientioribus,
807 1531 897 1594 quarn
910 1513 960 1593 qui
971 1531 1004 1573 se
1015 1511 1076 1592 ipse
1090 1511 1237 1592 sapienter
1246 1516 1372 1591 regeret.

204 1614 339 1679 Eundem
351 1619 431 1680 hunc
442 1617 585 1698 populum
597 1615 808 1697 Aristophanes
817 1616 918 1697 paucis
929 1623 999 1696 post
1005 1610 1123 1676 Periclis
1137 1620 1262 1674 mortem
1274 1612 1372 1674 annis.

202 1716 299 1792 (cuius
308 1720 591 1781 administrationem
603 1721 646 1781 rei
655 1720 787 1803 publicae
797 1718 983 1800 Thucydides
998 1717 1095 1798 specie
1111 1714 1245 1796 populari
1260 1713 1372 1794 regiam

203 1820 422 1902 quodammodo
433 1821 525 1883 luisse
533 1829 665 1895 testatur,
680 1829 786 1904 utpote
801 1841 894 1903 quum
903 1839 965 1883 non
980 1826 1130 1899 regeretur
1142 1816 1268 1879 Pericles
1283 1833 1300 1876 a
1314 1834 1370 1899 po·

204 1922 286 2004 pulo,
303 1923 354 1984 sed
370 1923 432 2002 ipse
446 1923 545 2004 potius
559 1923 704 2003 populum
719 1933 833 2004 regeret
847 1959 890 1970 -
904 1942 997 2005 eaque
1012 1921 1084 1983 mihi
1099 1920 1176 1981 haud
1193 1920 1292 1980 intima
1308 1919 1372 1980 laus

202 2023 427 2087 Atheniensium
442 2043 508 2086 esse
522 2025 645 2098 ridetur,
662 2027 741 2106 quod
757 2028 816 2107 regi
831 2046 864 2089 se
878 2045 894 2087 a
909 2027 960 2088 tali
974 2027 1036 2087 viro
1048 2023 1127 2105 passi
1141 2030 1221 2095 sunt,
1236 2026 1290 2101 -)
1302 2028 1372 2103 post

203 2125 291 2189 huius
305 2132 432 2188 mortem
448 2127 537 2207 igitur
550 2128 687 2189 orbatum
702 2127 812 2191 salubri
833 2129 975 2208 regimine
997 2126 1140 2209 populum
1161 2123 1372 2205 Aristophanes

202 2228 287 2291 nohis
304 2227 415 2290 inducit
430 2228 486 2290 sub
500 2229 588 2291 retuli
603 2247 730 2309 persona
747 2230 917 2311 desipientis
933 2232 1008 2293 etad
1025 2248 1089 2292 rem
1101 2246 1185 2290 suam
1197 2225 1371 2288 familiarem

201 2330 461 2394 administrandam
478 2348 599 2412 prorsus
615 2331 717 2410 inepti,
732 2351 766 2394 ac
781 2334 931 2413 proindea
945 2352 1029 2395 servo
1041 2332 1236 2412 Paphlagone,
1247 2328 1370 2390 bomine

202 2435 305 2499 callido
321 2442 350 2495 et
364 2435 496 2515 impuro,
518 2433 619 2495 multis
639 2435 735 2496 modis
755 2435 869 2517 decepti
889 2443 920 2499 et
939 2436 974 2498 ad
997 2435 1134 2498 indecora
1157 2452 1191 2494 ac
1211 2431 1371 2511 scindigna

201 2536 332 2619 impulsi,
349 2537 444 2598 donec
457 2535 575 2598 tandem
595 2537 750 2599 meliorem
773 2549 994 2620 procuratorem
1016 2537 1204 2601 nanciscitur.
1248 2533 1370 2615 Aequali

200 2642 310 2703 horum
330 2649 499 2721 temporum
516 2639 629 2700 Socrati
649 2642 837 2703 consentiens
862 2642 996 2704 omnium
1019 2650 1050 2702 et
1070 2649 1202 2702 veterum
1219 2645 1250 2700 et
1264 2653 1370 2700 recen·

202 2744 314 2806 tiorum
329 2761 385 2804 ror
400 2760 535 2803 summae
547 2760 580 2803 ao
595 2760 681 2804 verae
694 2744 854 2826 sapientiae
869 2743 984 2806 laudem
1000 2743 1118 2805 tribuit:
1140 2750 1174 2804 ut
1195 2758 1254 2803 non
1266 2756 1371 2799 veren-

203 2845 274 2907 dum
290 2845 344 2918 sit,
366 2862 403 2906 ne
419 2845 486 2926 quis
501 2844 589 2907 huius
604 2844 640 2906 de
662 2847 772 2929 populo
787 2845 884 2909 Attico
899 2845 1039 2908 iudicium
1055 2847 1116 2908 lere
1131 2852 1162 2907 et
1175 2853 1370 2905 contemnen-

201 2947 273 3010 dum
289 2964 354 3009 esse
368 2947 454 3009 dicat.
477 2948 571 3009 Huius
587 2947 674 3028 igitur
687 2947 766 3028 apud
781 2947 934 3010 Platonem
953 2949 983 3008 in
998 2948 1131 3030 apologia
1146 2966 1174 3030 p.
1192 2945 1242 3008 31.
1259 2945 1283 3007 E
1299 2945 1371 3005 haec

201 3050 289 3113 verba
304 3035 440 3112 saraed
461 3043 524 3132 γὰρ
547 3040 627 3124 ἴστε,
644 3036 671 3110 ὦ
687 3039 717 3109 o”
717 3046 809 3128 νύρες
816 3041 1004 3135 Ἀθηναῖοι,
1028 3042 1058 3112 ai
1077 3044 1142 3131 ἐγώ
1158 3044 1268 3110 πύλαι
1290 3041 1372 3108 dara-

200 3146 338 3238 χοίρησα
359 3144 582 3231 πράττειντὰ
604 3148 766 3214 πολιτικοὶ
790 3144 986 3234 πράγματα,
1009 3146 1119 3214 πύλαι
1142 3140 1183 3213 de
1204 3142 1370 3232 ύπολιύλη

198 3252 256 3319 καὶ
277 3246 346 3319 ob?
366 3243 409 3319 dv
429 3245 515 3332 ὑμᾶς
538 3245 691 3338 α’φελήκη
715 3245 810 3317 οὐδὲν
833 3243 899 3315 or'r'r'
922 3242 963 3314 db
985 3249 1134 3336 ἐμαυτόν·
1162 3253 1220 3318 nol
1239 3272 1302 3332 μοι
1322 3246 1368 3335 μή

202 3348 355 3436 ύχθεοθι
376 3352 503 3438 λέγοντι
525 3347 674 3441 τάληθῆ·
703 3349 742 3419 ού
771 3352 832 3436 γὰρ
860 3348 951 3417 ἔστιν
977 3350 1071 3432 ὅστις
1093 3347 1284 3436 ἀνθρώπων
1305 3372 1371 3415 oco-

202 3455 347 3543 θήσεται
365 3450 440 3521 οὔτε
453 3452 530 3539 ύμῖν
551 3450 627 3520 ούιι
649 3448 739 3542 ἄλλῳ
762 3452 892 3540 πλήθει
914 3453 1024 3522 οὐδενὶ
1045 3458 1183 3542 γνησίοις
1205 3450 1372 3519 ἐναντιού-

202 3581 298 3643 μενος
318 3557 376 3623 καὶ
400 3555 593 3624 διακωλύων
614 3556 725 3623 πολλὰ
748 3551 850 3622 iidem
865 3555 921 3622 καὶ
944 3555 1124 3643 παράνομα
1151 3555 1186 3622 ἐν
1206 3556 1245 3644 τῇ
1269 3551 1370 3621 πόλει

203 3655 390 3746 γίγνεσθαι,
418 3655 487 3725 ‹itt’
510 3654 690 3745 ἀναγκαῖόν
711 3656 784 3726 ἐστι
804 3656 864 3726 τόν
890 3663 937 3745 τῷ
966 3654 1037 3726 ὄντι
1059 3657 1262 3743 μαχούμενον
1282 3652 1371 3743 ὑπὲρ

201 3766 264 3829 τοῦ
287 3757 431 3840 δικαίου,
453 3760 512 3826 καὶ
534 3757 563 3826 ei
586 3760 698 3843 μέλλοι
727 3756 835 3847 ὀλίγον
861 3763 974 3849 χρόνον
1001 3760 1242 3848 σωθήσεσθαι,
1277 3756 1371 3827 idem-

202 3858 310 3932 τεύειν
332 3857 417 3930 atta
440 3860 484 3948 μή
509 3860 731 3947 δημοσιεύειν.
754 3867 783 3928 h.
805 3885 830 3928 e·
853 3885 926 3930 non
947 3854 1142 3947 ignoratis,
1166 3867 1371 3929 Athenien·

203 3991 277 4047 ses,
298 3970 331 4034 si
349 3989 413 4051 ego
434 3968 478 4029 ad
504 3970 732 4032 tractandam
748 3987 820 4031 rem
836 3970 1021 4051 publicam
1036 3970 1293 4043 accessissem,
1309 3968 1371 4031 ln-

202 4084 327 4138 turum
357 4073 491 4135 dudum
521 4070 635 4133 luisse
663 4079 706 4134 ut
730 4073 925 4137 interirem
954 4074 1056 4136 nullo
1079 4082 1142 4137 aut
1165 4084 1287 4137 vostro
1310 4081 1372 4137 aut

274 4292 300 4355 ll
318 4292 383 4346 Plio.
394 4293 425 4345 li.
439 4293 471 4346 N.
483 4293 597 4359 XXXV,
612 4292 879 4363 1tp.bttdroo.-
890 4296 928 4348 lle
944 4296 991 4346 bro
1007 4294 1136 4348 Parrhasii
1153 4296 1240 4348 tabula
1256 4295 1290 4350 ci.
1308 4310 1371 4365 quaa

210 4379 349 4446 disputavit
361 4381 392 4432 Α.
405 4378 435 4432 G.
448 4378 569 4447 hagios,
582 4380 675 4450 Seript.
688 4379 795 4435 miscell.
810 4382 982 4451 (Vermisehte
995 4382 1076 4447 Salar.)
1087 4398 1111 4449 p.
1124 4382 1172 4433 2ῖῖ
1187 4382 1219 4435 Ν.
