3266 5140
711 484 773 544 417

160 667 228 727 dent
249 685 369 746 graecae
393 667 602 748 praepositioni
630 660 700 739 deci,
727 668 937 747 comparationi
962 677 1063 748 aptum
1083 671 1197 748 sit20),
1223 688 1314 752 quum

159 779 261 830 centra
276 788 335 850 pro
354 770 470 849 utrique
489 770 570 842 usui,
597 780 626 832 et
645 769 855 849 comparationi
870 778 898 830 et
912 787 1017 832 musae
1031 772 1074 833 rel
1090 773 1315 852 consequentiae

107 954 112 959 ,
158 872 338 946 indicandae,
352 872 460 952 pariter
473 872 726 934 accommodatum
742 871 787 932 sit.
816 870 875 933 Nec
890 890 960 933 sane
975 873 1082 935 mirum
1097 875 1189 950 estin
1203 876 1313 955 vulgari
1334 890 1349 939 s

158 991 305 1047 sermone,
320 991 410 1053 mum
427 967 634 1054 δισυλλάβως
639 974 754 1054 pr'a‘nde
766 974 998 1053 pronuntiarent,
1014 976 1042 1038 id
1055 979 1133 1057 quod
1146 986 1174 1038 et
1185 978 1314 1039 comico-

157 1094 224 1138 rum
240 1084 393 1155 poetarum
408 1085 437 1138 et
450 1076 576 1137 Lucretii
591 1094 692 1137 versus
707 1075 825 1155 plurimi
840 1056 1053 1151 demonstrant,
1067 1081 1223 1141 obscurato
1239 1098 1315 1141 sono

158 1177 284 1251 vocalis,
310 1177 439 1256 linguam
466 1177 620 1239 bominum
646 1185 832 1258 mentemque
852 1180 1023 1259 saepissime
1038 1200 1054 1242 a
1070 1200 1138 1243 vero
1155 1181 1315 1253 aberrasse,

158 1298 324 1360 quumque,
345 1281 424 1360 quod
439 1279 525 1359 nilgo
537 1280 653 1360 pr'r'nde
667 1288 696 1340 et
710 1279 766 1361 ipsi
788 1281 916 1343 dicerent
931 1291 959 1344 et
972 1284 1009 1344 ab
1024 1283 1087 1345 aliis
1102 1284 1158 1345 dici
1173 1284 1315 1356 audirent,

158 1389 208 1444 aut
228 1382 394 1445 distinctius
415 1381 667 1462 pronuntiandum
683 1390 733 1443 aut
747 1381 849 1444 litteris
865 1384 1098 1464 consignandum
1114 1394 1182 1458 erat,
1195 1386 1317 1467 perinde

158 1504 213 1564 pro
234 1504 270 1546 eo
292 1485 372 1564 quod
387 1483 530 1546 debebant
544 1485 671 1565 proinde
686 1483 854 1564 arripuisse.
874 1521 916 1531 -
941 1486 1037 1548 Porro
1052 1505 1118 1549 oere
1133 1489 1164 1549 in
1179 1487 1316 1550 Umbrica

159 1589 284 1651 formula
298 1598 424 1650 otontnn
438 1588 600 1667 significare
616 1586 687 1648 satis
702 1606 717 1648 a
730 1586 869 1649 Lassenis
882 1588 1115 1652 demonstratum
1126 1596 1195 1651 est²
1205 1596 1215 1633 ²
1224 1597 1243 1665 ).
1266 1588 1317 1650 n·-

157 1694 233 1751 sr'nm
253 1698 351 1752 autem
374 1697 505 1751 montem
524 1688 616 1751 allec
631 1687 707 1750 Fabio
727 1689 836 1751 dictum
856 1699 885 1751 et
900 1691 987 1753 simili
1002 1692 1142 1771 religione
1156 1693 1231 1773 apud
1248 1692 1316 1771 lgn-

157 1793 243 1854 rinos
259 1800 461 1854 consecratum
478 1791 576 1865 luisse,
592 1810 648 1872 qua
660 1791 834 1871 Capitolium
849 1794 928 1872 apud
939 1794 1101 1867 Romanos,
1117 1812 1256 1874 perquam
1273 1803 1317 1855 ost

158 1893 320 1974 probabile,
347 1894 537 1975 quamobrem
562 1894 592 1956 in
614 1893 794 1956 solemnibus
820 1895 1003 1974 publicamm
1027 1916 1148 1977 precum
1174 1898 1317 1971 formulis,

157 2014 249 2076 quum
263 2015 366 2077 pacem
381 1996 503 2059 deorum
519 2014 574 2077 pro
589 1995 662 2058 urbe
676 2005 704 2057 et
718 1997 828 2077 populo
845 1997 1047 2077 implorarent,
1063 2000 1150 2061 huius
1166 2000 1252 2062 etiarn
1268 2019 1316 2061 sa-

157 2099 199 2160 cri
218 2098 331 2161 montis
350 2117 459 2161 nomen
484 2098 709 2161 commemorari
723 2115 784 2160 non
800 2116 871 2160 sane
888 2100 996 2161 mirum
1016 2100 1107 2162 rideri
1127 2110 1233 2182 potest.
1276 2103 1318 2163 lle

156 2212 216 2263 tote
226 2199 344 2263 Ir'ooe'nn
358 2210 425 2263 ante
439 2219 528 2281 qnam
539 2201 642 2273 dicam,
653 2199 723 2261 aliae
735 2202 877 2280 quaedam
890 2204 1041 2279 formulae,
1052 2203 1083 2265 in
1095 2205 1203 2283 quibus
1215 2204 1316 2269 eadem

158 2304 298 2366 vocabula
307 2303 452 2384 leguntur,
462 2303 678 2383 percensendae
689 2312 765 2365 sunt.
782 2303 852 2365 Tab.
865 2304 922 2380 Vll,
934 2324 959 2377 a,
973 2304 1012 2365 49
1028 2313 1057 2366 et
1067 2305 1135 2367 alibi
1147 2307 1220 2368 haec
1231 2306 1315 2367 rerba

157 2414 244 2467 sunt:
268 2403 361 2466 Tereo
380 2404 465 2465 loor’o
483 2406 550 2484 foto
570 2406 639 2484 sores
654 2423 746 2484 pccer
761 2424 833 2486 pose
853 2417 903 2468 trec
920 2406 1007 2487 pople
1026 2417 1103 2469 teter
1116 2407 1264 2480 Iiooincr,
1289 2418 1317 2469 et

158 2507 254 2587 pasdlo
270 2514 353 2587 poet:
375 2507 460 2588 Serfe
476 2506 591 2578 Martie,
608 2505 738 2569 Prenma
748 2508 859 2588 Serfier
873 2507 976 2588 Serser
986 2506 1119 2581 Martr'er,
1139 2510 1231 2573 Tarm
1245 2511 1317 2571 Ser-

156 2611 198 2689 fio
212 2608 316 2690 Serser
329 2607 470 2680 Mentior,
490 2613 586 2690 [ritmo
601 2612 701 2690 ferrer,
715 2629 825 2690 parrer
839 2630 909 2691 pose
924 2622 1021 2672 oestro
1032 2612 1119 2692 poplo
1134 2624 1211 2675 lotar
1225 2612 1317 2675 lioni-

157 2731 225 2785 nur,
241 2722 295 2774 tote
309 2710 421 2774 licoine
436 2748 491 2783 —-,
513 2719 540 2773 el
555 2713 604 2784 Vl,
621 2712 649 2786 b,
666 2712 706 2773 23
722 2722 750 2774 et
765 2712 844 2774 alibi:
867 2712 944 2774 Fons
957 2717 1001 2775 sa'r
1011 2715 1104 2794 parer
1118 2719 1161 2776 sir
1176 2733 1243 2777 ocre
1257 2714 1318 2776 Fisi

156 2825 212 2876 tote
227 2812 346 2875 liooine.
369 2814 403 2875 ln
417 2814 463 2876 his
478 2817 558 2895 sons,
571 2814 653 2875 cuius
668 2815 786 2895 pluralis
800 2817 888 2894 [orer
902 2823 953 2888 est,
969 2815 987 2875 i.
1000 2834 1027 2895 q.
1045 2815 1138 2877 donus
1152 2835 1218 2876 esse
1232 2816 1314 2877 vide-

157 2926 219 2986 tur,
236 2934 342 2996 pccer,
362 2916 444 2977 cuius
460 2915 578 2995 pluralis
590 2935 708 2996 parrer,
725 2917 741 2977 i.
755 2936 782 2997 q.
795 2928 921 2996 pecoliis
935 2925 985 2978 aut
1000 2921 1155 2997 propians.
1196 2918 1315 2998 Reliqua

156 3019 229 3080 satis
240 3036 341 3098 perse
355 3019 439 3099 plana
455 3026 537 3092 sunt,
551 3029 728 3099 apparetque
743 3018 789 3079 his
806 3018 940 3098 precibus
956 3019 1039 3091 deos,
1056 3035 1181 3097 quorum
1197 3019 1316 3080 nomina

156 3120 348 3201 appellantur,
363 3122 397 3181 de
413 3121 518 3203 quibus
533 3140 671 3201 quaerere
686 3120 823 3182 hocloco
838 3119 908 3181 nibil
924 3121 1033 3191 attinet,
1050 3119 1186 3193 invocari,
1203 3121 1316 3182 utboni

228 3362 269 3425 26)
289 3362 344 3413 Non
362 3364 426 3414 enirn
443 3365 578 3415 verendum
597 3372 649 3427 cst,
668 3380 699 3414 ne
712 3364 766 3429 quis
778 3365 808 3414 ad
820 3380 947 3432 peraeque
959 3381 1004 3415 nos
1016 3364 1123 3429 ableget,
1137 3366 1161 3415 in
1174 3382 1222 3431 quo
1235 3367 1316 3417 notin-

158 3463 215 3499 nem
232 3449 345 3499 adverbii
362 3465 441 3515 ueqrm
458 3449 608 3516 praepositio
623 3465 671 3516 per
688 3449 807 3511 intendit,
824 3451 892 3499 utin
910 3451 966 3500 aliis
979 3451 1063 3501 multis
1076 3453 1228 3517 compositis.
1253 3452 1315 3502 Nam

155 3532 223 3599 inde,
235 3533 357 3599 particula
369 3534 555 3601 pronominalis,
568 3535 602 3584 ita
616 3534 709 3583 intendi
723 3550 770 3583 non
781 3541 871 3600 potest,
884 3538 973 3602 quippe
983 3551 1045 3603 quae
1055 3538 1179 3602 propriam
1190 3538 1314 3587 notionem

157 3618 251 3669 nullam
263 3618 365 3685 babeat,
382 3620 427 3670 scd
444 3621 682 3671 demonstrationem
699 3620 866 3670 tantummodo
884 3621 920 3669 rei
938 3621 1038 3671 aliunde
1057 3629 1130 3671 notae
1147 3621 1189 3671 vel
1207 3623 1315 3672 notionis

156 3704 257 3754 aliunde
270 3705 431 3771 repetendae.

227 3789 268 3853 27)
288 3789 316 3839 L.
329 3790 345 3840 l.
360 3807 382 3856 p.
396 3789 453 3840 386.
478 3790 515 3841 ct.
530 3791 675 3842 Grotelend.
687 3791 719 3842 lll
732 3808 754 3857 p.
767 3791 791 3854 b,
806 3792 846 3856 qui
858 3791 942 3857 paullo
953 3799 1032 3841 taatren
1046 3792 1150 3841 calidius
1162 3809 1246 3843 moena
1258 3793 1315 3857 lgn-

156 3872 192 3923 vii
206 3888 290 3924 ocrem
302 3872 403 3924 marran
414 3874 494 3925 luisse
507 3892 538 3925 ex
553 3893 582 3926 eo
596 3877 728 3942 concludit,
742 3878 806 3942 quod
820 3884 949 3941 utrumque
962 3893 1058 3939 nomen,
1071 3893 1123 3928 ore
1134 3885 1160 3928 ct
1173 3883 1239 3929 ocris
1252 3879 1314 3929 idem

157 3959 259 4024 proprie
272 3958 405 4025 significet,
419 3961 541 4026 uniusque
555 3962 641 4027 stirpis
655 3964 694 4027 sit,
708 3963 762 4011 eins
781 3962 891 4025 scillcet,
905 3963 974 4011 carius
987 3970 1014 4012 et
1027 3962 1149 4013 Graecum
1161 3959 1253 4033 ἀκρός.
1290 3964 1315 4013 ld

156 4050 186 4093 ut
197 4043 228 4093 de
242 4046 308 4095 ocris
321 4044 433 4109 equidem
446 4044 553 4095 libenter
565 4048 685 4109 concedo,
704 4064 776 4113 quum
794 4048 941 4112 praesertim
958 4044 1035 4118 ὄκρις
1050 4049 1125 4099 etiam
1138 4048 1261 4100 Graecum
1274 4051 1315 4109 ait

157 4129 194 4178 ita
211 4144 298 4180 mesen
315 4137 397 4180 tamen
415 4131 498 4195 potius
515 4132 546 4181 ab
563 4132 673 4182 eruendo
690 4134 780 4183 dictum
799 4132 909 4182 arbitror
925 4148 979 4182 eum
995 4132 1109 4184 Varrone
1126 4133 1156 4184 L.
1169 4133 1198 4184 L.
1211 4133 1243 4199 V,
1258 4134 1315 4199 151,

157 4214 247 4265 Servio
268 4216 299 4265 ad
324 4216 393 4280 Virg.
415 4219 478 4266 Aen.
496 4215 514 4277 l,
533 4216 573 4279 ld,
591 4217 741 4267 lloederllno
758 4218 818 4283 Syn.
836 4225 863 4268 et
880 4218 961 4285 Etyan.
981 4218 1013 4271 IV
1033 4236 1056 4285 p.
1070 4218 1127 4269 428.
1140 4218 1226 4286 Neque
1240 4219 1317 4283 igitur

157 4299 299 4351 Umbricnm
311 4315 399 4350 nomen
412 4301 447 4351 ita
460 4317 514 4351 curn
526 4301 614 4352 Latino
627 4303 748 4367 componi,
760 4309 836 4368 atque
849 4304 904 4353 binc
916 4304 984 4353 illius
995 4307 1135 4355 sententiae
1144 4312 1317 4369 argumentum

159 4384 210 4451 peti
223 4384 316 4434 debuit
340 4383 491 4451 Quamquam
508 4394 614 4453 apparet
629 4385 671 4435 vel
689 4387 726 4435 sic
743 4387 802 4437 nibil
820 4388 934 4451 obstare,
952 4391 1080 4454 quominus
1097 4398 1204 4452 montem
1222 4389 1316 4440 Fisium

157 4468 282 4535 laminis
294 4470 370 4522 etiam
382 4486 428 4537 pro
440 4487 498 4522 aree
511 4472 589 4523 luisse
602 4473 740 4523 credamus.

201 4557 247 4619 ΙΙΙ.
1075 4562 1115 4624 27
