3266 5140
852 432 914 498 458

306 626 445 687 adversus
460 639 537 698 aum,
554 624 603 704 qui
617 622 722 685 tutoris
738 622 806 685 olim
827 642 860 685 ac
879 622 1007 704 parentis
1026 622 1091 685 loco
1106 624 1209 698 tuerat,
1224 623 1368 685 loannem
1382 623 1462 687 Lan-

307 724 410 808 gium?
439 726 524 789 Hunc
537 727 574 788 ad
589 744 621 788 se
636 734 787 789 evocatum
801 734 903 807 optare
917 725 1017 800 iussit,
1033 725 1173 806 quidquid
1188 725 1245 788 sibi
1259 725 1348 788 tribui
1363 727 1460 790 vellet:

308 830 378 892 nihil
398 848 466 890 eum
485 848 501 890 a
516 848 549 891 se
563 837 675 892 mutum
693 838 792 910 petere
806 847 909 910 posse,
923 837 1029 891 utnon
1044 828 1156 891 maiora
1170 829 1256 891 etiam
1271 846 1304 889 sa
1317 828 1343 889 ei
1357 829 1462 892 debere

308 934 452 994 fateretur.
483 931 609 1011 bangius
629 940 724 994 autem
740 931 789 994 diu
809 931 881 993 nihil
896 931 980 1011 petit:
999 941 1161 1012 postremo,
1175 950 1212 993 ne
1226 948 1366 1012 spernere
1379 932 1459 994 vidc-

306 1043 387 1098 retur
400 1035 525 1114 Bogislai
540 1034 726 1107 volantatem,
742 1035 801 1096 boc
814 1051 907 1095 unum
921 1034 1003 1114 petit,
1018 1042 1051 1096 ut
1063 1033 1233 1097 immunitas
1249 1034 1303 1096 sibi
1316 1035 1460 1098 conceda·

306 1146 353 1200 tar
367 1155 467 1199 aarum
481 1154 594 1211 rerum,
615 1155 688 1216 quae
707 1145 776 1198 tuno
795 1136 939 1216 temporis
955 1136 991 1198 ab
1011 1134 1086 1199 illius
1101 1136 1278 1200 conditionis
1291 1137 1460 1200 bominibus

305 1240 495 1321 praestandae
506 1249 597 1302 erant.
623 1239 734 1301 Instare
744 1239 899 1318 Bogislaus
915 1246 947 1300 ut
961 1238 1055 1301 maius
1065 1238 1172 1320 aliquid
1183 1247 1262 1320 petat
1276 1247 1307 1300 et
1319 1238 1460 1302 beneflcio

306 1361 360 1405 suc
376 1342 501 1421 dignius.
531 1341 580 1404 Ille
599 1351 766 1403 constanter
784 1359 931 1403 recusare:
951 1340 1010 1404 boc
1023 1360 1115 1403 unum
1135 1360 1190 1422 pro
1205 1343 1340 1405 mercede
1354 1350 1460 1423 postu·

305 1445 373 1520 lare,
388 1462 426 1506 ne
440 1444 550 1506 maiora
566 1443 672 1507 invitus
688 1444 818 1523 accipere
834 1451 962 1523 cogatur.
1007 1443 1105 1506 Victus
1122 1445 1239 1507 undem
1254 1444 1406 1526 Bngislaus
1421 1445 1460 1511 il-

306 1548 354 1610 lud
370 1549 471 1609 saltam
487 1546 552 1608 addi
568 1546 671 1621 voluit,
691 1555 724 1609 ut
744 1546 797 1609 ista
817 1546 986 1609 immunitas
1005 1563 1067 1607 non
1082 1546 1138 1627 ipsi
1154 1546 1251 1609 solum
1265 1547 1392 1627 Langia,
1407 1548 1460 1611 sed

305 1650 402 1713 liberis
422 1668 540 1731 quoque
558 1648 620 1711 eius
641 1657 669 1711 et
689 1649 816 1729 posteris
838 1649 868 1710 in
890 1658 1064 1729 perpetuum
1085 1650 1267 1712 tribueretur.
1296 1650 1403 1714 Verum
1422 1669 1461 1714 ne

305 1754 363 1815 hoc
377 1752 494 1833 quidem
505 1751 551 1813 ille
566 1751 708 1833 permisit
738 1750 820 1813 Nolle
835 1770 875 1826 se,
890 1751 991 1831 inquit,
999 1751 1108 1814 liberos
1123 1770 1195 1815 suos
1210 1771 1300 1833 supra
1315 1772 1382 1816 eum
1393 1772 1460 1833 gra·

306 1858 376 1918 dum
392 1855 497 1929 extolli,
513 1854 544 1916 in
559 1873 618 1934 quo
633 1854 773 1916 nascendi
788 1862 869 1916 sorte
883 1853 1014 1915 collocati
1030 1862 1138 1929 esseut,
1153 1854 1212 1929 ubi,
1229 1855 1254 1916 si
1261 1856 1347 1936 probi
1361 1866 1461 1920 essent

255 1970 284 2019 15
306 1967 335 2020 et
348 1959 448 2040 quales
463 1959 526 2038 ipse
538 1966 659 2038 optaret,
674 1957 812 2019 omnibus
828 1957 902 2019 bene
916 1957 1098 2038 honesteque
1117 1956 1230 2019 vivendi
1244 1958 1396 2038 praesidiis
1411 1978 1460 2021 sn-

304 2061 340 2123 tis
360 2062 520 2123 instructos
540 2061 617 2135 lore3
637 2060 682 2121 sin
703 2078 800 2133 secus,
821 2060 893 2121 nibil
907 2061 1092 2142 profuturam
1109 2061 1242 2123 icaunae
1256 2061 1457 2124 mutationem.

304 2199 345 2210 —
360 2164 479 2238 Videtis,
495 2163 652 2237 auditores,
667 2162 822 2225 Pomerani
837 2163 924 2225 huius
939 2163 1040 2224 rustici
1059 2163 1189 2225 animum
1204 2180 1272 2226 cum
1292 2165 1397 2245 quovis
1411 2183 1461 2228 sa·

304 2268 402 2348 piente
425 2265 663 2347 comparandum.
688 2264 788 2347 ltaque
803 2265 954 2344 bogislaus
977 2283 1044 2327 eum
1067 2284 1184 2347 semper
1204 2267 1322 2329 maximi
1338 2268 1412 2339 iecit,
1428 2278 1462 2330 ut

304 2370 450 2432 neminem
460 2372 518 2432 lere
527 2369 645 2431 haberet
655 2368 805 2442 cariorem,
818 2375 846 2429 et
856 2385 994 2430 sermone
1004 2368 1066 2430 eius
1081 2376 1167 2449 atque
1182 2369 1312 2432 consiliis
1328 2371 1413 2433 etiam
1424 2371 1461 2433 de

305 2473 392 2535 rebus
402 2472 614 2553 publicis,quae
624 2471 740 2551 quidem
751 2471 787 2532 ab
800 2470 848 2531 illo
860 2471 987 2551 perspici
998 2480 1130 2552 possent,
1140 2472 1263 2535 libenter
1272 2481 1460 2537 utercum-

390 2574 440 2635 Vix
466 2582 562 2636 autem
583 2573 736 2653 Rogislaus
767 2573 967 2653 gubernaculis
997 2574 1037 2636 rei
1067 2574 1198 2655 publicae
1223 2574 1359 2639 admotus
1388 2586 1459 2651 erat,

305 2697 397 2759 (quum
426 2697 459 2740 ea
492 2677 656 2738 inciderunt
683 2685 829 2756 tempora,
861 2689 894 2740 ut
927 2696 1014 2758 quam
1044 2677 1080 2738 de
1109 2697 1142 2740 se
1175 2697 1258 2759 spem
1296 2681 1356 2742 suis
1393 2681 1459 2761 ipso

304 2781 445 2861 adspectu
469 2779 652 2853 excitaverat,
679 2796 710 2839 re
735 2788 764 2842 et
789 2780 871 2842 lactis
897 2779 1111 2861 comprobaret
1156 2781 1220 2843 Jam
1246 2781 1357 2846 dudum
1382 2785 1460 2847 enim

303 2882 524 2962 Braudenburgi
549 2881 732 2943 llarcbiones
759 2882 911 2944 cuiusdam
932 2882 1014 2963 quasi
1044 2882 1191 2945 clientelae
1216 2884 1346 2960 vinculo,
1374 2907 1459 2968 quem

303 2985 470 3047 vasallatum
501 2984 626 3046 barbaro
652 2985 774 3046 nomine
798 2993 915 3060 vocant,
940 2985 1121 3047 Pomeranos
1147 2986 1296 3068 principes
1323 2989 1378 3051 sibi
1405 2989 1459 3051 ob-

303 3089 407 3151 noxios
437 3090 529 3150 iacere
558 3088 654 3149 conati
683 3096 777 3162 erant,
808 3088 891 3150 cuius
918 3088 958 3149 rei
988 3089 1060 3150 haec
1093 3095 1155 3151 erat
1187 3088 1243 3163 vis,
1266 3098 1299 3151 ut
1328 3091 1378 3171 qui
1411 3091 1459 3154 tali

303 3191 416 3253 vinculo
442 3199 600 3265 teneretur,
626 3191 781 3272 imperium
808 3209 869 3253 non
894 3200 1030 3271 tanquam
1055 3192 1210 3274 proprium
1230 3211 1263 3254 ac
1281 3212 1382 3269 suum,
1407 3194 1458 3256 sed

304 3303 439 3373 tanquam
471 3294 588 3355 alterius
622 3293 761 3355 beneficio
788 3312 962 3355 concessum
988 3293 1120 3366 haberet,
1154 3302 1182 3355 et
1211 3303 1288 3356 certa
1319 3297 1459 3376 quaedam

304 3396 399 3457 cilicia
418 3404 544 3476 patrono
564 3405 713 3476 praestare
734 3403 894 3475 cogeretur.
938 3396 1115 3459 Restiterant
1135 3397 1251 3477 qnidam
1266 3416 1383 3479 semper
1399 3400 1459 3461 Po-

304 3498 414 3560 merani
436 3498 501 3561 istis
516 3499 717 3560 Marchionnm
733 3498 898 3571 conatibus,
923 3506 1026 3578 utpote
1039 3518 1095 3560 nec
1109 3499 1194 3561 iustis
1209 3518 1265 3562 nec
1278 3520 1348 3563 suae
1363 3502 1457 3582 digni-

305 3602 354 3663 tati
370 3602 622 3664 convenientibus:
646 3619 858 3680 nonnunquam
874 3600 960 3663 etiam
976 3600 1003 3661 ri
1019 3610 1047 3663 et
1062 3602 1151 3662 armis
1167 3602 1203 3663 de
1218 3603 1280 3666 iore
1295 3623 1350 3666 suo
1366 3614 1459 3667 certa-

304 3713 415 3767 verant:
438 3713 467 3767 ct
493 3714 563 3785 post
582 3705 751 3765 Barnimurn
771 3703 851 3765 illurn
871 3703 1000 3777 tertium,
1028 3705 1078 3784 qui
1093 3706 1209 3768 saeculo
1225 3706 1339 3768 decimo
1355 3716 1459 3788 quarto

303 3809 421 3869 ineunte
442 3827 560 3887 magnas
576 3807 714 3868 Ludovici
729 3807 907 3870 Marchionis
927 3809 1026 3887 copias
1048 3808 1174 3883 fuderat,
1202 3809 1353 3890 ipsiusque
1369 3811 1460 3873 Bran-

303 3911 445 3991 denburgi
461 3929 596 3991 magnam
611 3918 724 3991 partem
740 3910 832 3973 victor
847 3921 1050 3992 occupaverat,
1065 3930 1117 3992 per
1133 3921 1249 3973 eentum
1265 3913 1390 3993 amplius
1405 3932 1459 3975 an-

302 4032 358 4074 nos
372 4013 555 4075 llarcbiones
579 4012 667 4092 quieti
691 4016 805 4075 lucrant
819 4033 913 4093 neque
933 4022 1053 4076 nostros
1074 4014 1221 4094 principes
1239 4015 1383 4077 lacessere
1398 4016 1460 4077 ausi

302 4126 392 4177 erant.
437 4117 541 4177 Postea
557 4124 662 4190 tamem
679 4135 770 4196 quum
785 4117 914 4180 Rarnimi
929 4118 1036 4198 stirps,
1052 4137 1126 4198 quae
1141 4117 1282 4179 Sedinum
1298 4127 1326 4179 et
1340 4118 1460 4179 ulterio-

251 4226 281 4276 tc
301 4237 364 4279 rem
381 4219 583 4280 Pomeraniam
599 4227 742 4293 tenuerat,
762 4220 878 4282 Ottonis
895 4221 969 4283 tertii
983 4229 1080 4283 morte
1095 4219 1218 4282 maneta
1234 4230 1325 4291 esset,
1346 4220 1460 4282 omnis-

302 4338 359 4399 que
374 4319 421 4380 illa
436 4337 505 4398 pars
525 4319 561 4380 ad
577 4320 763 4384 Wartislaum
782 4339 895 4384 nouum
915 4332 943 4385 et
959 4323 1092 4396 Ericum,
1117 4322 1242 4402 bogislai
1261 4331 1387 4403 patrem,
1407 4323 1462 4384 be·

301 4421 431 4483 feditatis
463 4421 528 4503 jure
556 4423 723 4499 recidisset,
756 4424 921 4487 Fridericus
958 4424 1084 4487 Marcbio
1120 4445 1153 4487 se
1183 4424 1259 4487 illius
1291 4425 1460 4506 provinciae
