3284 5152
823 465 996 563 ἕδη.

312 654 404 719 oenda
419 657 467 730 sit,
482 673 520 718 an
535 674 589 736 per
602 655 710 718 tmesin
724 656 903 739 apartioipio
914 648 1024 736 βαλάν
1034 652 1176 725 seiuncta,
1191 668 1247 714 neo
1261 651 1389 731 denique
1403 651 1475 713 illnd

313 753 351 821 τὸ
373 752 433 836 μὲν
453 758 484 820 in
504 759 564 820 hoe
584 758 703 837 quidem
724 765 865 821 oontextn
883 759 943 820 sive
958 774 1012 838 per
1031 774 1064 817 se
1079 755 1175 817 solum
1190 754 1251 816 sire
1266 772 1336 816 eum
1349 746 1473 837 χρημά-

312 878 376 920 των
386 866 591 924 oomtruotum
605 878 659 938 pro
671 868 770 941 parte
786 861 908 940 aliqua
924 860 980 921 dini
994 858 1101 941 potuit,
1113 858 1193 937 quod
1204 865 1284 918 reete
1296 855 1474 938 perspiciens

313 962 446 1042 lingosus
470 957 504 1025 τὶ
529 962 769 1024 substituendum
793 964 893 1025 suasit.
931 960 1076 1041 Equidem
1099 959 1179 1022 huna
1194 964 1316 1021 vmsum
1341 957 1384 1019 sic
1403 957 1474 1018 olim

313 1064 459 1147 seriptum
474 1064 568 1127 fuisse
580 1069 671 1144 puto:

512 1162 572 1227 καὶ
592 1162 636 1227 τά
658 1160 717 1246 μὲν
739 1159 930 1249 πρόχειρα
951 1166 1007 1227 τιό
1013 1185 1030 1226 ν
1050 1156 1224 1247 χρημάτων
1239 1153 1335 1237 deoc
1356 1154 1475 1241 βαλών,

316 1286 469 1349 quumque
483 1268 538 1331 hae
555 1276 623 1330 oeto
641 1268 755 1331 litterae
776 1288 872 1351 χειρα
885 1288 950 1330 τον
968 1274 1089 1350 propter
1108 1265 1331 1329 similitudinem
1349 1262 1475 1347 proximi

313 1370 447 1432 vocabuli
460 1364 634 1453 χρημάτων
655 1370 840 1443 excidissent,
856 1370 927 1432 illud
950 1362 1093 1451 κτησίων
1112 1367 1247 1449 explendi
1266 1386 1368 1429 versus
1389 1384 1476 1428 eausa

313 1472 350 1534 ab
364 1473 462 1553 aliquo
476 1480 644 1535 oomeotore
658 1474 817 1535 intrusum.
846 1472 1045 1535 Proiioiuntur
1065 1477 1165 1533 autem
1185 1471 1216 1532 in
1235 1469 1379 1548 naufragii
1397 1468 1477 1548 pevi-

313 1575 380 1637 culo
395 1593 470 1655 quae
485 1575 613 1637 maxiem
628 1576 829 1655 navigantibus
841 1576 897 1638 sub
911 1591 1001 1635 manu
1017 1580 1097 1646 sunt,
1117 1567 1160 1633 τά
1181 1566 1361 1651 πρόχειροι
1384 1568 1476 1650 proii-

315 1676 434 1740 oiuntur
447 1696 517 1739 vero
531 1694 592 1739 non
608 1697 623 1741 a
639 1677 807 1743 lubentibus
820 1678 875 1741 sed
889 1677 925 1740 ah
937 1676 1035 1738 invitis
1045 1682 1076 1737 et
1087 1683 1171 1737 metu
1182 1675 1300 1747 coactis,
1311 1692 1402 1753 quem
1414 1673 1478 1735 aui-

313 1778 433 1842 morum
448 1778 582 1841 habitum
598 1770 693 1854 όκνος
707 1781 856 1862 signifieat.
886 1781 999 1843 lactum
1013 1797 1104 1862 porro
1119 1796 1175 1839 neo
1188 1777 1260 1840 eitra
1272 1777 1477 1839 necessitatem

313 1898 370 1943 nee
382 1899 472 1960 supra
485 1881 609 1953 faciunt,
628 1881 717 1962 idque
738 1883 917 1962 significatur
936 1883 1078 1964 proximis
1098 1880 1195 1943 vorbis
1214 1872 1398 1963 σφενδόνας
1419 1867 1478 1936 ἀπ’

315 1975 478 2064 εὐμέτρου.
512 1984 553 2044 De
568 1984 688 2065 reliquis
704 1982 796 2047 tribus
812 1985 944 2048 versibus
960 1985 1105 2049 assentior
1119 1983 1244 2064 liugero,
1266 1982 1310 2043 sio
1325 1999 1377 2043 eos
1397 1978 1478 2041 ordi-

316 2084 429 2148 nandos
444 2103 525 2146 esse:

517 2188 671 2270 πημοναῖς
693 2182 798 2270 γέμων
820 2181 905 2270 deos

518 2279 577 2350 οόκ
598 2282 756 2352 ἐπόντισε
778 2285 907 2375 σκάφος

517 2381 588 2453 οὐδ’
610 2382 668 2453 ἔδυ
691 2387 829 2472 πρόπας
851 2387 963 2473 νόμος.

315 2511 384 2557 nam
400 2488 504 2576 νόμος
525 2511 579 2576 pro
602 2488 705 2574 δόμος
723 2494 914 2561 ‚scribendum
930 2512 994 2556 esse
1008 2510 1077 2557 oum
1092 2491 1282 2555 Boissonadio
1296 2498 1326 2552 et
1336 2489 1480 2553 emensio

315 2616 430 2660 eenseo.

402 2700 432 2759 V.
452 2698 532 2761 1025
548 2716 613 2778 sqq.
630 2697 745 2760 oodioes
760 2699 869 2762 habent

516 2792 548 2862 οἱ
570 2794 608 2861 δὲ
629 2794 673 2883 μή
695 2795 874 2881 τεταγμένα

518 2900 620 2985 μοῖρα
641 2901 758 2981 μοῖραν
780 2894 817 2964 ἐκ
837 2899 930 2967 θεῶν

518 2991 606 3084 εἶργε
627 2998 672 3087 μὴ
696 2997 796 3065 πλέον
817 2999 940 3088 φόρτιν,

317 3107 369 3169 sed
385 3125 443 3187 quo
458 3123 548 3169 sensu
561 3105 663 3187 μοῖρα
683 3104 800 3187 μοῖραν
823 3097 945 3188 εἴργειν
966 3106 1080 3168 dicatur
1094 3105 1173 3167 haud
1187 3104 1272 3166 danila
1291 3103 1410 3184 intelligi
1424 3123 1480 3183 po

207 3246 209 3259 ι
317 3216 385 3271 test.
415 3208 492 3282 Quid
515 3207 619 3288 igitur,
641 3207 666 3267 si
685 3201 806 3288 μορτόν
826 3204 1012 3271 scribamus?
1040 3208 1114 3269 Nam
1133 3200 1256 3288 μορτόν
1270 3206 1290 3268 i.
1311 3225 1339 3286 q.
1360 3199 1481 3286 βροτόν

317 3329 382 3373 esse
397 3315 519 3383 constat,
534 3315 768 3389 usurpatamque
780 3328 796 3373 a
808 3309 985 3372 Callimacho
996 3328 1060 3373 esse
1071 3329 1109 3371 ex
1119 3310 1257 3388 Orionep
1279 3307 1330 3382 33,
1342 3306 1383 3369 26
1394 3325 1478 3370 mm·

316 3412 457 3493 perimus.
488 3411 531 3473 dt.
547 3410 671 3491 Hesych.
688 3430 711 3472 s.
728 3430 754 3472 v.
784 3405 891 3475 His'ov
905 3419 1003 3474 autem
1019 3411 1181 3492 significare
1194 3411 1327 3474 dieemm
1342 3408 1478 3489 aliquid

317 3513 494 3596 amplius,
520 3512 580 3600 soil
608 3532 697 3593 quam
723 3512 870 3577 incertum
894 3514 1042 3597 quoddam
1067 3522 1098 3578 et
1124 3514 1281 3579 obscurum
1303 3513 1396 3575 futuri
1410 3513 1479 3575 mali

317 3618 511 3699 praesagium,
527 3616 606 3697 quali
617 3633 697 3678 nuno
707 3615 815 3679 chorus
827 3638 859 3681 se
871 3619 937 3700 angi
949 3619 1100 3701 professus
1112 3625 1165 3681 est
1184 3618 1276 3690 Nisi,
1291 3618 1385 3697 iuquit
1400 3634 1479 3678 sors

317 3720 449 3785 fatalis
473 3720 663 3785 mortalem
691 3728 835 3784 arceret
856 3722 896 3797 (ln
918 3741 944 3784 e.
967 3720 1204 3805 prohiberet)
1230 3718 1379 3801 nequid
1404 3737 1479 3781 am-

319 3823 415 3906 plius
430 3841 446 3885 a
461 3822 517 3884 dis
537 3822 721 3903 acciperet
735 3858 785 3885 -.
803 3824 997 3906 subiungitur
1011 3825 1162 3908 epodosis:

520 3918 754 4008 προφθάσασα
775 3919 897 4007 καρδία

519 4022 668 4109 γλῶσσαν
690 4016 730 4088 δν
751 4020 820 4106 τάχ’
843 4021 958 4106 ἐξέχει,

317 4133 349 4194 in
381 4148 438 4212 qua
469 4131 662 4193 manifestum
689 4136 734 4192 est
765 4124 1001 4215 προφθάσασα
1035 4148 1095 4193 non
1124 4148 1192 4192 enm
1227 4125 1378 4211 γλῶσσαν
1407 4146 1480 4192 con-

317 4234 394 4298 strui
423 4252 519 4316 posse,
549 4232 602 4294 sed
627 4231 902 4313 subintelligendum
930 4252 996 4296 esse
1019 4234 1155 4297 futurum
1185 4239 1335 4295 eventum.
1366 4231 1479 4303 Hune,

319 4337 368 4412 ait,
403 4342 640 4399 antevertens
679 4352 741 4396 cor
782 4353 900 4397 meum
936 4335 1046 4419 verba
1084 4336 1214 4399 statim
1253 4334 1479 4401 effunderet.

319 4441 389 4503 iae
406 4438 593 4522 eloqueretm
616 4436 685 4516 quid
704 4436 841 4503 futurum
861 4444 947 4502 esset.
976 4435 1133 4502 Γαόσσαν
1154 4431 1258 4518 ἐκχεῖν
1273 4437 1375 4500 eodem
1390 4452 1480 4499 sensu
