3284 5152
779 448 787 465 ·
832 455 980 551 ns„

328 633 390 724 γάρ
404 641 548 705 rationsm
564 641 681 718 indicat,
697 660 750 706 our
764 640 951 724 hypothetice
967 650 1081 705 uotum
1096 641 1242 722 loquatur.
1272 641 1393 705 Poterat
1404 642 1485 705 onim

328 732 358 805 si
385 736 425 807 tt
445 777 484 790 ·-
507 737 674 829 χρήσομαι
697 738 759 828 γὰρ
779 741 828 827 τῷ
849 736 937 828 λόγῳ
958 735 1077 826 κεῖπερ
1098 735 1157 807 οὐκ
1180 735 1292 817 ἔσται,
1315 751 1346 806 et
1370 743 1486 827 praeie-

327 845 452 908 rendum
472 846 529 910 hoo
547 847 639 910 inisse
661 847 786 917 dinemo,
808 846 865 909 nisi
885 854 1015 911 metrum
1037 846 1209 910 obstitisset.
1238 841 1346 921 Δίκας
1364 837 1486 926 βιαίων

328 942 441 1030 γάμων
461 948 498 1011 ds
517 949 621 1032 poenis
641 948 815 1033 pecuniariis
830 949 1031 1031 intelligendas
1046 968 1110 1012 osae
1125 967 1253 1031 sequens
1267 966 1369 1011 versus
1383 954 1485 1011 osten·

327 1049 379 1111 rit.
404 1050 500 1113 Etiam
515 1050 581 1114 iure
594 1051 691 1114 ittioo
705 1051 817 1114 orimen
832 1050 975 1115 violentas
989 1052 1191 1134 stupratiouis‚
1206 1052 1231 1114 si
1246 1052 1315 1133 quis
1325 1051 1485 1133 stupratori

327 1152 448 1232 βιαίων
470 1153 617 1217 sotionem
641 1154 784 1237 privatam
803 1153 983 1228 intenderet,
1007 1154 1131 1237 pecunia
1149 1154 1191 1217 lui
1208 1153 1346 1230 solitum3
1371 1160 1486 1236 poterat

327 1262 425 1318 satem
439 1256 529 1320 stiam
543 1247 668 1338 ὕβρεως
681 1256 768 1330 aetio,
784 1274 859 1337 qaae
873 1257 989 1339 publiea
1003 1264 1075 1332 erat,
1090 1256 1213 1331 intendi,
1227 1255 1484 1337 sondemustoous

327 1358 432 1422 mortis
450 1376 545 1443 poena
565 1358 696 1440 irrogari.
727 1357 769 1421 Cf.
791 1358 827 1421 de
846 1359 909 1423 ord.
926 1358 1012 1423 iudio.
1027 1358 1087 1421 itt.
1103 1380 1132 1442 p.
1148 1358 1210 1422 323
1228 1366 1258 1422 et
1273 1358 1345 1422 545.
1360 1392 1404 1404 -
1417 1357 1485 1421 Mor

329 1481 356 1522 ν.
376 1460 439 1533 402
1132 1502 1138 1514 .

527 1559 587 1640 τὰς
607 1553 730 1649 ἦδονδς
752 1558 815 1645 γὰρ
837 1562 895 1648 τῆς
918 1555 1114 1649 προμηθίας
1136 1556 1245 1646 πάρος

529 1661 731 1742 σπεύδοντας
752 1700 795 1713 -

327 1776 430 1833 utram
450 1767 646 1854 προμηθίας
665 1785 719 1845 an,
742 1767 822 1849 quoti
837 1767 1007 1834 Hermanno
1027 1768 1150 1854 placuit,
1170 1767 1383 1852 προμηθείας
1403 1785 1488 1850 prae·

326 1871 482 1935 ferandum
508 1871 564 1946 sit,
590 1871 660 1935 nolo
685 1871 856 1955 onosptsre.
892 1871 1050 1954 Correptae
1071 1871 1251 1954 penultimae
1271 1871 1405 1956 exempla
1427 1886 1488 1933 non

326 1992 393 2038 rara
419 1993 484 2037 esso
505 1992 593 2037 nomo
615 1974 738 2056 ignorat.
768 1973 971 2037 Confidentius
991 1971 1141 2037 Badhsmo
1164 1974 1320 2056 obloquor,
1348 1973 1399 2054 qui
1419 1992 1487 2036 oum

329 2078 512 2159 tioniugtono
526 2072 613 2156 πέρα
627 2095 683 2159 pro
698 2069 806 2159 ποίρος
821 2075 1042 2140 rescribendum
1055 2076 1179 2149 sanauit,
1195 2076 1317 2157 eiusque
1328 2076 1489 2140 oorreotio-

326 2180 373 2243 μὴ
397 2178 602 2244 auctoritatem
628 2178 778 2242 alustino
798 2178 885 2262 petit,
910 2178 988 2262 apud
1007 2197 1097 2260 quem
1119 2174 1221 2261 πέρας
1240 2178 1355 2261 legitur.
1391 2177 1491 2242 Potuit

326 2300 399 2346 sano
413 2276 502 2363 πίρα
516 2281 588 2345 diri:
608 2280 706 2363 potuit
719 2288 820 2344 auum
834 2280 922 2344 etiam
939 2275 1064 2363 πάρος,
1083 2281 1230 2362 siqnidem
1245 2280 1304 2343 hoo
1317 2279 1489 2344 adverbium

325 2402 388 2448 non
407 2384 505 2448 sotum
526 2384 563 2447 (is
582 2403 634 2461 eo,
655 2383 736 2466 quod
754 2393 889 2468 tempore
910 2383 1083 2467 praooossit,
1105 2383 1156 2446 sed
1178 2384 1267 2447 etiam
1282 2385 1319 2447 do
1333 2404 1387 2456 eo,
1410 2382 1489 2465 quod

325 2486 527 2551 aestimatione
546 2491 675 2570 praestat
693 2503 728 2548 ao
746 2484 924 2571 praeroso,
949 2485 1007 2549 diei
1022 2484 1200 2549 meminoris.
1230 2487 1280 2551 Sia
1302 2486 1334 2549 in
1354 2484 1489 2571 proximo

325 2588 448 2661 ausimo
463 2607 489 2650 ν.
506 2586 583 2650 4993
599 2579 675 2667 ίμοί
696 2580 755 2668 μίν
776 2580 924 2650 πλούτου
946 2607 983 2651 rr
1006 2580 1113 2669 πάρος
1127 2584 1312 2667 βασιλικῶν
1325 2581 1491 2669 θαλάμων

326 2685 360 2745 τ’
382 2678 447 2754 sio
467 2684 592 2775 τροφαὶ
613 2681 743 2772 κήδειοι
762 2684 886 2752 κεδνῶν
900 2684 1028 2753 τέκνων.
1057 2688 1159 2771 lusus
1172 2684 1232 2765 τοὶς
1247 2682 1370 2773 ἡδονὰς
1386 2681 1492 2774 πείρας

325 2788 385 2877 τῆς
412 2782 611 2875 προμηθίας
632 2785 791 2853 σπεύδειν
811 2790 890 2855 idem
913 2800 960 2854 eat
981 2799 1069 2873 atque
1090 2785 1216 2871 μᾶλλον
1236 2781 1260 2876 οἳ
1279 2788 1338 2876 τήν
1360 2810 1490 2876 προμη-

326 2894 408 2958 θίαν
434 2898 485 2957 aut
511 2888 580 2977 πρὸ
606 2893 665 2977 τῆς
693 2888 906 2977 προμηθίας,
935 2894 1184 2975 quemadmodum
1212 2887 1327 2973 κίρδος
1354 2886 1492 2978 αἰνῆσαι

327 2990 395 3078 πρδ
417 2987 514 3070 δίνας
527 3000 574 3059 ast
587 2996 665 3077 opud
680 2994 840 3059 Pindarum
856 2995 942 3078 Pyro.
958 2996 1004 3071 iv,
1025 2997 1093 3060 149.
1108 2989 1258 3060 ίπαιναῐν
1273 2992 1340 3078 πρδ
1356 2992 1488 3060 δικαιο-

327 3089 425 3182 οδνης
446 3087 580 3161 δδικίαν
599 3096 676 3179 apud
691 3098 847 3163 Platonem
862 3097 985 3183 Repulsi.
1002 3099 1039 3171 11,
1055 3121 1083 3183 p.
1099 3098 1172 3162 tut.
1195 3085 1224 3181 ηί
1244 3093 1356 3178 θυμδς
1369 3084 1408 3183 ἦν
1421 3092 1490 3180 πρὸ

329 3193 425 3275 δίκας
438 3199 515 3285 apud
530 3199 630 3283 Eurip.
646 3199 757 3264 [iarael.
774 3220 800 3261 v.
815 3200 887 3263 925.

410 3300 551 3366 Absoluta
565 3302 620 3365 has
634 3302 819 3366 enarratione
829 3303 988 3367 maximam
1003 3310 1118 3387 partem
1133 3323 1150 3365 e
1165 3302 1273 3366 sobolis
1288 3302 1400 3366 nostris
1418 3302 1490 3365 oiim

326 3404 433 3467 habitis
446 3412 603 3489 exempta,
622 3403 652 3467 ivi
668 3403 748 3487 quoti
762 3405 974 3469 nonnullorum
989 3424 1077 3469 eausa
1091 3422 1213 3468 monera
1228 3405 1307 3468 haud
1323 3405 1362 3467 ab
1376 3422 1409 3467 re
1423 3404 1491 3467 iue-

326 3506 373 3581 rit,
388 3506 447 3569 iam
461 3525 497 3569 eo
511 3506 735 3589 praevenimur,
751 3505 831 3587 quod
845 3524 925 3572 nuno
935 3526 1028 3589 quum
1041 3508 1168 3570 maxims
1179 3507 1265 3570 nohis
1276 3506 1422 3589 agendum
1435 3514 1489 3569 est

412 3606 615 3673 indioimua
628 3610 745 3691 igitur
760 3612 855 3685 Regis
870 3615 1094 3687 Augustisstmt
1110 3610 1228 3694 patris
1243 3609 1390 3692 patrias
1405 3608 1492 3671 boni

325 3708 435 3775 iortis
454 3711 661 3777 constantis
678 3715 782 3775 sa'ora
807 3710 983 3775 nataliois
1009 3712 1067 3775 die
1092 3711 1257 3775 erastino
1279 3711 1355 3773 hor.
1371 3710 1436 3773 ΧΠ.
1457 3711 1492 3772 in

326 3813 514 3879 auditorio
534 3814 692 3877 maximo
707 3814 752 3877 ab
766 3812 1017 3878 universitate
1032 3823 1162 3878 nostra
1177 3813 1398 3878 celebranda
1413 3831 1493 3876 om·

326 3935 464 3999 nosque
475 3917 688 4000 quicunque
699 3917 806 3980 robus
817 3917 1108 3989 nostrisiavent,
1120 3918 1361 3998 magistratus
1372 3914 1493 3998 regios

185 4085 190 4094 ,
326 4018 1493 4099 sturbioos‚civilesetmiiitares,omnesqueomniumordinum

326 4121 424 4184 rivos
449 4125 558 4201 atque
582 4119 750 4206 hospites
769 4128 808 4183 ut
827 4120 952 4184 oostui
973 4129 1100 4184 nostro
1119 4120 1342 4204 trequentes
1361 4121 1495 4183 adosse

327 4222 524 4304 velintqua
539 4221 641 4286 deest
656 4221 1394 4289 observantisstraverentiainvitamua

411 4322 560 4390 nubamus
576 4324 863 4412 Gryphiswaitliaari
882 4324 958 4390 XXI.
974 4344 1015 4389 m.
1030 4322 1114 4390 Mart
1129 4324 1350 4391 MDCCCLXN.

705 4537 1103 4548 ‘anuo-affl
