3164 5138
865 370 917 466 rc*

309 602 379 653 sens
389 595 507 671 tempus
522 583 639 672 βάλλει
654 607 720 654 cum
737 591 860 654 conandi
872 589 1084 671 significatione
1094 591 1213 664 didam
1228 608 1317 671 quam
1328 591 1469 671 trequen-

308 692 452 755 tissimam
474 693 505 754 in
523 693 582 755 hoc
599 701 734 775 tempore
756 713 822 756 esse
844 694 948 755 nostis.
992 694 1055 756 vid.
1078 694 1236 756 Hermann.
1259 694 1293 755 ad
1314 692 1406 774 Soph.
1422 692 1467 754 ai.

312 795 402 857 1105.
437 796 556 859 Scidier.
572 796 608 858 ad
623 797 692 858 Eur.
708 798 812 860 Eiectr.
831 797 921 859 1262.
954 797 1018 876 Ipir.
1036 797 1122 859 Taur.
1141 796 1231 859 1284.
1272 796 1404 858 Valcken.
1420 794 1469 856 ad.

308 898 422 962 Phoen.
440 900 530 962 14115.
575 899 665 980 Apitr.
683 901 719 962 ad
736 900 828 980 Soph.
844 900 950 961 Trach.
971 918 999 979 p.
1019 900 1088 961 118.
1103 934 1146 945 -
1160 897 1270 960 Deinde
1288 915 1327 959 ne
1341 887 1471 981 δίπειρα

309 1000 425 1080 quidem
441 1001 547 1064 mutari
562 1020 684 1065 neeesse
699 1002 760 1077 erit
775 1002 825 1064 sed
842 1003 1046 1064 tantummodo
1059 995 1213 1083 Κύπριδι
1227 1019 1282 1081 pro
1296 994 1472 1085 Κύπριδος

307 1103 545 1167 rescribendum:
565 1114 594 1167 et
613 1105 684 1167 nihii
704 1105 884 1186 frequentius
905 1125 1025 1169 casuum
1045 1104 1297 1168 terminationibus
1311 1123 1328 1165 a
1341 1104 1471 1166 librariis

308 1215 480 1287 corruptum
495 1226 562 1270 esee
577 1215 700 1270 constat
743 1207 802 1270 iam
818 1209 923 1271 existet
935 1227 1037 1271 versus
1058 1208 1118 1270 hic:

355 1302 520 1393 κηλήμασι
536 1306 766 1385 παντοδαποῖς
784 1305 819 1385 ές
834 1302 979 1397 άπειΙρα
994 1303 1112 1374 δίκτυα
1125 1303 1278 1390 Κύπριδι
1293 1302 1417 1390 βάλλει.

309 1412 492 1491 compositus
512 1431 529 1472 e
548 1412 686 1492 dactylico
705 1420 818 1476 ‘uuam
838 1416 918 1478 catal.
934 1415 964 1476 in
980 1414 1041 1495 cyil.
1061 1432 1128 1476 cum
1149 1412 1297 1485 maurusi,
1318 1419 1347 1473 et
1364 1411 1470 1494 dactyi.

308 1514 431 1576 trimetr.
447 1515 528 1577 catat.
544 1515 574 1577 in
589 1515 683 1597 disyil.
698 1516 768 1578 item
783 1535 850 1579 cum
866 1519 1008 1580 anacrusi.

392 1616 426 1677 ln
445 1616 530 1678 tertio
552 1618 715 1696 fragmento
735 1618 813 1698 apud
832 1618 1012 1681 Athenaeum
1033 1617 1146 1698 xmp.
1167 1617 1229 1678 564
1251 1617 1273 1678 F
1291 1616 1473 1679 assentimur

310 1719 545 1794 Schneidewino,
564 1713 771 1799 καλλικόμων
788 1721 823 1783 ad
838 1715 993 1805 Χαρίτων
1012 1720 1113 1783 referri
1132 1719 1238 1781 debere
1256 1720 1385 1798 neganti,
1405 1737 1469 1780 non

308 1822 485 1884 assentimur
497 1822 693 1895 antemium,
708 1823 786 1902 quod
801 1823 974 1885 Boissonadi
989 1825 1155 1886 coniectura
1169 1814 1325 1883 νεανίδων
1339 1821 1470 1884 admissa

308 1924 395 1986 metri
413 1924 608 2003 integritatem
629 1925 815 2004 pessumdari
835 1934 941 1987 censet.
987 1926 1063 2000 Quid
1084 1925 1163 1986 enim
1183 1924 1357 2003 reprehendi
1371 1924 1473 2004 possit

307 2028 338 2089 in
353 2028 409 2088 irae
421 2045 558 2090 versuum
575 2026 794 2106 descriptione?

554 2121 701 2211 Είρύαλε
724 2126 864 2210 μλυκεών
884 2120 1040 2211 Χαρίτων
1060 2123 1175 2204 θάλος,

554 2226 778 2311 Καλλικόμων
799 2225 968 2317 μελέδημα
988 2223 1153 2307 νεανίδων,

260 2350 288 2401 11
552 2326 597 2394 Σὲ
618 2327 679 2412 μὲν
699 2328 834 2416 Κύπρις
854 2327 878 2395 ά
897 2326 928 2394 τ’
952 2326 1218 2418 ἀγανοβλέφαρος

553 2429 676 2498 Πειθώ
697 2429 863 2520 ῥοδέοισιν
884 2431 918 2499 έν
937 2426 1058 2498 δίνδεσι
1080 2430 1224 2517 θρέψαν,

310 2559 436 2619 quorum
457 2540 571 2620 primus
591 2546 620 2600 et
639 2538 785 2600 secundus
805 2538 965 2618 logaoedici
990 2546 1061 2599 sunt
1079 2538 1158 2619 tripi.
1179 2538 1254 2602 dact.
1274 2539 1352 2620 dupi.
1372 2541 1471 2602 uach.

309 2644 407 2718 catat,
427 2642 531 2709 tertius
551 2641 653 2722 dactyi.
676 2648 740 2703 tetr.
761 2642 841 2704 catal.
861 2642 891 2704 in
917 2642 979 2723 syii.
994 2660 1062 2704 cum
1082 2644 1231 2716 anacrusi,
1249 2650 1371 2723 quartus
1389 2643 1473 2719 dem,

309 2746 360 2808 sed
376 2763 434 2808 una
449 2743 554 2825 syllaba
569 2742 655 2805 tertio
669 2744 795 2823 longior.

391 2849 435 2910 Ex
450 2845 669 2909 maceranda
684 2864 775 2908 unum
790 2846 848 2908 hoe
865 2846 931 2907 ioco
953 2864 1070 2908 carmen
1089 2847 1119 2909 in
1134 2847 1324 2910 Artemonem
1344 2855 1473 2912 tractare

306 2951 390 3024 libet,
411 2949 599 3028 cuiusquam
616 2947 776 3029 probabilis
791 2948 936 3011 restitutio
956 2948 1028 3011 nihil
1043 2949 1203 3013 admodum
1222 2950 1397 3015 difficultatis
1411 2952 1470 3014 ha·

305 3053 381 3125 beat,
397 3052 434 3112 de
450 3049 689 3131 interpretatione
704 3056 801 3111 tamen
817 3068 876 3112 non
893 3051 1079 3114 mediocriter
1093 3052 1169 3115 inter
1183 3072 1215 3115 se
1226 3054 1403 3117 dissentiunt
1413 3055 1471 3117 riri

308 3153 479 3217 doctissimi.
523 3153 612 3214 Recte
632 3159 728 3214 autem
749 3161 853 3213 nostro
873 3152 981 3216 iudicio
1000 3154 1156 3234 Berguisa,
1178 3156 1367 3236 nuperrimos
1386 3159 1470 3220 dna·

308 3255 436 3319 creontis
455 3254 563 3329 editor,
583 3253 660 3333 apud
680 3272 768 3333 quem
787 3254 846 3316 hoc
864 3256 1062 3335 fragmentum
1081 3258 1185 3338 iegitur
1203 3278 1233 3338 p.
1256 3260 1330 3335 1111,
1352 3260 1470 3342 priores

307 3360 382 3422 duos
401 3356 561 3419 versiculos

479 3505 740 3527 ......
762 3454 869 3546 ξανθῇ
892 3454 930 3523 δέ
950 3451 982 3542 y’
1003 3453 1180 3549 Εὐρυπύλῃ
1201 3459 1292 3543 μέλει

483 3553 501 3626 o‘
524 3554 750 3648 περιφόρητος
770 3553 946 3646 Ἀρτέμων,

306 3687 340 3730 ex
355 3667 460 3729 eodem
475 3683 534 3746 quo
548 3665 660 3746 reliqua
672 3664 800 3727 carmine
814 3664 902 3746 petita
922 3684 988 3727 esse
1001 3667 1116 3729 statuit:
1131 3670 1270 3732 nonnuila
1285 3678 1385 3733 tamen
1399 3680 1470 3735 ante

305 3769 472 3852 proximum
492 3785 611 3830 versum
630 3767 741 3829 omissa
761 3766 798 3828 ab
812 3766 961 3829 athenaeo
977 3786 1141 3832 censemus,
1186 3771 1355 3852 Sequuntur
1367 3782 1466 3836 autem

169 3918 176 3933 ,
305 3872 390 3934 haec:

370 3967 449 4058 πρὶν
468 3970 528 4054 μὲν
549 3963 631 4051 ἔχων
652 3965 831 4055 βερβέριον,
853 3964 1036 4053 καλύμματ’
1057 3968 1285 4060 ἐσφηκωμένα,

369 4071 427 4137 καί
449 4066 595 4154 ξυλίνους
616 4066 841 4155 ἀστραγάλους
862 4067 897 4136 ἐν
917 4064 981 4137 dat
1003 4069 1061 4138 καί
1082 4074 1186 4161 ψιλὸν
1208 4074 1287 4165 περί
1346 4156 1349 4163 Δ

370 4175 532 4264 πλευρῇσι
556 4167 751 4260 [δερμάτιον]
774 4172 865 4257 βοδς,

369 4275 545 4343 νεύπλυτον
566 4269 685 4356 εἴλυμα
706 4279 809 4361 κακῆς
831 4268 988 4356 άσπίδος,
1010 4271 1238 4362 άρτοπιίλισιν

370 4375 671 4468 κη’θελοπύρνοισιν
692 4373 846 4460 ὁμιλέων,
869 4371 888 4442 δ
910 4379 1054 4470 πονηρὸς
1063 4374 1237 4467 Ἀρτέμων,
