3154 5138
310 651 479 715 auctoritate
493 653 690 719 Schneiderua
705 653 887 735 expunxerit,
902 652 952 734 qui
968 653 1004 717 de
1019 648 1101 713 omni
1111 650 1169 712 boc
1179 667 1284 730 geone
1294 652 1457 723 structurae,

312 759 403 833 etqua
413 754 526 816 ratione
533 754 562 816 iu
578 772 791 836 nonnunquam
806 774 822 817 a
838 754 1033 835 scriptoribus
1048 760 1219 832 usurpatum
1235 751 1286 823 sit,
1301 769 1362 813 non
1377 752 1461 815 semel

311 854 471 919 admonuit.
515 857 617 936 Neque
632 876 700 919 roro
717 857 898 921 ciceroniani
913 856 970 918 loci
983 856 1057 919 ratio
1078 854 1215 936 prudenti
1228 853 1327 915 lectori
1343 852 1462 915 obscura

311 975 378 1019 aeae
388 964 496 1035 potest.
525 958 658 1021 Primum
674 960 753 1025 euim
769 979 823 1040 per
837 958 978 1021 ablativos
994 958 1158 1030 absolutos,
1173 954 1342 1017 dentibus
1359 955 1393 1018 in
1407 975 1465 1017 ore

312 1058 550 1133 constructis,
576 1069 695 1125 naturae
719 1061 914 1127 admonemur
940 1060 1098 1131 creatricis,
1118 1056 1201 1121 ouius
1221 1057 1401 1138 providentia
1424 1059 1464 1121 la-

312 1165 392 1220 etum
407 1159 457 1233 sit,
476 1168 510 1221 ut
528 1160 627 1225 omnia
647 1162 780 1242 corporis
799 1162 930 1227 membra
951 1180 1006 1223 auo
1022 1178 1153 1242 quaeque
1170 1160 1236 1221 loco
1252 1166 1319 1241 apte
1335 1159 1467 1222 collocata

311 1258 476 1335 videamus,
493 1263 577 1343 quasi
592 1264 700 1329 dictum
717 1266 768 1327 ait:
790 1283 895 1346 quum
915 1270 1030 1325 autem
1046 1263 1174 1327 dentes
1189 1281 1206 1324 e
1221 1270 1347 1324 natura
1361 1262 1395 1324 in
1410 1281 1467 1324 ore

313 1364 515 1427 constructi
531 1364 614 1427 sint.
658 1365 720 1428 lam
739 1384 807 1428 vero
827 1367 858 1428 in
877 1366 986 1446 reliqua
1004 1364 1204 1429 enuntiatione
1219 1380 1312 1444 quum
1326 1373 1470 1444 repetatur

312 1463 443 1531 dentium
469 1468 551 1529 notio
573 1467 670 1531 addita
689 1468 810 1550 insuper
823 1469 1057 1551 praepositione,
1076 1466 1117 1528 ab
1135 1467 1206 1542 bis,
1228 1466 1314 1548 quasi
1329 1467 1469 1548 quosdam

311 1566 463 1631 ministros
478 1569 607 1649 cogitare
621 1570 764 1646 iubentur,
779 1572 908 1635 iniuncto
925 1571 980 1635 eibi
995 1589 1117 1634 munere
1132 1578 1219 1651 atque
1234 1569 1333 1632 cilicio
1349 1570 1471 1648 lungen-

313 1676 366 1733 teo.
395 1670 505 1737 Eadem
520 1672 595 1735 ratio
611 1674 795 1752 agnoscenda
811 1684 856 1739 eat
871 1675 967 1756 paullo
978 1682 1061 1755 poet:
1078 1672 1262 1736 conlectio
1279 1671 1472 1750 (ciborum)

312 1773 416 1835 etiarn
432 1793 448 1839 a
463 1774 583 1857 lingua
598 1777 759 1839 adiuvari
774 1778 926 1841 ridetur.
941 1779 1011 1840 item
1027 1797 1050 1839 c
1066 1776 1124 1851 LV,
1136 1774 1211 1838 139:
1225 1774 1318 1841 adue
1332 1791 1472 1845 nervos,

312 1876 485 1956 aquibus
512 1887 609 1941 artus
636 1880 878 1942 continentur.
907 1899 931 1942 c
960 1878 1044 1953 LVll,
1073 1880 1147 1943 144:
1177 1876 1339 1952 auditus,
1364 1896 1382 1941 a
1406 1895 1474 1957 quo

313 1996 417 2059 quum
438 1999 548 2043 sonus
567 1990 622 2044 est
642 1991 821 2063 exceptus.
865 1983 938 2047 Nam
957 1982 1003 2044 his
1023 1981 1161 2043 omnious
1179 1980 1255 2043 loeis
1270 1999 1307 2043 ex
1325 1979 1417 2043 meria
1430 1980 1474 2043 in·

312 2082 494 2156 strumentis,
507 2102 561 2163 per
576 2084 673 2146 nudos
688 2084 827 2149 ablativos
843 2082 1049 2163 significandis,
1065 2083 1147 2163 quani
1159 2082 1311 2164 quondam
1324 2083 1475 2145 ministros

313 2184 406 2247 laetos
421 2184 569 2259 videmus,
588 2186 634 2248 sui
655 2205 802 2267 quemque
820 2187 952 2249 muneris
972 2187 1152 2262 effectorem,
1173 2193 1282 2267 eatque
1296 2186 1372 2249 baec
1385 2203 1476 2247 mero·

312 2285 435 2348 brorum
449 2288 664 2370 personisrratio
680 2323 722 2334 -
738 2290 762 2351 ai
781 2289 849 2351 licet
868 2288 982 2353 novicio
998 2287 1129 2351 vocabuli
1144 2288 1196 2363 uti,
1215 2306 1342 2352 -non
1357 2286 1476 2351 mutum

312 2388 425 2453 diversa
441 2389 476 2451 ab
491 2410 539 2464 ea,
556 2409 643 2471 quarn
659 2391 736 2472 apud
751 2391 864 2455 Livium
879 2391 919 2465 ll,
939 2390 980 2452 32
999 2391 1151 2453 Menenius
1165 2389 1315 2472 Agrippa,
1330 2389 1409 2471 apud
1423 2388 1477 2450 lle-

312 2492 496 2571 nopbouteur
511 2493 597 2577 Mem.
613 2493 646 2569 ll,
663 2493 693 2568 3,
711 2493 749 2557 18
765 2494 915 2567 Socrates,
933 2493 1011 2555 etad
1027 2492 1114 2555 buius
1130 2494 1302 2574 exemplum
1319 2493 1431 2557 Seneca
1444 2489 1478 2553 de

311 2593 358 2655 lra
371 2593 407 2665 ll,
424 2594 474 2657 31.
491 2603 519 2656 et
533 2595 632 2658 Cicero
647 2595 713 2677 ipae
727 2596 763 2658 de
778 2596 861 2659 Offic.
876 2595 924 2670 ΙΙΙ,
936 2597 966 2669 5,
983 2594 1024 2657 22
1038 2602 1230 2676 usurparunt.

398 2697 466 2778 Cap.
478 2700 536 2773 LV,
555 2700 630 2762 137:
647 2717 738 2780 mum
757 2699 844 2779 vulgo
865 2699 951 2761 cibus
971 2717 1024 2778 per
1044 2717 1147 2759 venam
1164 2717 1270 2763 cavam
1287 2699 1326 2763 ad
1341 2717 1395 2762 cor
1410 2715 1478 2760 con·

312 2803 405 2867 lectus
419 2802 477 2867 iarn
494 2809 689 2882 coctusque
703 2801 814 2883 perlabi
830 2800 955 2875 dicatur,
971 2800 1118 2875 Klotcius,
1138 2810 1284 2865 coctum
1301 2802 1335 2865 in
1357 2818 1480 2882 corpore

312 2904 410 2967 cibum
425 2923 481 2984 pro
496 2913 671 2967 concocta
686 2914 764 2967 recte
779 2905 835 2967 dici
850 2921 970 2984 negans,
986 2905 1045 2966 boc
1059 2905 1170 2983 ipsum,
1183 2914 1480 2985 concoctosque,

312 3024 455 3086 reponere
469 3024 531 3068 non
543 3006 691 3079 dubitavit,
707 3008 828 3087 eiusque
842 3006 996 3086 vestigium
1012 3007 1100 3068 etiarn
1115 3005 1253 3069 relietum
1270 3026 1342 3070 ease
1355 3002 1481 3089 putatin

311 3106 422 3187 aliquot
436 3108 572 3170 codicum
593 3108 736 3187 scriptura
757 3116 980 3189 coactusque.
1025 3109 1098 3172 Nam
1118 3109 1198 3189 quod
1220 3109 1254 3172 in
1280 3109 1424 3173 omnibus
1443 3106 1483 3168 sic

310 3210 453 3290 seriptum
468 3229 534 3271 esse
548 3211 596 3285 ait,
610 3212 751 3275 relutatur
766 3211 873 3274 Moneri
888 3210 1087 3285 annotatione,
1102 3230 1178 3292 quae
1193 3211 1269 3275 illud
1283 3212 1412 3276 alterum
1425 3227 1483 3272 unu

309 3312 400 3376 modo
415 3312 447 3375 in
462 3311 575 3392 optimo
590 3313 769 3393 Erlanqeusi
784 3314 938 3376 sedetiam
952 3314 984 3375 in
998 3314 1232 3379 Laudeebutano
1250 3315 1306 3393 (Η)
1323 3324 1354 3378 et
1365 3313 1482 3376 Norin-

309 3413 442 3494 bergenai
458 3415 495 3489 (l)
511 3415 652 3495 scriptum
668 3434 735 3477 asse
750 3424 880 3489 metatur,
895 3415 1000 3496 quibus
1015 3417 1124 3478 aceedit
1136 3416 1390 3481 vindobonensia
1405 3423 1483 3478 retu

310 3518 465 3591 stiaaimua,
471 3518 554 3580 cuius
561 3518 746 3581 collationem
756 3519 784 3580 iu
792 3518 926 3580 manibus
935 3518 1037 3580 babeo.
1045 3518 1132 3592 Quod
1139 3527 1240 3581 autem
1253 3520 1347 3583 etiam
1361 3535 1482 3581 consue-

309 3620 440 3682 tudinem
453 3620 546 3683 Latini
562 3621 708 3682 sermonis
724 3631 919 3682 cononatus
939 3621 1087 3701 requirere
1102 3629 1249 3699 autumat,
1260 3623 1359 3704 prael.
1373 3616 1484 3703 pxxl.

309 3722 443 3802 Madvigii
462 3723 663 3784 auctoritatem
685 3721 829 3802 sequitur,
845 3722 927 3785 cuius
948 3722 1020 3784 baec
1035 3722 1121 3785 verba
1141 3731 1215 3785 sunt
1236 3724 1276 3787 ad
1299 3725 1333 3787 C.
1351 3725 1388 3787 de
1403 3723 1483 3787 Fiun-

308 3825 345 3899 ll,
360 3824 411 3898 20,
427 3826 478 3898 64,
495 3823 543 3886 ubi
557 3824 588 3885 in
603 3824 667 3886 eod.
682 3824 798 3904 Erlanq.
815 3824 858 3887 sic
872 3823 1015 3905 scriptum
1030 3832 1089 3887 est:
1104 3824 1184 3887 cibo
1202 3826 1269 3904 qui
1286 3836 1325 3889 et
1345 3825 1485 3893 euaris-

309 3927 422 3989 simus
442 3936 538 3990 esset
557 3937 589 3989 et
608 3927 698 3991 idern
720 3927 913 3991 lacilliroua
933 3928 974 3989 ad
1001 3928 1250 4007 coquendum:
1276 3924 1484 4009 ,peranguste

308 4029 481 4110 scripturam
494 4029 629 4091 uibilnisi
647 4030 785 4093 ruendum
797 4039 880 4110 puto,
897 4030 946 4112 qui
962 4050 1027 4093 eum
1039 4030 1215 4111 Spaldiugio
1233 4032 1272 4095 ad
1287 4028 1487 4109 Quinutvsst

309 4136 338 4207 4,
362 4133 399 4194 16
420 4151 569 4214 nunquam
591 4150 741 4212 coquere
761 4133 857 4197 cibum
872 4152 927 4215 pro
949 4151 1176 4214 concoquere
1199 4134 1323 4197 dictum
1344 4132 1485 4198 eredam“·

307 4238 402 4314 Atque
417 4235 463 4296 bis
479 4235 566 4296 etiam
581 4234 725 4295 rationem
742 4236 885 4315 adiungit:
902 4235 1025 4316 „Neque
1045 4237 1149 4298 euim“
1164 4235 1208 4298 ait
1231 4239 1386 4312 „verbum
1406 4239 1436 4300 in
1452 4255 1484 4297 oo

306 4350 373 4417 ipso
393 4336 591 4409 substantivo,
611 4336 641 4397 in
660 4356 719 4416 quo
740 4346 847 4399 certam
869 4338 1054 4419 (physicam)
1075 4337 1335 4418 significationem
1356 4340 1484 4409 namra.

306 4438 455 4501 transterri
472 4438 527 4499 alio
549 4438 670 4517 potuit“.
701 4439 809 4503 Vereor
823 4446 928 4513 autem,
942 4448 976 4503 ut
989 4440 1078 4521 accipi
1094 4440 1164 4505 baec
1180 4443 1264 4505 ratio
1282 4444 1400 4525 poenit,
1415 4459 1483 4522 quae
