3276 5144
689 454 837 552 ..dP-.-

183 645 281 725 ipsum
301 642 427 706 maxime
446 642 598 705 offensioni
617 663 691 718 esse,
712 662 774 707 non
795 643 885 708 modo
904 661 966 707 non
987 643 1099 709 dictum
1119 662 1183 707 esse
1200 645 1344 726 abacto,

182 748 261 828 quod
276 747 312 809 ad
327 745 561 829 perspiciendum
576 747 656 809 illum
678 765 787 811 nexum
807 747 929 826 intelligi
949 764 1069 810 necesse
1088 748 1142 820 sit,
1164 747 1215 809 sed
1231 748 1342 811 dictum

181 851 280 922 etiam,
297 850 376 931 quod
391 849 508 911 lectoris
522 849 654 912 animum
669 850 725 912 alio
740 861 849 913 avocet
877 849 952 911 Nam
967 868 1060 931 quum
1076 850 1248 913 adversus
1263 870 1342 914 mo-

181 970 238 1014 ras
254 951 457 1015 obsidionis
473 952 580 1014 milites
596 953 728 1015 lirmatos
742 953 851 1027 scribit,
867 970 927 1014 non
942 971 995 1015 cur
1005 954 1115 1016 alacres
1126 952 1162 1015 ad
1173 953 1343 1034 eruptiones

180 1054 334 1129 iaciendas,
357 1055 409 1116 sed
425 1063 540 1118 tanturn
556 1073 609 1117 our
622 1056 713 1118 fortes
733 1057 769 1119 ad
786 1055 951 1118 tolerandas
974 1055 1077 1136 longas
1093 1056 1262 1120 obsidiones
1276 1057 1342 1121 lue-

180 1158 250 1232 rint,
276 1158 381 1220 docere
406 1159 478 1220 velle
501 1158 622 1220 videtur.
663 1159 706 1221 Ac
731 1158 852 1221 memini
874 1178 922 1220 me
946 1158 1031 1230 olim,
1052 1176 1145 1238 quum
1161 1160 1238 1222 hauc
1252 1161 1341 1223 ritem

180 1260 329 1341 Agricolae
343 1260 374 1320 in
388 1260 544 1323 seminario
559 1280 627 1324 curn
649 1261 883 1324 adolescentibus
904 1260 1057 1343 philologis
1080 1269 1247 1337 tractarem,
1270 1280 1342 1324 ean·

180 1362 248 1425 dem
270 1381 358 1442 quam
378 1362 520 1424 Kritzinm
541 1363 597 1426 loci
617 1364 841 1446 explicationem
863 1364 1036 1444 periclitari:
1064 1365 1115 1426 sed
1130 1364 1343 1444 obloquebatur

180 1482 258 1527 unus
273 1484 290 1526 e
304 1465 451 1528 sodalibus
467 1466 611 1545 verbaque
626 1466 673 1527 illa
687 1483 742 1528 nec
757 1466 880 1528 delenda
895 1485 950 1529 nec
964 1474 1066 1545 argute
1083 1466 1273 1541 defendenda,
1290 1467 1342 1529 sed

180 1569 398 1649 transponenda
416 1569 447 1630 in
461 1569 626 1650 proximam
643 1568 797 1648 periodum
819 1568 973 1631 suadebat:
1006 1569 1059 1630 lta
1084 1568 1268 1650 intrepida
1294 1570 1341 1632 ibi

179 1671 311 1733 hiems:
333 1671 482 1733 crebrae
501 1671 720 1752 eruptiones
746 1678 781 1733 et
803 1671 874 1733 sibi
893 1672 1044 1752 quisque
1060 1672 1256 1754 pracsidio.
1271 1671 1341 1735 llihi

178 1774 237 1836 hoc
259 1774 413 1837 consilium
434 1773 553 1857 placuit,
575 1791 631 1835 neo
650 1772 714 1836 aliis
728 1772 853 1836 tortasse
869 1774 1041 1855 displicebit.
1086 1774 1263 1855 Eroptiones
1278 1792 1341 1838 non

179 1878 276 1940 solum
288 1880 339 1959 qui
354 1878 526 1940 obsidentur
540 1878 637 1940 lacere
650 1876 798 1953 dicuntur,
813 1876 864 1937 sed
880 1877 1049 1959 quicunque
1064 1877 1156 1939 esuis
1170 1877 1274 1939 castris
1288 1885 1342 1939 aut

179 1981 303 2043 castellis
318 1982 348 2042 in
362 1980 492 2042 bostium
509 1981 582 2041 fines
597 1979 760 2041 incmrunt
790 1979 852 2041 Vid.
869 1980 950 2041 Caes.
965 1976 998 2040 B.
1015 1978 1049 2040 G.
1066 1979 1125 2052 Vll,
1141 1979 1171 2053 7,
1188 1978 1217 2040 2.

264 2082 334 2163 Cap.
349 2082 440 2155 XXX,
461 2083 497 2143 l:
519 2082 619 2143 Nunc
642 2081 828 2142 terminus
853 2081 1067 2143 Britanniae
1092 2088 1205 2161 patet,
1230 2088 1342 2163 atque

180 2204 282 2249 omne
307 2187 472 2267 ignotum
501 2203 565 2265 pro
596 2182 793 2264 magnifico
823 2190 887 2244 est.
924 2182 992 2244 Sed
1017 2183 1117 2245 nulla
1143 2182 1214 2245 iarn
1238 2185 1341 2247 ultra

179 2307 264 2370 gens
289 2296 356 2351 etc.
400 2288 625 2349 instratum
650 2286 748 2348 locum
771 2285 889 2347 Wexius
913 2291 945 2347 et
967 2284 1095 2346 Kritzius
1121 2285 1340 2366 interpretando

179 2392 255 2454 tueri
269 2399 421 2464 conantur,
437 2390 468 2451 in
483 2406 543 2471 quo
558 2388 694 2469 equidem
711 2387 821 2449 nullam
839 2404 940 2449 sanam
955 2388 1167 2450 sententiarum
1179 2389 1340 2451 connexio-

177 2511 247 2556 nem
262 2494 379 2574 agnosci
394 2512 483 2576 posse
497 2509 613 2554 censeo.
636 2491 737 2571 Neque
752 2490 831 2551 enim
846 2489 985 2569 intelligo,
1001 2508 1057 2570 qua
1072 2492 1183 2554 ratione
1197 2511 1266 2555 oum
1280 2493 1340 2566 illo,

178 2597 257 2678 quod
282 2596 426 2658 terminus
440 2595 604 2656 Britanniae
629 2599 738 2675 pateat,
763 2592 822 2653 boc
846 2591 982 2666 alterum,
1008 2594 1087 2674 quod
1103 2606 1191 2657 omne
1205 2595 1339 2676 ignotum

178 2717 232 2779 pro
248 2698 401 2778 magnifico
416 2698 468 2769 sit,
484 2698 528 2759 sic
542 2714 595 2778 per
609 2703 723 2776 atque
733 2695 871 2776 coniungi
885 2695 1029 2776 potuerit,
1044 2713 1142 2777 neque
1157 2698 1264 2778 magis,
1280 2716 1339 2778 qua

179 2800 292 2863 ratione
306 2818 410 2861 rursus
425 2799 502 2872 huic,
519 2798 599 2880 quod
614 2815 703 2859 omne
717 2797 850 2877 ignotum
866 2817 921 2878 pro
936 2798 1090 2878 magnilica
1105 2800 1152 2871 sit,
1175 2808 1342 2882 opponatur

176 2903 262 2966 illud:
284 2902 336 2963 sed
362 2901 441 2964 nulla
465 2901 524 2962 iem
550 2901 626 2962 ultm
640 2916 721 2980 gene.
752 2898 827 2960 Nom
844 2902 924 2981 quod
940 2902 1022 2963 aiunt
1036 2901 1192 2982 Galgacum
1209 2902 1246 2979 tis
1260 2903 1339 2965 enim

176 3005 320 3086 loquitur)
336 3010 494 3085 postquam
509 3003 677 3066 Britanniae
692 3002 853 3064 terminum
868 3009 969 3083 patere
984 3003 1065 3079 dixit,
1079 3004 1237 3067 admonere
1252 3005 1340 3067 etiarn

177 3127 247 3171 suos
263 3108 398 3180 voluisse,
414 3124 475 3168 oon
496 3105 622 3185 amplius
638 3121 772 3184 magnam
789 3103 825 3165 de
840 3105 876 3167 iis
891 3105 967 3186 apud
983 3105 1134 3168 Romanos
1145 3106 1340 3169 existimatio-

176 3228 246 3272 nem
261 3228 339 3271 esse:
356 3209 464 3293 quippe
476 3208 573 3289 ignota
588 3207 706 3286 quidem
722 3207 820 3268 omnia
832 3226 887 3287 pro
900 3209 1062 3289 magnificis
1073 3209 1183 3282 baberi,
1200 3209 1228 3271 id
1240 3217 1340 3273 autem

175 3322 207 3384 in
220 3313 310 3393 ipsos,
322 3320 424 3392 utpote
435 3311 580 3391 patefacto
592 3309 759 3371 Britanniae
774 3311 903 3372 termine
918 3328 979 3374 noo
994 3313 1121 3394 amplius
1136 3312 1263 3392 ignotos,
1278 3330 1339 3375 non

177 3415 293 3476 cadere:
310 3415 368 3476 hoc
381 3415 406 3475 si
415 3414 554 3494 Galgacus
569 3412 600 3474 in
615 3404 714 3475 niente
728 3413 839 3487 babuit,
854 3414 1006 3475 latendum
1018 3415 1162 3495 proiecto,
1178 3415 1287 3478 omissa
1302 3415 1340 3479 ab

177 3536 213 3578 eo
228 3516 276 3578 illa
290 3517 354 3597 ipsa
368 3536 442 3589 esse,
458 3536 532 3597 quae
547 3517 644 3579 omitti
658 3517 714 3579 uisi
729 3517 766 3579 ab
780 3537 825 3586 eo,
842 3516 892 3595 qui
906 3517 992 3596 plane
1006 3515 1125 3595 intelligi
1140 3517 1242 3593 nollet,
1257 3519 1338 3581 nullo

177 3618 268 3681 modo
284 3626 414 3698 possent.
443 3617 562 3680 Accedit
577 3619 699 3681 mirilica
713 3619 768 3680 ista
784 3618 944 3701 oppositio:
966 3635 1071 3680 omne
1092 3619 1256 3699 ignotum
1272 3638 1338 3699 pro

175 3720 390 3801 magnifico,
416 3719 476 3781 sed
501 3721 607 3783 nulla
632 3722 702 3784 iam
723 3723 826 3784 ultra
845 3738 940 3802 gens.
986 3720 1202 3783 llancWexius
1221 3721 1339 3784 silentio

174 3822 385 3907 praetermisit,
401 3821 527 3883 Kritzim
542 3830 654 3893 autem,
676 3843 767 3903 quum
783 3823 892 3906 opponi
907 3824 980 3885 haec
994 3824 1071 3885 inter
1084 3843 1116 3885 se
1132 3840 1192 3886 non
1206 3824 1338 3904 potuisse

174 3928 328 4008 intelligat,
350 3925 568 4009 oppositionem
584 3944 647 3987 esse
662 3935 764 4007 negat,
785 3927 986 4007 gradationem
1002 3927 1180 3989 adversativa
1195 3927 1338 4008 particula

175 4029 330 4112 significari
345 4030 407 4090 vult
420 4027 450 4088 in
465 4026 545 4089 hunc
559 4028 697 4089 modum:
713 4047 774 4091 non
790 4030 886 4093 solum
901 4030 1068 4092 Britanniae
1082 4028 1227 4091 terminus
1242 4036 1334 4111 patet,

174 4133 225 4195 sed
248 4133 336 4194 etiam
358 4132 436 4192 ultra
461 4147 517 4191 uos
542 4128 623 4191 nulla
644 4149 717 4209 gens
732 4140 786 4205 est,
808 4132 842 4194 ad
859 4151 948 4213 quam
963 4150 1018 4194 nos
1032 4131 1162 4211 recipere
1177 4133 1336 4213 possimus.

175 4235 269 4307 Quam
278 4234 478 4314 gradationem
488 4249 548 4293 oon
559 4232 705 4293 sioesalto
714 4234 843 4313 quodam
855 4235 907 4297 viri
917 4234 1110 4297 sollertissimi
1122 4234 1197 4296 effici
1205 4235 1337 4318 potrrisse

176 4336 323 4399 ridemus:
344 4335 547 4399 transsilienda
567 4335 647 4399 enirn
667 4336 789 4398 luerunt
808 4336 894 4400 rerb‘a
913 4338 1046 4418 proxima
1061 4337 1097 4401 de
1112 4337 1212 4418 ignoto
1227 4346 1257 4399 et
1272 4356 1336 4399 nra-

173 4440 288 4521 gnilico,
304 4448 337 4503 nt
352 4448 490 4524 superato
506 4441 562 4503 hoc
573 4439 724 4503 intervallo
740 4439 776 4503 ad
792 4440 950 4503 terminum
966 4441 1132 4503 Britanniae
1148 4458 1251 4503 rursus
1266 4459 1335 4522 per·
