3178 5136
124 626 234 687 sitatem
254 638 431 686 coacervare
451 621 582 698 student,
606 622 705 704 quales
725 630 795 684 sunt
813 630 991 687 mercatores
1013 623 1117 706 aliique
1141 625 1172 689 id
1193 645 1286 709 genus

122 727 266 802 hominos,
281 743 414 806 quorum
430 743 478 788 ara
489 719 731 812 χρηματιοτική
745 733 799 799 eat,
813 725 941 806 nihilque
955 727 992 790 ad
1003 729 1206 792 oeconomiam
1216 749 1285 811 per-

123 832 205 893 tinet:
225 829 335 891 eodem
354 828 449 890 modo
469 828 556 890 etiam
575 826 666 889 Stoiei
684 827 761 889 hane
778 825 1038 914 χρηματιστικήν
1056 830 1092 893 ah
1112 833 1286 896 oeconomia

124 934 325 1003 seiunxerunt,
345 930 539 1011 dixeruntque
552 922 728 1011 ἐμπειρίαν
741 925 989 1016 περιποιήσεως
1001 928 1173 1017 χρημάτων
1187 926 1286 1019 ripar-

126 1032 199 1113 θῶς,
221 1028 284 1096 καὶ
300 1026 372 1110 ἕξιν
385 1022 652 1115 ὁμολογουμένως
667 1025 937 1118 ἀναστρέφεσθαι
951 1031 1115 1098 ποιοῦσαν
1133 1030 1169 1100 ἐν
1186 1054 1285 1099 σανα·

125 1134 212 1222 μιμῇ
225 1129 414 1222 χρημάτων,
436 1130 493 1197 καὶ
506 1129 642 1220 τηρήσει
657 1130 715 1196 καὶ
731 1125 894 1199 matriae
914 1132 999 1221 πρὸς
1017 1129 1184 1223 εὐπορίαν.
1213 1140 1284 1221 Epi-

124 1240 199 1302 eurei
211 1255 343 1319 quoque,
356 1237 423 1299 lieet
433 1236 595 1299 divitiarum
609 1236 740 1299 studium
754 1237 978 1320 haudquaquam
989 1257 1006 1300 a
1017 1240 1149 1321 sapiente
1159 1240 1285 1304 alienum

119 1343 295 1415 iudicarent,
315 1357 410 1419 neque
424 1338 626 1420 possessionis
639 1338 763 1401 modum
783 1340 846 1402 sota
864 1341 1039 1404 necessitate
1059 1342 1186 1417 finirent,
1207 1354 1284 1407 oerta

123 1454 224 1508 tamen
240 1451 384 1525 quaestus
399 1458 505 1521 genera
518 1458 579 1502 non
594 1441 694 1503 minus
709 1460 798 1522 quam
814 1444 900 1505 aeteri
916 1444 1128 1526 improbarum
1143 1453 1173 1507 et
1182 1446 1285 1509 Philo·

120 1551 227 1612 demus
242 1546 301 1609 tria
316 1552 430 1607 tanturn
445 1545 574 1626 sapiente
588 1543 675 1623 digua
690 1562 757 1607 esse
771 1547 951 1626 pronuntiat,
972 1547 1129 1628 dequibus
1148 1568 1217 1611 mox
1236 1549 1285 1612 di·

24 1728 25 1743 ρ
119 1651 249 1713 surdum
265 1646 330 1710 erit.
356 1645 415 1708 Sed
429 1647 466 1708 de
480 1644 644 1709 diuitiarum
659 1647 757 1709 studio
773 1655 802 1708 et
815 1647 884 1711 hino
898 1649 1064 1712 definiendo
1078 1652 1285 1717 oeconomioae

24 1744 26 1775 ⁷
119 1751 274 1815 doctr-inae
296 1749 422 1811 oonsilio
444 1748 607 1813 Philodami
628 1749 712 1812 loeus
735 1768 826 1832 prauo
851 1750 995 1814 editorum
1022 1754 1226 1834 supplemento
1253 1755 1283 1817 in

119 1857 246 1918 ahenam
264 1852 441 1915 sententiam
454 1852 586 1915 detortus
598 1862 652 1927 est,
667 1871 697 1933 p.
714 1852 763 1927 49,
779 1853 835 1915 20:
851 1849 1030 1939 φιλοσόφῳ
1047 1847 1079 1917 d'
1092 1850 1164 1919 dori
1179 1852 1283 1919 πλού-

117 1980 178 2022 του
191 1951 335 2040 μμκρῙόν,
356 1944 377 2017 ὃ
391 1948 630 2037 παρεδώκαμεν
644 1955 806 2035 [cinomiam
822 1956 892 2031 τοῖς
904 1959 1141 2041 καθημεριόαιν]
1160 1953 1194 2021 ἐν
1212 1958 1284 2037 τοῖς

119 2056 376 2144 acutarumque
392 2061 528 2133 [νόμοις
553 2050 639 2120 ὥστε
651 2055 710 2142 τήν
726 2051 926 2136 οἰκοῐνομιαμ
939 2056 998 2143 τῆς
1011 2078 1047 2121 τι
1064 2054 1182 2123 τούτου
1202 2057 1282 2147 κτή-

119 2182 202 2239 σοως
215 2157 278 2225 καὶ
292 2158 351 2246 τῆς
364 2154 480 2223 τούτου
494 2155 645 2245 φυλακῆς
659 2154 926 2244 παραδίδοσθαι.
952 2160 1051 2223 Prima
1066 2162 1152 2226 verba
1167 2165 1192 2225 si
1207 2165 1282 2228 torte

117 2268 175 2329 hoe
190 2264 362 2347 significare
376 2263 505 2325 editores
525 2262 719 2337 erediderunt,
739 2262 862 2344 sapienti
882 2280 988 2342 parvas
1003 2280 1076 2344 opes
1096 2264 1237 2340 sufficere,
1252 2275 1281 2329 et

117 2369 233 2450 linguae
248 2368 310 2429 aim
325 2366 494 2440 intulerunt,
512 2373 541 2426 et
559 2373 689 2427 mentem
703 2365 866 2428 Philodami
887 2384 919 2427 se
937 2382 999 2428 non
1020 2374 1195 2448 assequutus
1216 2387 1282 2431 essa

118 2473 293 2547 ostendunt,
308 2468 390 2531 euius
404 2468 538 2549 proxima
553 2467 650 2529 omnis
665 2467 824 2548 disputatio
839 2469 868 2528 in
884 2486 920 2529 eo
937 2479 1106 2550 aucupatur,
1121 2480 1155 2535 ut
1166 2470 1280 2535 divitias

118 2575 265 2657 optabiles
280 2592 345 2634 asse
360 2571 471 2633 domat.
490 2570 554 2633 sin
569 2588 637 2632 aero
654 2588 718 2632 eam
734 2570 908 2633 sententiam
923 2590 989 2633 esse
1010 2573 1172 2650 voluerunt,
1193 2592 1282 2655 quam

117 2679 238 2761 quidem
258 2678 357 2756 lingua
372 2674 466 2737 solam
481 2673 618 2748 admittit,
638 2682 670 2735 ut
683 2673 864 2754 philosopha
879 2673 998 2754 exiguae
1013 2695 1086 2757 opes
1101 2696 1167 2739 esse
1181 2677 1280 2739 diean-

118 2790 172 2855 tur,
200 2783 282 2843 hane
302 2796 350 2840 res
370 2776 434 2857 ipsa
454 2775 555 2838 falsam
576 2794 641 2839 osse
660 2775 857 2838 demonstrat:
882 2793 950 2838 nam
970 2796 1031 2840 non
1053 2796 1164 2857 paucos
1183 2779 1280 2859 philo-

119 2884 233 2966 sophos
251 2880 409 2963 perdivites
425 2878 654 2959 omnitempore
669 2878 760 2941 fuisse
774 2878 840 2958 quis
859 2876 974 2940 nescit?
1005 2878 1197 2943 Sorihendum
1218 2890 1278 2945 est:
1297 2896 1327 2948 31

119 2978 304 3072 φιλοσόφῳ
319 2973 351 3044 δ’
367 2974 438 3043 ἐστὶ
453 2975 599 3044 πλούτου
613 2988 788 3061 putusque:
807 2989 893 3061 atque
906 2981 947 3043 ite
966 2981 1085 3045 domum
1106 2983 1190 3046 etiam
1211 2984 1281 3048 iilud

120 3086 346 3159 museotarium,
359 3077 443 3146 ὥστε
448 3078 508 3167 τήν
516 3075 713 3163 οἶκομομιιον
720 3078 799 3161 κτλ,
811 3091 889 3145 reate
897 3083 1066 3149 adiunctum
1074 3106 1140 3150 esse
1150 3097 1280 3169 apparet.

119 3189 295 3254 intermedia
305 3204 376 3249 aero
389 3186 548 3249 enuntiatio
560 3187 589 3248 in
601 3186 681 3248 hunc
691 3186 814 3248 modum
828 3187 1005 3251 restituenda
1019 3189 1145 3253 ridetur:
1162 3179 1281 3274 ὃπαρ·

121 3286 291 3373 arduam
315 3291 507 3364 [ἀκολούθως
529 3287 600 3364 τοῖς
618 3290 855 3374 καιθηγεμιόαιν]
880 3284 915 3352 ἐν
936 3290 1007 3365 τοῖς
1030 3287 1110 3375 περὶ
1135 3285 1281 3354 πλούτου

121 3390 248 3479 λόγοιςι
273 3394 351 3475 quod
368 3395 572 3473 proposuimus
592 3402 780 3453 commemo
800 3410 866 3454 aum
882 3395 1030 3473 moqiotria
1052 3396 1084 3455 iu
1101 3397 1139 3457 iia
1157 3414 1229 3476 quoe
1248 3396 1282 3458 de

122 3501 227 3563 divitiis
243 3498 439 3578 dispadomat,
455 3503 505 3555 aut
520 3495 607 3557 etiam
623 3496 840 3576 disputavimus.
866 3496 939 3558 Nam
954 3496 1013 3557 hoc
1027 3496 1144 3576 quidem
1159 3515 1220 3560 non
1233 3518 1281 3561 sa-

124 3602 157 3663 tis
168 3598 300 3665 disoerm
315 3605 422 3679 potest,
438 3605 537 3659 utrum
553 3615 639 3659 suam
654 3597 690 3659 de
706 3596 812 3660 divitiis
828 3597 1056 3679 disputationem
1072 3598 1223 3678 significet,
1245 3618 1282 3663 an

123 3704 254 3778 aliorum,
269 3721 305 3764 ex
320 3700 465 3763 veteribus
481 3707 576 3763 aeoue
587 3718 658 3762 suae
669 3700 859 3781 principibus,
873 3719 947 3782 quos
959 3694 1191 3785 καθηγεμόνας
1201 3703 1281 3777 dicit,

123 3807 195 3870 reiut
212 3804 385 3876 mahadam,
406 3803 488 3865 euius
509 3803 615 3864 iihrum
635 3796 715 3887 περὶ
735 3795 882 3866 πλούτου
899 3813 929 3865 et
943 3803 1087 3884 Diogenes
1101 3803 1133 3864 L.
1149 3822 1280 3868 comme-

124 3918 217 3971 morat
232 3907 269 3981 Σ
284 3904 325 3967 24
345 3905 460 3967 tomfl
480 3924 509 3987 p.
530 3906 601 3978 461,
625 3915 654 3966 et
673 3922 743 3966 mox
762 3906 826 3986 ipse
838 3905 1029 3968 Philodemus
1049 3907 1124 3969 citat.
1140 3926 1213 3970 vers.
1229 3909 1280 3971 24.

125 4011 237 4084 Quodsi
246 4010 308 4072 hoo
318 4006 473 4083 sumimus,
491 4008 568 4089 quod
582 4024 652 4070 sane
663 4007 845 4087 probahisaus
862 3996 1283 4091 αοι,“ι11αάὃπαριδώκαμιν

125 4114 266 4194 pertinere
280 4112 413 4175 ἀίωωαε
427 4112 463 4174 ad
478 4112 660 4192 superiorem
676 4110 801 4191 aliquem
815 4110 912 4173 locum
927 4111 1016 4174 huius
1026 4110 1121 4192 ipsius
1133 4112 1231 4192 operis
1244 4113 1282 4174 de

124 4216 280 4278 virtutihus
293 4224 322 4278 et
336 4213 423 4276 vitiis.
452 4213 678 4294 Neapolitanum
698 4213 934 4294 supplementum
950 4204 1111 4297 εὐκαίρως
1129 4232 1185 4293 pro
1200 4206 1281 4275 ἄκο-

126 4310 255 4391 totam
267 4334 328 4378 non
344 4322 392 4377 est
407 4315 565 4377 verendum
580 4333 619 4376 ne
634 4315 699 4396 quis
714 4317 861 4397 praeferre
874 4315 953 4377 reiit:
973 4334 1070 4396 neque
1084 4315 1163 4393 quod
1179 4313 1280 4374 Goett·

127 4415 227 4497 lingius
242 4416 370 4499 scripsit,
394 4403 414 4477 ὃ
430 4410 670 4498 παρεδώκαμεν
684 4420 787 4489 [πάντα
799 4412 913 4492 ναικὸς
930 4416 999 4490 τοῖς
1013 4416 1280 4496 καθηγομόσιαο-
