3154 5138
117 1430 437 1526 mussitatio
459 1434 503 1526 Π.
519 1435 583 1527 ΑΙ)
607 1433 838 1530 CICERONIS
853 1434 937 1528 ΠΒ.
950 1435 1010 1527 DE
1028 1433 1126 1531 ΝΑΤ.
1141 1436 1271 1531 DEOR

210 1712 303 1802 tluoo
323 1746 401 1792 anno
421 1729 573 1809 superiore
598 1732 692 1793 iecere
713 1731 878 1812 coepimus,
907 1737 940 1793 ut
961 1731 1016 1794 bac
1040 1733 1268 1797 academicorum
1288 1744 1303 1794 3

116 1830 311 1910 scriptionum
333 1833 552 1912 opportunitate
569 1840 720 1895 uteremur
740 1833 777 1896 ed
797 1833 996 1896 emendandos
1016 1843 1066 1897 cut
1084 1834 1272 1898 illustrandos

115 1932 227 2013 aliquot
243 1933 327 1995 locos
348 1933 498 1997 Ciceronis
516 1934 660 1997 librorum
682 1936 717 1998 de
736 1943 839 1998 natura
855 1936 992 2008 deorum,
1013 1935 1043 1997 in
1062 1936 1121 1998 hoc
1140 1937 1272 2000 instituto

115 2033 299 2114 pergendum
315 2041 395 2097 lanto
409 2036 503 2115 tnagis
517 2054 583 2098 esse
596 2036 719 2110 ridetur,
735 2039 813 2117 quod
825 2054 881 2099 nec
890 2036 1065 2115 scriptorem
1078 2038 1159 2099 iacile
1169 2057 1273 2119 qnem-

116 2155 200 2215 quam
216 2155 338 2211 eorum,
353 2138 402 2218 qui
417 2138 490 2200 baec
502 2138 604 2200 lecturi
618 2146 702 2212 sunt,
717 2139 849 2202 omnium
865 2137 968 2200 studiis
983 2138 1076 2218 magis
1091 2158 1180 2219 mam
1190 2139 1273 2202 Cice-

115 2257 219 2301 ronem
239 2257 442 2317 communem,
462 2258 556 2321 neque
579 2240 660 2302 libris
684 2241 747 2303 eius
767 2242 842 2303 ullos
861 2239 990 2319 diligenti
1010 2241 1177 2303 criticorum
1205 2260 1273 2303 eura

116 2352 162 2403 ant
177 2341 333 2422 digniores
347 2349 396 2404 aut
409 2342 503 2422 magis
517 2343 679 2423 indigentes
695 2361 760 2405 esse
774 2359 938 2406 censemus.
969 2341 1170 2416 Quamobrem
1181 2362 1273 2424 quum

117 2443 143 2504 in
156 2453 380 2524 programmate
393 2444 468 2524 prid.
482 2444 524 2507 ld.
540 2445 603 2507 Oe.
619 2446 688 2508 enni
703 2464 769 2525 sup.
785 2444 863 2507 edito
883 2445 983 2507 decem
1002 2444 1068 2507 libri
1086 2445 1175 2526 primi
1189 2445 1272 2509 locos

116 2545 345 2619 tractaverimus,
361 2546 411 2626 qui
425 2546 512 2609 nobis
527 2556 578 2608 aut
592 2549 722 2628 corrupti
736 2555 787 2610 aut
800 2566 816 2608 a
831 2547 1011 2628 corruptelae
1026 2547 1195 2628 suspicione
1209 2547 1273 2611 vin·

117 2648 232 2712 dicandi
251 2667 320 2710 esse
337 2649 517 2723 riderentur,
536 2666 616 2712 nune
637 2649 768 2729 reliquos
787 2649 875 2711 huim
890 2649 1005 2729 generis
1019 2650 1103 2712 locos
1118 2668 1154 2711 ex
1168 2651 1271 2712 eodem

117 2750 187 2813 libro
202 2768 432 2832 persequemur,
452 2751 546 2832 deque
566 2751 603 2813 iis
622 2751 666 2814 sio
685 2751 913 2832 disputabimus,
933 2760 966 2813 ut
984 2768 1037 2813 our
1051 2752 1176 2832 quisquc
1190 2752 1272 2813 locus

118 2862 165 2916 aut
177 2853 384 2917 emendandus
403 2862 453 2917 eut
469 2853 660 2917 vindicandus
679 2854 731 2927 eit,
751 2854 880 2934 patebat,
901 2861 930 2916 et
942 2872 1009 2919 rere
1029 2862 1079 2916 aut
1096 2853 1271 2917 emendandi

119 2965 165 3018 aut
182 2955 396 3037 interpretandi
414 2956 488 3018 ratio
508 2956 594 3019 certis
613 2955 793 3036 argumentis
808 2956 1040 3031 demonstratum
1056 2955 1136 3036 quod
1155 2955 1181 3017 si
1201 2956 1272 3017 elle-

120 3059 256 3132 ccrimus,
283 3057 419 3121 nonnihil
438 3076 508 3121 sane
527 3057 713 3121 utilitatisex
737 3058 793 3122 bac
817 3058 1015 3139 disputatione
1039 3059 1272 3121 redundaturum

119 3179 272 3240 speramns
293 3161 323 3222 in
343 3160 526 3241 optimorum
545 3160 771 3223 adolescentium
791 3160 900 3235 studia,
920 3161 970 3240 qui
986 3161 1021 3223 ad
1037 3160 1164 3223 criticam
1180 3168 1272 3223 artem

120 3264 202 3327 nobis
217 3280 283 3326 non
296 3262 387 3324 modo
402 3261 575 3344 praeceptis,
591 3263 642 3325 sed
656 3262 750 3342 magis
761 3262 849 3326 etiarn
861 3262 1000 3343 exemplis
1011 3261 1181 3325 instituendi
1193 3269 1271 3324 sunt

199 3364 399 3429 vindicandus
415 3373 513 3427 autem
526 3366 625 3427 statim
638 3365 669 3427 in
683 3364 843 3446 principio,
857 3364 884 3441 l,
901 3367 934 3441 1,
958 3366 989 3439 l,
1008 3364 1035 3427 is
1050 3366 1134 3428 locus
1150 3374 1208 3439 est,
1222 3364 1273 3426 ubi

122 3467 188 3531 baec
201 3467 334 3549 quaestio
346 3467 496 3529 donatura
508 3466 630 3530 deorum
644 3476 678 3530 et
692 3467 733 3530 ad
748 3466 965 3545 agnitionem
979 3466 1089 3528 animi
1104 3467 1272 3547 pulcher·

123 3569 218 3645 rima,
237 3577 271 3633 et
291 3570 332 3633 ad
351 3569 601 3633 moderandam
621 3569 835 3649 religionem
849 3568 1057 3631 necessaria
1072 3568 1185 3632 dieitur.
1214 3569 1273 3631 Co·

125 3672 197 3735 disee
212 3691 319 3735 omnes
334 3670 552 3752 agnitionem
571 3671 692 3746 babent,
710 3678 825 3752 praeter
850 3672 925 3734 duos
945 3670 1144 3733 wemmam
1163 3688 1273 3733 unum-

127 3791 175 3852 que
192 3776 259 3838 Ori.
281 3794 312 3847 e,
331 3774 362 3835 in
382 3772 489 3852 quibus
512 3774 760 3855 cognitionem
781 3772 900 3853 legitur:
931 3790 1079 3853 quumque
1104 3773 1272 3853 superiores

127 3876 252 3958 plerique
273 3875 343 3939 illud
365 3874 486 3938 alterum
508 3876 696 3957 probassent,
716 3875 749 3936 F.
769 3875 803 3936 Α.
823 3875 1003 3953 Wolfius1),
1025 3877 1273 3957 quemadmodum

130 3978 191 4041 olim
204 3978 376 4052 Lambinus,
391 3976 564 4058 pauciorum
581 3978 715 4042 codicum
734 3977 889 4040 lectiomm
907 3979 993 4042 unice
1005 3997 1104 4042 reram
1119 3996 1185 4041 esse
1200 3996 1273 4039 con·

128 4080 221 4143 tendit.
264 4080 340 4143 Nam
355 4078 552 4159 agnitionis
566 4080 739 4143 vocabulum
754 4079 875 4160 proprio
891 4098 982 4144 sensu
993 4091 1142 4162 acceptum
1154 4081 1274 4143 alienius

130 4200 189 4244 mse
201 4183 240 4245 ait
252 4203 270 4245 a
283 4182 350 4247 talis
365 4183 572 4263 disputationis
587 4182 686 4256 inibo,
705 4181 756 4245 ubi
771 4182 902 4263 quaestio
918 4182 1087 4264 simpliciter
1100 4182 1157 4245 dici
1167 4182 1275 4244 debue-

196 4418 217 4485 l)
234 4420 349 4475 Analect,
360 4421 426 4474 littr.
438 4420 497 4475 Vol.
511 4421 523 4473 1
537 4436 562 4488 p.
576 4419 634 4472 280.
1033 4504 1074 4567 9*

1014 4507 1028 4566 1
