3190 5136
683 442 743 507 183

128 626 259 689 eddim
272 645 289 688 a
304 626 526 688 correctoribus
541 625 681 688 omissam
701 646 786 707 aegre
806 626 975 690 lercrrtibns.
1019 628 1192 710 Aeschylum
1217 630 1292 692 scri·

128 731 228 812 pense
248 727 376 791 abitror
397 720 452 803 τίς
474 718 718 809 &rimidrud
741 721 912 805 ἐκαάδων,
934 730 1058 809 repetito
1087 731 1293 795 coniunctione

131 827 179 908 δέ,
194 832 281 895 cuins
294 829 478 911 repetitionis
494 831 624 912 exempla
639 849 702 894 non
716 830 858 893 absimilia
878 830 933 893 vid.
950 851 997 913 ap.
1012 832 1181 895 Buttmann.
1197 833 1227 895 in
1242 853 1294 895 cx·

132 954 211 997 curs.
231 932 286 995 ΧΠ
304 933 341 995 ad
359 932 511 994 Demosth.
532 932 600 995 llid.
620 953 649 1014 p.
674 933 736 995 tar
754 942 783 995 ct
804 952 850 1015 cp.
865 933 987 995 Ellendt.
1013 934 1044 996 iu
1063 936 1131 997 Lex.
1151 934 1245 1016 Soph.
1266 955 1295 1017 p.

133 1037 205 1099 392
235 1035 289 1097 Sic
303 1035 421 1097 dunum
436 1035 514 1097 iusta
528 1036 624 1097 nictit
637 1036 725 1098 huius
739 1052 844 1098 versus
859 1052 925 1097 oum
938 1036 1089 1117 strephico
1100 1036 1295 1118 aquandum,

132 1158 220 1220 qum
235 1138 401 1218 nep-sse
416 1135 618 1200 Humannum
631 1137 739 1211 miror,
760 1156 796 1199 ex
815 1135 898 1199 cuius
914 1138 1111 1219 descriptione
1124 1138 1295 1220 strophicus

132 1262 158 1302 r.
165 1241 231 1303 970
245 1239 410 1319 respondeo
424 1231 548 1320 γείτων,
562 1239 765 1320 antistrophns
777 1246 876 1302 autem
887 1238 922 1301 ab
933 1249 1092 1320 anapaesto
1105 1235 1212 1304 πάλιν
1224 1232 1296 1325 ἀγα.

132 1343 243 1424 incipit
297 1341 468 1422 Sequuntxn
481 1341 619 1423 deinceps
633 1341 665 1403 in
685 1341 835 1404 codicilms
855 1341 938 1403 hacc:
963 1332 1042 1405 αάδδ
1062 1338 1121 1405 σδν
1141 1334 1297 1429 ὀρθοδαῆ

131 1443 196 1508 coir
209 1438 389 1529 φθιμένων
408 1434 541 1524 ἀνάγειν
562 1439 647 1518 Ζεδς
668 1433 737 1505 οὔτ’
760 1434 878 1506 suavo?
899 1435 954 1506 ἐπ’
975 1436 1146 1531 εδλαβείᾳτ
1161 1447 1205 1509 sic
1218 1447 1298 1510 euin

133 1557 179 1610 cst
197 1548 231 1610 in
250 1546 345 1620 Flac,
364 1547 395 1608 in
409 1547 496 1608 Foru.
516 1554 614 1609 autem
634 1534 702 1608 crlc'
725 1555 755 1608 et
776 1536 828 1609 ἐπ’
852 1536 1018 1632 άβλαβεία
1041 1565 1085 1629 γε.
1102 1582 1143 1593 -
1163 1548 1296 1611 Fuerunt

134 1652 183 1731 qni
206 1649 281 1713 iilud
301 1641 358 1712 ἀπ’
380 1639 537 1734 εδλαβείᾳ
556 1647 611 1710 sili
630 1648 788 1728 intelligere
806 1647 986 1710 riderentur:
1010 1648 1117 1712 scilicet
1146 1684 1188 1696 -
1213 1651 1298 1714 malti

135 1754 215 1815 urim
230 1750 418 1814 adnuebiles
432 1749 576 1830 Aeschylo
591 1750 778 1830 contigerunt
791 1750 973 1830 interpretes.
1003 1751 1057 1814 Alii
1071 1753 1230 1827 nunnus,
1245 1743 1299 1817 ἔνι’

133 1847 294 1939 εὐλαβείᾳ
314 1854 359 1915 rel
379 1843 434 1916 ἀπ’
457 1844 622 1936 ἀβλαβεὶᾳ
644 1870 689 1935 γε,
712 1870 747 1913 ex
772 1852 1032 1933 interpretamento
1057 1854 1214 1936 irrepsisse
1234 1874 1298 1918 cre-

132 1959 221 2032 dunt;
247 1974 427 2037 quamquam
447 1955 530 2035 quale
550 1955 608 2017 hoc
626 1963 656 2016 ct
670 1973 796 2036 quorum
823 1954 978 2018 verborum
1003 1957 1296 2038 interpretamentum

131 2059 221 2122 rua
239 2057 358 2120 difficile
377 2057 530 2119 nonest
560 2056 695 2120 Ceteram
714 2075 753 2119 uc
768 2057 889 2121 omissis
909 2057 1025 2139 quidem
1045 2059 1093 2121 his
1112 2058 1209 2123 verbis
1224 2078 1296 2123 sana

132 2161 281 2226 mimda
294 2159 400 2234 mm,
420 2159 533 2222 etnmsi
549 2160 624 2222 farte
643 2161 709 2240 quis
724 2161 846 2241 insuper
866 2160 993 2240 corrigat
1008 2151 1086 2223 ου’δὲ
1101 2196 1144 2207 -
1156 2195 1201 2209 ·-
1215 2157 1300 2238 Ζεδς

131 2258 175 2329 ἂν
197 2253 271 2327 clr'
292 2254 446 2325 ἔπαυσεν.
489 2262 566 2325 Num
580 2262 659 2324 soret
671 2264 742 2326 hoc:
761 2280 874 2343 neque
893 2262 1030 2343 Iupiter
1049 2280 1176 2326 rursus
1192 2264 1295 2326 cohi·

130 2369 280 2432 luisset
293 2382 384 2437 cum,
399 2364 458 2445 qui
473 2365 665 2428 defunctos
680 2364 720 2427 ab
735 2365 866 2427 inieris
881 2373 956 2427 arte
970 2383 1033 2427 sur
1047 2384 1216 2429 revocare
1230 2384 1296 2448 po-

132 2473 218 2534 tuit:
239 2469 327 2533 oros
342 2468 509 2549 epodoscos
525 2468 550 2530 si
565 2468 699 2549 protasia
714 2486 852 2549 quaeras,
871 2467 943 2530 nihil
961 2468 1090 2531 invenies
1110 2469 1168 2531 nisi
1182 2469 1254 2533 hoc:
1269 2471 1299 2533 si

131 2575 218 2656 quis
233 2572 427 2635 defunctos
441 2570 477 2632 in
493 2570 599 2633 vitam
610 2581 812 2647 revocaret,
827 2579 928 2646 catut,
941 2571 1073 2634 liberales
1088 2572 1193 2646 simus,
1209 2572 1240 2635 si
1253 2572 1299 2634 li-

131 2682 234 2742 ceret
247 2675 439 2737 defunctos
454 2674 489 2736 in
504 2673 612 2736 vitam
626 2692 803 2736 revocare.
841 2674 906 2735 Non
926 2672 1119 2736 invidebimus
1139 2675 1165 2737 si
1181 2675 1227 2737 cni
1241 2675 1300 2737 hoc

128 2782 259 2864 placeat
289 2777 478 2839 llermsnncs
492 2775 624 2857 qudem,
644 2776 694 2857 qui
709 2776 780 2838 olim
797 2775 921 2838 similem
937 2777 1084 2856 quandam
1100 2777 1299 2839 coniecturam

127 2888 314 2955 tentaverat,
328 2887 432 2961 postea
446 2880 570 2941 rectiore
584 2878 691 2941 iudicio
707 2897 779 2940 usus
794 2896 860 2941 cam
871 2878 1069 2960 spernendam
1077 2898 1143 2942 esse
1154 2878 1299 2954 intellexit,

127 2992 345 3067 expunctaqne
358 2981 514 3061 negatione
528 2972 617 3058 οάδέ,
632 2988 780 3061 expuncto
794 2980 881 3043 ctiam
896 2980 1033 3044 aarum
1045 2967 1134 3059 αὖτε,
1146 2982 1299 3062 expunctis

128 3084 374 3168 deniquercrbis
388 3075 443 3147 ἀπ’
458 3075 614 3169 εὐλαβείᾳ
627 3103 653 3145 r.
676 3072 731 3147 ἐπ’
754 3074 919 3167 ἀβλαβείᾳ
942 3101 990 3165 γε,
1014 3084 1134 3166 scripsit
1155 3078 1239 3158 Ζεδς
1261 3078 1300 3146 δὲ

126 3187 194 3256 cdv
222 3181 380 3272 ὀρθοδαῆ
404 3181 470 3249 τῶν
498 3180 673 3273 φθιμένων
699 3176 833 3268 ἀνάγειν
859 3176 1010 3248 ἔπαυσεν.
1051 3186 1090 3248 Ει
1123 3173 1202 3248 crica
1229 3186 1299 3267 quin

127 3301 218 3359 recte
237 3299 416 3371 expunctum
436 3288 555 3352 sitnon
575 3288 690 3351 dubito:
717 3286 831 3350 ridetur
845 3286 923 3350 enim
944 3278 1133 3351 αὐτέπαυσε
1155 3308 1190 3350 ex
1215 3279 1299 3352 ἀπέ-

129 3410 252 3460 παυσε
275 3400 373 3456 ortum
398 3410 480 3467 esse3
506 3382 585 3454 οάδά
605 3398 702 3454 entem
726 3408 789 3454 non
807 3390 897 3453 deleri
920 3389 973 3452 sed
992 3390 1098 3453 mutari
1120 3389 1218 3454 debuit
1232 3411 1299 3456 cum

130 3492 223 3582 εἴγει
238 3514 310 3560 nam
325 3486 363 3559 σά
373 3502 403 3557 et
417 3486 455 3570 ci,
471 3487 552 3557 δέει
567 3488 604 3576 γέ
618 3491 753 3556 facilium
766 3494 844 3555 inter
854 3511 887 3554 se
898 3498 1111 3573 permutentur.
1137 3491 1170 3554 lu
1181 3493 1299 3574 reliquis

128 3619 205 3667 non
218 3598 409 3662 residendum
425 3596 534 3678 aliquid
548 3596 600 3659 sed
614 3595 781 3658 addendum
796 3595 895 3676 potius
910 3602 986 3657 erat:
1000 3610 1069 3657 arm
1084 3601 1118 3657 ut
1127 3594 1159 3656 iu
1170 3596 1301 3677 stropha,

129 3706 182 3770 sic
197 3702 288 3765 ctiam
301 3701 333 3763 iu
347 3699 532 3781 antistropha
542 3698 652 3780 adnuet
662 3697 749 3760 verba
760 3697 976 3761 interciderunt
999 3695 1161 3778 Scripsisse
1172 3698 1301 3778 descirp-

129 3810 186 3872 lus
203 3804 330 3867 ridetur:

345 3897 414 3987 εἴγε
434 3899 493 3968 niv
515 3895 669 3989 ὀρθοδαῆ
689 3904 757 3966 τῶν
777 3903 953 3989 φθιμένων
967 3892 1101 3983 ἀνάγειν

345 4004 429 4084 Zetis
451 3999 628 4071 ἀπέπαυσε
648 4000 762 4085 τέχνας
783 3997 842 4067 oris
863 3994 914 4068 ἀνά
937 3994 1110 4090 ἀβλαβείᾳ.

129 4118 192 4181 Sic
205 4112 286 4177 enim
300 4119 331 4174 et
343 4130 486 4176 numeros
500 4111 644 4174 hebemus
658 4109 810 4190 strophico
830 4109 927 4171 versui
948 4114 1136 4187 exaequatos,
1156 4117 1186 4170 et
1204 4115 1303 4188 aptam

130 4215 354 4285 sentcuderum
369 4215 593 4277 connexionem.
620 4213 764 4287 ‚‚Quis“,
783 4211 891 4292 inquit,
910 4217 1109 4285 „mortuum
1124 4209 1303 4273 hominem
1321 4221 1354 4273 as

129 4337 315 4387 revocare
337 4318 373 4380 in
399 4317 507 4379 vitam
534 4313 676 4398 possit?
703 4313 989 4396 quandoquidem
1008 4329 1099 4383 eum,
1127 4311 1187 4390 qui
1211 4325 1307 4369 unns

132 4425 230 4489 oiim
258 4422 319 4484 hac
344 4431 423 4483 arte
449 4418 622 4500 pollebat,
648 4425 684 4479 ut
698 4417 740 4480 ab
766 4415 892 4478 inieris
913 4421 1082 4476 mortuos
1101 4412 1307 4475 reduceret,
