3178 5136
773 469 975 568 jii-

294 657 413 739 ideoqoe
427 656 579 735 suibaret,
598 675 661 721 non
674 674 799 739 poastnn
814 648 889 740 qnin
900 657 1074 723 eristhnam.
1103 656 1204 739 Neque
1215 675 1287 722 reso
1301 657 1453 741 superiore

295 761 353 823 isto
368 760 520 823 enmdoto
536 760 606 841 quid
624 761 728 825 neum
747 762 819 824 setis
837 760 909 824 seio.
937 761 1011 824 Nam
1030 761 1056 823 si
1074 778 1141 824 vere
1159 760 1335 842 Apollonfus
1352 762 1453 833 omnis

294 861 326 924 in
347 862 518 925 universum
538 864 716 943 pronomina
736 882 754 927 a
777 863 917 944 Dionysio
944 853 1058 947 d‘pdpo
1083 856 1236 926 remoue
1260 871 1361 928 vocata
1385 880 1453 925 esse

295 971 427 1039 testeum
442 965 529 1045 idque
538 965 697 1031 Lerselrius
710 984 747 1029 es
761 966 825 1029 aius
840 966 936 1029 verbis
952 966 1055 1029 confini
1070 974 1178 1041 censet,
1191 980 1294 1029 nonne
1305 965 1454 1041 intedanit,

295 1067 354 1128 hoo
365 1067 569 1130 testimonias
584 1077 765 1149 quantopere
779 1086 849 1131 snae
863 1068 958 1151 ipsius
972 1069 1010 1131 de
1024 1068 1157 1132 doctrina
1169 1068 1301 1150 Dionysii
1319 1067 1453 1149 opinioni

296 1165 519 1231 adversaretur?
548 1168 624 1231 Nam
643 1171 708 1250 ipse
725 1170 844 1250 quidem
865 1171 1028 1252 personalia
1048 1170 1240 1252 pronomina,
1259 1171 1453 1252 quemadmo-

296 1269 367 1331 dum
386 1269 417 1332 in
434 1278 539 1334 nostro
558 1271 667 1345 libello,
693 1272 733 1336 ito
751 1273 838 1336 etiam
857 1292 875 1336 n
893 1273 1031 1355 Dionysio
1052 1273 1088 1335 eb
1106 1272 1234 1336 articulis
1258 1274 1402 1348 suenda,
1423 1281 1455 1334 et

295 1371 418 1452 proprio
433 1363 637 1454 ὀντωνυμίας
653 1374 774 1439 nomine
792 1375 949 1456 eppollata,
971 1374 1199 1439 demonstrative
1217 1378 1327 1450 summ,
1346 1361 1452 1450 οὗτος,

294 1465 418 1549 ἔριθος
431 1482 461 1537 et
478 1475 597 1549 similia,
615 1478 725 1556 pariter
742 1496 809 1540 oum
828 1477 1055 1558 interrogativis,
1075 1476 1247 1551 indefinitis,
1265 1478 1360 1558 iisqne
1378 1495 1455 1556 quoe

294 1573 434 1639 Mra
451 1577 630 1657 pronomina
650 1579 794 1658 qualitatis
813 1588 843 1642 et
861 1579 1028 1661 quentimtis
1049 1578 1187 1652 dicimus,
1207 1577 1379 1641 nominibus
1397 1578 1454 1640 sd·

294 1675 393 1741 iuncta
407 1696 475 1742 esse
489 1680 593 1753 credit,
611 1688 645 1744 nt
659 1682 770 1744 nulum
789 1681 876 1762 plane
895 1699 987 1761 genus
1007 1682 1219 1763 pronominum
1238 1680 1382 1761 reliquum
1402 1679 1452 1752 sis,

296 1779 376 1859 quod
389 1781 520 1860 potuerit
530 1770 674 1865 ἄρθροις
688 1783 844 1846 accenseri.
873 1785 911 1847 lit
924 1792 1022 1847 tamen
1036 1785 1223 1846 haecomnia
1237 1783 1268 1845 in
1281 1782 1453 1846 nnivoesum

294 1880 434 1963 llionqsio
452 1872 566 1968 ἄρθρα
588 1884 679 1947 luisse
701 1905 737 1951 ex
761 1886 916 1967 Apollonio
940 1886 1028 1949 nobis
1052 1885 1206 1968 opposuit!
1240 1885 1379 1947 Proiecto
1399 1892 1455 1946 eut

295 1999 358 2047 non
373 1984 494 2048 debebat
507 1986 587 2049 hunc
601 1994 706 2051 mamm
721 1989 936 2069 produceret),
959 1997 1010 2052 aut
1022 2006 1097 2069 quaa
1110 1989 1175 2069 ipse
1193 1987 1230 2050 de
1247 1986 1454 2067 persondilius

296 2079 514 2169 ἄπωνυμίαις
526 2108 561 2152 ac
574 2090 810 2155 demonstrativis
825 2083 966 2172 ὀνόμασι
980 2092 1151 2172 scripserat,
1171 2106 1230 2152 une
1243 2088 1328 2152 litura
1342 2088 1453 2151 tollere.

296 2191 356 2253 Sed
371 2191 429 2254 hoc
442 2209 510 2254 eum
525 2210 587 2253 non
602 2194 789 2274 perspexisse
803 2212 894 2275 mum
908 2211 1034 2277 prorsus
1046 2192 1215 2256 innulibile
1228 2190 1319 2254 rideri
1339 2190 1454 2263 debeat,

295 2310 417 2356 nooesm
432 2301 478 2356 est
493 2294 568 2357 eliud
584 2295 735 2376 quippiam
751 2296 777 2358 ai
792 2297 978 2359 obversatum
997 2313 1075 2369 esse,
1095 2312 1156 2376 quo
1174 2311 1261 2357 suam
1281 2292 1454 2374 opinionem

295 2412 363 2458 cum
383 2396 529 2476 Apollonii
549 2397 720 2460 testimonio
744 2398 891 2462 musilieri
911 2417 1001 2478 posse
1022 2397 1168 2460 mederet:
1192 2395 1356 2459 cuiusmodi
1379 2394 1454 2459 nillil

294 2499 430 2580 mem
444 2499 576 2573 invenio,
595 2499 654 2562 nisi
667 2501 725 2563 hoc
738 2518 845 2575 unum,
859 2510 892 2563 ut
910 2499 1043 2564 cntuerit
1056 2498 1228 2579 Dionysium
1243 2487 1379 2582 ὄρθρων
1396 2516 1453 2579 ap-

295 2601 478 2682 pellationem
494 2602 580 2682 plane
597 2620 658 2664 non
677 2612 815 2684 tanquam
835 2602 984 2684 propriam
1002 2602 1090 2664 unius
1110 2600 1229 2663 alicuius
1249 2607 1279 2661 et
1296 2619 1313 2661 a
1331 2599 1453 2680 roliqm's

296 2704 437 2767 discretae
455 2705 546 2785 pertis
566 2705 707 2768 arationis
726 2724 901 2788 usurpasse,
922 2705 973 2768 sed
992 2712 1131 2785 tauquam
1149 2718 1337 2766 commanem
1356 2701 1453 2764 tribus

294 2807 451 2871 verborum
466 2806 620 2889 spadones
635 2826 740 2889 genere
752 2809 876 2871 diversis
889 2807 1039 2873 nibaiese.
1060 2824 1184 2888 marum
1199 2822 1288 2868 unam
1302 2804 1333 2867 in
1350 2806 1454 2867 nomi-

295 2911 383 2973 nibus
402 2918 538 2992 poneret,
557 2910 675 2972 altorem
693 2911 814 2992 proprie
833 2901 1037 2990 ἆπωνυμέαν
1054 2910 1176 2981 diceret,
1198 2906 1298 2971 tertiae
1317 2906 1452 2988 denique,

294 3012 456 3087 deficiente,
475 3020 509 3075 nt
523 3013 642 3093 opinor,
657 3013 860 3076 commodiore
873 3014 1006 3087 nomine,
1021 3028 1209 3075 communem
1223 3010 1301 3073 illam
1316 2999 1453 3094 ὄρθρων

294 3114 517 3196 appellationem
531 3123 670 3195 tanquam
684 3116 834 3197 propriam
849 3116 940 3178 duct.
969 3116 1007 3178 Et
1020 3134 1092 3178 sane
1104 3133 1166 3177 non
1185 3113 1342 3176 abliorrere
1363 3130 1397 3174 se
1414 3112 1452 3175 sb

294 3216 350 3279 heo
364 3217 522 3290 sententia,
540 3217 595 3279 etsi
609 3234 670 3280 non
689 3219 747 3281 hoc
766 3219 846 3293 loco,
865 3218 916 3282 ulii
935 3219 1062 3281 maxime
1081 3217 1199 3280 adrem
1222 3214 1399 3298 perducent,
1418 3224 1453 3277 ut

263 3339 279 3389 e
295 3319 450 3400 perspicue
464 3319 533 3399 qnid
549 3321 671 3382 sentiret
684 3321 875 3403 eloqueretur,
890 3321 955 3384 alibi
970 3329 1068 3383 temen
1083 3319 1259 3396 ostanditll,
1274 3334 1453 3400 quamquam

293 3422 324 3483 in
339 3439 375 3484 eo
394 3440 458 3485 non
477 3421 549 3485 sutis
570 3422 626 3485 sibi
645 3433 799 3497 constans,
820 3423 899 3505 quod
919 3423 960 3486 ibi
979 3422 1121 3486 incertum
1142 3440 1208 3485 esse
1227 3421 1279 3494 ait,
1301 3421 1450 3501 quodnam

294 3541 388 3603 genas
408 3525 620 3604 pronominum
639 3526 795 3607 Dionysius
815 3516 928 3611 dipdpo
946 3524 1063 3600 dixerit,
1084 3544 1165 3588 nune
1182 3532 1280 3588 antem
1301 3525 1400 3587 omnia
1420 3524 1452 3587 in

362 3698 387 3762 4)
406 3697 497 3751 Mirum
514 3706 554 3751 est
570 3716 618 3750 non
636 3700 712 3751 etiam
729 3700 768 3751 liic
784 3699 871 3751 eodem
888 3713 944 3749 enm
960 3696 1116 3762 conlegisse,
1134 3713 1183 3765 qao
1197 3694 1453 3764 percensentes,

295 3789 383 3834 contra
396 3782 575 3850 Goettlinginm
588 3785 679 3850 effugio
692 3801 753 3836 nans
765 3792 817 3836 ast:
829 3784 934 3836 Endiicd
946 3785 983 3835 ist
999 3801 1027 3835 es
1038 3785 1065 3834 io
1076 3799 1156 3849 sogor
1167 3782 1287 3848 mordere
1299 3780 1361 3832 dass
1373 3781 1453 3852 Apol-

295 3867 379 3920 lonius
388 3869 415 3919 in
427 3869 485 3920 dem
501 3870 637 3922 Beiuomeu
657 3865 734 3940 Θρᾷξ
748 3873 826 3932 duta,
842 3885 897 3921 roos
913 3872 953 3921 dai
962 3869 1009 3920 des·
1020 3867 1124 3920 Anzan!
1137 3866 1252 3919 sociales·
1262 3863 1453 3933 Solrp'ststeilar

294 3951 378 4004 dieses
389 3951 503 4007 Nemone
512 3971 563 4022 gur
575 3956 632 4007 dein
645 3954 764 4008 Wunder
775 3954 855 4005 noeirs.
889 3953 997 4006 Videtur
1011 3953 1124 4003 nimirum
1136 3952 1189 4019 ipse
1200 3952 1372 4019 persensisse,
1384 3953 1455 4004 etas·

294 4037 360 4087 modi
373 4053 485 4090 errorem
497 4041 521 4091 in
534 4041 581 4091 loo
592 4040 716 4107 scriptore
728 4054 834 4107 prorsas
845 4038 1016 4091 incredibilem
1028 4052 1096 4090 esse.

363 4126 388 4186 ὁ)
407 4123 434 4174 P.
452 4123 499 4174 662
521 4124 764 4194 &capellaniam
775 4123 997 4191 oadDionprius)
1012 4127 1126 4175 molen
1141 4122 1185 4175 dis
1203 4122 1362 4176 Pensm
1380 4124 1455 4177 near

295 4206 368 4257 ollem
381 4203 561 4279 (irritarentur,
576 4208 687 4261 eosdm
697 4208 763 4260 used
775 4201 869 4281 ἄρθρα
881 4204 1018 4269 demasii,
1033 4212 1118 4261 aonias·
1127 4224 1156 4260 es
1171 4208 1236 4260 noel
1251 4210 1453 4263 mettim·

294 4293 388 4345 mim
406 4310 491 4357 murs,
508 4294 601 4347 wolone
617 4294 775 4347 Prasomrisa
790 4311 819 4345 es
833 4309 933 4358 umere,
949 4293 991 4346 die
1003 4293 1172 4362 messes
1188 4310 1238 4347 corr
1252 4293 1347 4347 liddon
1359 4297 1456 4348 m

293 4372 390 4448 ἄρθρα
399 4384 516 4447 genennt
526 4379 639 4432 somam
674 4380 739 4432 Alco
747 4383 784 4432 ist
793 4381 850 4431 lter
859 4395 909 4432 von
918 4379 1006 4432 hbes
1016 4379 1184 4447 &meam
1194 4377 1336 4447 optemus
1348 4377 1453 4452 (ὀρΙζο-

293 4468 355 4536 μαι)
366 4463 407 4517 dia
418 4464 498 4529 Reda,
510 4465 622 4519 eosdm
633 4481 681 4519 von
694 4469 763 4519 etita
774 4466 875 4519 wesen
885 4466 1065 4533 msdsmmg
1076 4463 1192 4532 (καλέω).
