3276 5144
839 381 991 480 ju..

334 575 370 639 ab
380 574 524 657 Hesyohio
536 572 657 656 aliisque
668 571 784 649 citatur,
795 569 968 654 videturque
978 571 1069 636 fuisse
1080 556 1105 635 ά
1115 564 1227 635 πάντα
1237 563 1432 656 σονάμειρας
1441 606 1494 634 -.

332 677 397 775 Pid.
413 677 580 741 Callimaob.
596 676 633 738 fr.
648 694 698 738 no.
715 672 777 737 322
792 692 838 755 ap.
854 674 969 737 Ernest.
990 694 1019 757 p.
1035 674 1108 739 549.

417 768 863 863 immoderationem
878 766 1494 862 εεειωιοῦειεαύιοσημπιιι,ςο
1616 758 1617 803 ³

331 877 449 945 otto.
470 882 520 944 Sio
533 882 606 945 baee
616 880 921 962 interpungendaesse
930 885 1010 942 reete
1022 879 1185 943 Sbrzeoalra
1196 877 1326 955 monuit3
1341 879 1494 943 sedetiam

288 1014 290 1019 ¹
331 1002 406 1066 quae
426 985 567 1048 continuo
586 990 765 1066 sequuntur,
786 978 843 1045 καὶ
866 974 917 1045 ἔτι
938 976 1218 1069 προσαφαιρεθὲν
1239 975 1274 1044 ἐν
1293 978 1343 1065 τῷ
1363 977 1431 1061 λῶ,
1452 984 1495 1048 sio
1616 1058 1617 1063 ρ

331 1088 500 1168 corrigenda
515 1094 599 1150 sunt:
615 1081 671 1149 καὶ
693 1078 745 1149 ἔτι
765 1079 1044 1169 προσαφαιρεθὲν
1063 1087 1124 1148 τοῦ
1144 1087 1181 1154 b}
1202 1074 1299 1166 ἐντῷ
1320 1079 1378 1147 λῶ.

415 1190 449 1253 Ρ.
466 1190 543 1265 569,
568 1189 604 1253 8:
648 1181 716 1251 εἴτε
742 1182 827 1250 κατά
860 1179 1018 1251 σύνθεσιν
1045 1179 1114 1251 εἴτε
1134 1183 1192 1251 καὶ
1212 1222 1255 1234 -
1275 1221 1320 1232 -
1342 1206 1413 1250 ειαν
1432 1184 1495 1252 τοῦ

329 1285 580 1367 ἐλλείποντοςῡ.
624 1292 769 1373 Loquitur
789 1292 826 1353 de
845 1291 1009 1372 quantitate
1028 1292 1182 1366 εοεε11εᾱ,
1204 1309 1279 1372 quae
1297 1292 1385 1371 longa
1403 1291 1443 1354 sit
1462 1292 1494 1355 in
1616 1278 1617 1357 i

330 1395 400 1457 πᾶν
412 1395 624 1476 monosyllabo,
640 1394 816 1476 corripiatur
829 1394 860 1456 in
876 1393 1033 1475 disyllabis,
1049 1402 1111 1457 tam
1126 1394 1157 1456 in
1168 1393 1351 1474 compositis,
1366 1400 1400 1455 ut
1410 1388 1495 1474 σόμ-

328 1516 406 1576 παν,
421 1488 572 1580 πρόπαν,
596 1516 686 1580 ροισι
699 1497 732 1560 in
745 1497 840 1559 forma
855 1494 1012 1577 integriore
1029 1487 1135 1571 ἅπαν,
1156 1496 1188 1558 in
1202 1514 1260 1577 qua
1275 1495 1406 1580 primum
1420 1495 1493 1559 illud
1616 1500 1617 1583 l

328 1601 356 1675 ἆ,
380 1602 458 1682 quod
478 1603 510 1664 in
531 1600 731 1680 monosyllabo
751 1600 857 1675 deficit,
877 1590 946 1662 κατ’
962 1592 1125 1662 instem
1145 1599 1309 1663 acoemerit.
1338 1598 1440 1681 ltaque
1456 1600 1492 1663 de
1616 1590 1617 1631 ³

328 1704 547 1785 complemento
562 1702 669 1784 ambigi
683 1704 795 1785 nequit.
808 1702 838 1783 7)

413 1805 534 1881 Ρ.570,
559 1806 612 1868 15:
644 1796 747 1880 οὕτως
766 1798 824 1866 καὶ
845 1799 884 1866 σά
906 1795 1000 1866 ἐπάν
1023 1839 1063 1849 -
1084 1837 1129 1850 -
1148 1836 1193 1850 -
1214 1824 1299 1868 ανον.
1342 1804 1492 1869 Lacunam

328 1909 372 1972 sie
395 1907 594 1992 explebimus:
631 1897 674 1985 [ἐν
702 1892 730 1990 ᾦ
751 1899 955 1969 ἐκτετάσθαι
983 1902 1023 1970 τὸ
1049 1912 1068 1974 ἆ
1094 1898 1292 1989 άναγκῙαῖον.
1336 1908 1419 1981 Quae
1443 1928 1492 1971 so·

329 2019 472 2093 quuntur,
498 2000 813 2092 παραπεμπομένων
839 2000 933 2091 ἡμῶν
960 2004 1018 2071 καὶ
1044 2003 1104 2070 τόν
1125 2000 1202 2086 όξῦν
1221 2003 1318 2072 τόνον
1339 2001 1411 2073 άνεὶ
1431 2012 1493 2074 τοῦ

327 2105 586 2197 περισπωμένου
607 2107 822 2193 παραλαβεῖν,
837 2129 899 2173 non
920 2120 1000 2175 reete
1014 2110 1161 2174 intellecta
1176 2112 1296 2175 suntab
1310 2113 1491 2188 Hermanno,

328 2217 375 2281 eui
389 2216 425 2279 ad
442 2216 533 2298 Sopb.
549 2213 673 2276 Pbiloot.
690 2232 716 2273 v.
736 2211 826 2285 1373,
847 2213 1021 2295 Apollonius
1043 2213 1074 2275 in
1089 2202 1177 2276 ὦτᾶν
1196 2215 1332 2278 mamam
1351 2216 1492 2298 syllabam

327 2319 401 2393 aeui,
416 2335 478 2379 non
493 2315 682 2380 circumflecti
693 2312 819 2377 voluisse
829 2314 951 2378 videtur.
966 2317 1063 2379 bomo
1077 2316 1239 2398 improbari
1252 2317 1308 2380 sibi
1317 2318 1491 2401 Apollonius

328 2422 458 2485 ostendit
476 2427 610 2483 acutum:
631 2418 704 2481 haee
723 2426 769 2480 est
787 2418 867 2481 enim
889 2420 1060 2500 significatio
1082 2418 1161 2482 verbi
1181 2413 1491 2503 παραπέμπεσθαι,

327 2526 375 2589 oui
390 2524 549 2609 opponitur
562 2521 778 2603 προσίεσθαι.
794 2520 838 2583 cf.
854 2522 890 2584 de
905 2529 1016 2583 constr.
1024 2522 1074 2596 111,
1090 2522 1109 2583 3
1123 2540 1152 2603 p.
1162 2522 1232 2596 197,
1248 2522 1298 2584 22.
1310 2523 1333 2597 l,
1346 2523 1388 2585 29
1401 2542 1432 2606 p.
1439 2523 1491 2600 60,

326 2626 378 2690 al.
404 2628 445 2702 n,
469 2627 507 2690 18
527 2645 556 2708 p.
576 2624 652 2698 rao,
674 2625 702 2686 5.
730 2623 768 2685 ει
790 2643 820 2705 p.
841 2624 916 2699 155,
939 2621 991 2686 25.
1035 2623 1173 2687 osorum
1198 2610 1286 2688 deso
1308 2626 1492 2690 murreum
1616 2640 1617 2681 i

325 2728 514 2812 Apollonium
529 2727 681 2809 scripsisse
695 2745 712 2789 e
725 2745 755 2808 p.
772 2725 844 2800 569,
864 2725 903 2787 14
917 2743 1058 2809 apparere
1072 2726 1195 2790 ridetur.

409 2831 444 2893 P.
461 2831 539 2903 570,
566 2829 621 2891 22:
658 2823 715 2891 καὶ
740 2823 780 2891 τὸ
806 2821 878 2890 δάν
906 2822 1095 2891 πλεονάσαν
1122 2825 1170 2914 τῷ
1193 2833 1209 2898 i,
1231 2822 1290 2897 οὖν
1311 2822 1488 2895 άντόκεισο.

324 2933 408 2997 Ferri
429 2934 488 2995 boe
511 2951 599 3013 posse
615 2930 757 2994 concedo:
784 2930 885 2993 malim
906 2935 1007 2992 tamen
1028 2924 1068 2992 sd
1091 2925 1170 2994 δοάν
1188 2933 1342 3014 seriptum.
1372 2934 1414 2997 lle
1433 2934 1491 2997 bae

323 3037 421 3099 forma
436 3035 473 3097 cl.
490 3034 588 3097 Schol.
603 3033 721 3114 Dionys.
737 3052 766 3114 p.
783 3032 854 3104 949,
870 3031 922 3094 20.
965 3033 1007 3095 Ιο.
1023 3031 1104 3094 Alex.
1124 3053 1190 3098 εον.
1213 3053 1292 3119 παρ.
1314 3055 1344 3119 p.
1362 3035 1413 3110 37,
1436 3035 1488 3098 31.
1616 3058 1617 3077 ¹

410 3136 444 3199 P.
460 3137 533 3211 571,
554 3136 604 3198 32.
637 3134 780 3197 Aduerbio
800 3134 831 3195 in
844 3136 894 3201 ἶτῖ
910 3136 1009 3198 omnia
1029 3135 1108 3198 credi
1125 3135 1233 3199 debent
1247 3129 1319 3200 άπὸ
1335 3131 1490 3221 ῥημάτων
1616 3186 1617 3189 .

324 3238 502 3322 πορῆχθαι
524 3227 547 3322 ἢ
567 3231 625 3300 καὶ
648 3231 866 3320 συνυπάρχειν
892 3232 933 3300 τά
963 3230 1103 3321 ῥήματα.
1146 3238 1235 3321 Atqui
1259 3240 1489 3322 haudquaquam

324 3342 423 3404 omnia
436 3342 524 3404 bunius
538 3342 651 3404 formas
665 3339 800 3402 adverbia
814 3358 832 3401 a
845 3338 942 3402 verbis
957 3339 1081 3403 derivari
1094 3360 1181 3423 posse
1195 3362 1224 3423 p.
1241 3342 1313 3417 572,
1332 3343 1370 3404 15
1385 3352 1489 3406 osten·

322 3443 410 3507 ditur.
445 3444 548 3526 ltaque
566 3442 755 3505 scribendum
781 3434 811 3505 ai
831 3437 890 3505 καὶ
908 3436 1109 3527 σοννπάρχει
1130 3439 1173 3506 sd
1194 3437 1340 3530 ῥήματα,
1363 3446 1393 3507 h.
1413 3466 1440 3508 ε.
1461 3447 1489 3510 εἰ

322 3545 411 3609 rerba
429 3545 576 3608 eiusmodi
595 3544 674 3607 unde
688 3544 811 3608 densari
825 3544 951 3629 possint,
971 3544 1061 3608 etiam
1075 3550 1184 3609 extant.
1229 3547 1373 3611 Similiter
1386 3540 1417 3612 εἶ
1429 3550 1490 3616 καί

320 3667 350 3730 p.
366 3649 439 3724 576,
456 3650 495 3711 17
511 3656 542 3712 et
556 3649 597 3710 20
612 3648 726 3711 dieitur.
1410 3706 1413 3711 .

406 3752 440 3813 P.
467 3751 546 3827 580,
578 3749 638 3813 28:
683 3741 760 3815 ἔσθ’
787 3742 843 3814 ὅτε
870 3743 990 3826 πάθος
1018 3744 1224 3834 ἐγγινόμενον
1252 3741 1398 3838 άμασρσῖ
1423 3749 1488 3830 σάς

321 3844 494 3938 ἰδιότητας
522 3848 562 3915 τό
591 3846 732 3929 δεόντως
760 3871 834 3929 πως
860 3848 1134 3941 σχηματίζεσθαι.
1179 3854 1272 3919 Scrib.
1300 3852 1361 3919 τοῦ
1389 3851 1488 3921 dads-
1616 3892 1617 3895 ¹

320 3976 386 4033 τως
405 3975 444 4018 π.
460 3972 491 4020 σ.
563 3976 567 3983 ·
973 3972 980 3982 ·

404 4059 439 4122 Ρ.
469 4057 548 4137 583,
579 4060 615 4123 7:
659 4054 746 4123 κατά
776 4054 835 4123 τοῦ
870 4080 907 4144 γε
941 4051 1214 4148 σεσημειάσεται.
1268 4059 1363 4125 Serib.
1398 4056 1489 4125 md

318 4154 419 4226 τοῦτό
443 4180 489 4245 γε.

318 4313 520 4331 m

388 4402 414 4466 7)
432 4403 587 4469 occupatan
598 4405 663 4457 bane
675 4404 873 4457 emendationem
883 4405 959 4458 video
970 4421 986 4459 ε
997 4405 1114 4475 bebrsio,
1125 4406 1153 4459 in
1163 4405 1196 4461 N.
1205 4406 1253 4460 bls.
1263 4404 1342 4458 liban.
1354 4404 1376 4458 ll
1386 4420 1412 4472 p
1420 4405 1485 4460 ³54.
