3222 5148
717 448 783 523 ibi

680 536 783 545 .—---
795 538 826 543 V„

171 649 348 717 cumeneo
369 640 423 711 eud
436 643 557 724 propter
571 637 713 721 inanime
728 657 744 699 e
759 636 914 719 superlicio
930 654 1037 707 εστιισε
1047 635 1203 705 munes
1216 634 1337 705 minione

171 746 280 817 solidos
290 743 343 809 eod
357 743 445 825 longe
458 741 658 817 tenuissime,
671 759 745 823 quoe
760 740 858 805 enon
873 739 1001 807 eidtnnt.
1011 741 1172 819 oeuloeope
1185 739 1338 811 bceeeont.

172 866 296 933 corporo
311 846 445 927 quemvis
460 843 764 917 condecernentes
779 850 936 923 nequeant.
965 843 1010 907 bn
1026 842 1221 906 soliditate
1236 841 1338 904 cerui

171 972 208 1013 eo
224 968 315 1014 sensu
338 951 453 1019 dietum
471 949 664 1030 accipiemus,
686 956 723 1015 ut
740 946 812 1010 siti.
828 965 858 1029 g.
874 946 917 1009 sie
931 946 1026 1018 corni,
1053 953 1088 1010 ut
1104 945 1239 1009 soliditas
1250 944 1339 1009 etiem

172 1049 444 1123 animadvertatur?
468 1051 568 1123 Posnt
579 1051 704 1117 neusse
720 1050 839 1113 concedi
854 1050 884 1113 in
904 1049 1071 1115 solidorum
1087 1065 1245 1128 corporum
1264 1046 1338 1111 ima-

171 1146 305 1239 ginibus,
326 1155 395 1219 licet
407 1154 479 1236 ipsis
494 1153 617 1227 minime
631 1153 746 1227 solidis,
767 1173 831 1219 usse
845 1161 949 1221 tomen
961 1152 1071 1235 aliquid
1081 1152 1162 1217 unde
1174 1151 1337 1215 solidorum

172 1277 222 1331 ees
234 1270 394 1339 caporum
406 1257 548 1338 imagines
560 1275 836 1337 essesgposoornuu
848 1255 947 1321 Sedut
958 1265 1072 1325 taceam
1082 1252 1245 1323 unidsolo
1257 1253 1338 1319 eble-

172 1363 242 1425 tivo
249 1379 320 1431 coen
335 1360 479 1441 designui
494 1359 637 1442 potuisse,
653 1369 687 1421 et
697 1360 846 1429 uendite
868 1360 988 1438 quidem
1006 1358 1231 1443 proeposbione
1245 1377 1338 1431 cum,

174 1465 262 1530 client
277 1464 378 1531 stetim
394 1463 597 1531 difficultatem
613 1464 755 1533 obiiciunt
767 1465 900 1546 proxime
916 1463 1018 1527 verbm
1034 1464 1096 1525 sed
1113 1462 1338 1544 imaginibus

174 1567 427 1635 similitudine
444 1567 719 1637 ettrunsitione
732 1567 932 1648 perceptis.
955 1567 1032 1633 Nom
1046 1567 1119 1633 boec
1134 1566 1281 1649 oppositio
1295 1564 1339 1629 sic

174 1672 297 1747 demntn
311 1671 387 1732 iusto
402 1670 493 1743 toret,
508 1669 534 1732 si
548 1670 640 1733 solido
656 1688 779 1751 corporo
793 1688 856 1732 non
869 1670 943 1735 item
958 1669 1134 1750 imaginibus
1146 1677 1339 1735 cerneremus

174 1773 207 1839 in
220 1775 322 1837 oculos
334 1772 567 1845 transeuntibus,
591 1772 670 1850 qnod
686 1782 885 1848 commosse,
906 1771 1024 1854 Epicuri
1045 1771 1166 1854 qrndent
1180 1770 1337 1843 sententie,

176 1878 241 1959 (pris
256 1871 375 1939 nescit?
389 1873 466 1948 Quid
480 1874 567 1955 igitur
582 1871 737 1937 dicemus?
752 1874 839 1948 Nibil,
856 1876 973 1956 opinor,
989 1875 1047 1941 nisi
1060 1875 1220 1941 fatebimur
1234 1892 1338 1938 senum

172 1996 206 2045 ao
217 1986 326 2045 certem
338 1975 426 2041 buius
437 1975 495 2039 loci
503 1976 945 2058 interpretationemexcogitsri
955 1979 1065 2041 nnllam
1077 1997 1173 2058 posse,
1189 1978 1338 2059 viderique

174 2079 344 2149 Ciceronem
360 2078 457 2159 ipsum
480 2076 554 2156 quid,
569 2078 711 2140 scriberet
729 2097 790 2141 non
810 2079 997 2145 intellexisse.
1040 2080 1140 2160 Neque
1161 2098 1278 2151 vereor,
1299 2096 1337 2142 ne

174 2183 242 2265 quis
257 2182 348 2247 nimis
366 2198 482 2261 gruem
504 2178 558 2243 huc
573 2181 742 2262 stupicionc
761 2182 899 2247 iniuriam
920 2182 946 2245 ei
965 2182 1028 2247 lieri
1049 2183 1169 2257 clomet3
1190 2200 1259 2247 nom
1280 2181 1338 2245 hoc

173 2285 261 2359 idem,
277 2292 312 2346 ut
327 2302 401 2365 quse
415 2282 556 2345 scriberet
569 2300 630 2345 non
645 2284 829 2364 intelligeret,
842 2286 928 2348 etiem
945 2285 977 2349 in
992 2285 1192 2348 convertendo
1208 2283 1338 2347 Platonis

172 2387 294 2449 Timaeo
309 2403 371 2448 nou
386 2385 478 2448 semel
493 2384 548 2449 sibi
563 2386 701 2449 occidisse
716 2386 779 2467 ipse
794 2386 920 2466 ingenue
932 2389 1082 2469 professus
1097 2397 1143 2451 est
1154 2390 1214 2468 ²⁶).
1259 2390 1337 2449 Con·

173 2507 288 2551 versem
310 2488 398 2549 etiam
422 2488 499 2549 benc
515 2487 612 2551 Velleii
634 2489 864 2571 disputationem
884 2510 919 2553 ex
938 2509 1043 2571 graeco
1065 2491 1186 2555 alicuius
1201 2489 1338 2573 Epicurei

173 2591 257 2663 libro,
273 2588 439 2653 Philodemi
453 2598 489 2651 ut
503 2589 625 2656 videtur.
640 2592 677 2655 ab
689 2611 724 2652 eo
736 2610 799 2655 esee
809 2601 922 2655 certum
938 2599 992 2666 eet,
1005 2593 1127 2675 flerique
1138 2593 1221 2657 focile
1231 2583 1348 2676 potuit,¹

173 2702 208 2757 nt
221 2694 307 2757 verba
322 2710 424 2774 graece
440 2710 502 2754 non
515 2701 593 2755 reete
607 2702 745 2776 percepto
760 2694 849 2759 lotine
863 2702 1008 2776 quantum
1023 2705 1126 2778 posset
1139 2696 1284 2768 redderet,
1301 2695 1338 2756 de

174 2814 241 2859 vera
267 2794 477 2876 significatione
500 2801 582 2856 tento
609 2796 708 2859 minue
739 2795 866 2861 fortusse
892 2796 1050 2876 sollicitus,
1077 2806 1187 2880 quanto
1214 2797 1337 2861 minoris

175 2915 296 2963 omnent
313 2897 388 2959 hanc
403 2895 521 2976 Epicuri
536 2896 700 2961 doctrinam
714 2901 892 2963 aestimaret.

259 2999 321 3061 lom
343 3000 379 3061 de
395 2998 531 3078 Diogenis
551 3000 616 3061 loco
631 3001 790 3065 videndum
805 3011 849 3065 est
868 3020 958 3083 supro
973 3002 1109 3067 ndiesto.
1152 3003 1181 3065 ls
1195 3003 1281 3085 vulgo
1296 3001 1339 3079 sig

173 3101 325 3167 scribitur:
354 3094 389 3163 ie
410 3091 527 3175 ἄλλοις,
546 3096 584 3163 δέ
604 3121 688 3186 φησι
710 3104 867 3184 (Epicurus
882 3104 1003 3180 scilieet)
1025 3100 1102 3179 τοὺς
1124 3102 1227 3180 θεοὺς
1248 3100 1337 3190 λόγῳ

171 3199 370 3290 θεωρητούς,
394 3192 452 3278 olle
473 3198 533 3282 μὲν
555 3196 625 3267 κατ’
641 3197 788 3288 ἀριθμὸν
802 3198 1004 3292 ὑφεστῶτας,
1027 3197 1084 3282 οὓς
1101 3203 1138 3270 de'
1151 3206 1235 3275 κατὰ
1259 3201 1337 3292 ὁμσ-

173 3304 280 3371 erdiov
302 3301 337 3367 ἐκ
358 3305 399 3367 ei
401 3327 418 3381 ς
439 3303 591 3385 συνεχοῦς
613 3300 817 3394 ἐπιρρύσεως
831 3309 898 3373 τῶν
919 3301 1043 3390 ὁμοίων
1066 3303 1209 3375 εἰδώλων
1222 3307 1282 3376 ἐπὶ
1297 3307 1336 3375 eti

174 3399 255 3469 αὕτὸ
284 3398 594 3486 σ’πστετιλεσμέτων
622 3400 896 3494 ἀνθρωποειδεῖς.
941 3413 1018 3475 Ηεεσ
1044 3412 1070 3474 si
1098 3433 1169 3478 sana
1194 3417 1338 3498 scripturn
1446 3416 1452 3425 '

172 3519 230 3584 est,
260 3507 319 3574 duo
341 3510 466 3573 deorum
488 3528 594 3589 genera
616 3511 756 3593 distingui
777 3522 912 3594 apparet,
942 3515 1066 3579 alterum
1095 3508 1166 3579 κατ’
1189 3510 1338 3599 ἀριθμὸν

174 3605 334 3696 ὖφεστός,
361 3612 487 3674 alterum
513 3613 596 3676 cuius
619 3614 761 3696 imagines
786 3615 916 3678 hnmano
937 3616 1034 3698 specie
1050 3619 1190 3683 continuo
1205 3621 1337 3696 effluant,

174 3715 290 3796 quales,
310 3716 337 3777 si
356 3715 433 3777 banc
448 3715 665 3794 oppositionem
679 3726 760 3781 recte
774 3737 808 3780 ee
821 3719 930 3783 habere
941 3720 1105 3795 credimus,
1125 3722 1225 3785 exilio
1240 3724 1338 3805 priore

172 3834 279 3898 genere
303 3834 363 3878 non
384 3816 504 3877 effluere
527 3818 672 3882 ridentur.
717 3812 800 3883 Κατ’
823 3813 970 3904 ἀριθμὸν
997 3816 1185 3909 ὑφεστῶτες
1210 3825 1337 3891 dubitari

173 3937 237 3983 non
251 3926 350 4000 potest
369 3917 442 3999 quin
463 3920 483 3980 ii
505 3920 654 3995 dicentur,
671 3941 801 4003 qnorum
816 3932 913 3987 certus
928 3924 1033 4006 uliquis
1047 3945 1192 3993 numerus
1206 3928 1253 4003 sit,
1270 3930 1334 4011 qui-

174 4041 231 4105 que
253 4022 404 4087 numereri
429 4028 459 4082 et
483 4021 652 4103 singillatim
674 4025 815 4108 distingui
838 4029 967 4109 possint:
993 4029 1023 4093 id
1048 4030 1134 4112 igitur
1158 4033 1189 4094 in
1210 4032 1336 4095 alterum

174 4125 292 4206 quidem
307 4141 400 4206 genus
415 4123 538 4186 deorum
550 4128 665 4205 cadere,
680 4128 711 4189 in
721 4129 848 4193 alterurn
857 4141 957 4195 eutem
968 4150 1030 4196 non
1041 4134 1145 4197 cedere
1155 4134 1335 4217 colligemus.

244 4369 287 4432 26)
305 4367 430 4422 Memorat
450 4369 499 4422 boo
517 4369 702 4440 Hieronymus,
723 4388 811 4429 σοιιι.
828 4376 854 4427 in
865 4375 966 4428 lienium
982 4377 1028 4429 lib.
1040 4375 1096 4431 xtl.
1113 4378 1191 4445 preci.
1206 4379 1277 4432 Toni.
1291 4380 1334 4434 lv.

176 4458 243 4515 pere
257 4451 279 4515 l,
292 4468 316 4517 p.
330 4453 380 4507 tel
391 4453 432 4507 ed.
443 4453 555 4510 Vellere.
580 4453 644 4510 Neu
656 4456 737 4524 ipsius
748 4459 879 4514 ciceronis
890 4463 965 4515 loono
975 4478 1025 4515 noo
1036 4472 1116 4518 ειιει.
