3154 5138
601 437 801 536 —ero-

118 648 173 693 ror
197 617 275 691 odeo
293 620 379 691 oded
399 619 580 710 πράγματα
599 616 683 706 ἔχει,
707 613 783 687 οὔτε
800 614 891 711 dito
909 620 1062 709 παρέχει,
1088 645 1176 707 quam
1195 626 1284 690 latina

120 749 223 794 eorum
238 730 397 794 morereio
413 748 456 803 ea,
470 747 559 809 qnam
573 748 590 791 e
603 727 742 790 Cioerone
756 745 846 808 repra
860 729 1080 810 adseripeimne
1107 729 1284 794 Prudentius

121 834 208 915 igitur
222 833 415 896 Heindordus
436 830 593 895 rotumum
612 829 757 912 apoduein
777 831 816 893 ita
834 831 937 911 retingi
957 832 1061 896 voluit:
1080 848 1121 894 an
1140 833 1171 895 si
1190 833 1284 914 quod

120 936 181 1011 eit,
200 935 235 997 id
250 955 334 999 enee
347 935 433 998 taio:
452 952 558 1014 nempe
572 932 642 1007 tale,
662 932 746 1013 quale
760 953 849 1014 supra
864 934 974 998 dietum
989 944 1048 1010 eut,
1068 935 1148 1016 quood
1161 953 1217 998 nee
1230 935 1284 998 ha·

120 1037 192 1100 beet
204 1055 261 1101 neo
274 1037 408 1101 exhibeat
422 1036 557 1117 cuiquam
577 1035 737 1115 negotium.
767 1036 872 1098 Veram
891 1045 990 1099 tamen
1007 1038 1084 1101 hane
1102 1036 1283 1100 emendatio·

120 1158 190 1203 uem
204 1158 268 1203 non
284 1141 385 1215 credo,
405 1139 458 1203 aed
471 1138 618 1220 potiorem
633 1137 731 1201 iudioo
746 1156 849 1201 eornm
869 1139 1002 1202 eodieum
1023 1139 1215 1221 scripturam,
1234 1141 1284 1221 qui

121 1243 270 1324 apodooin
285 1261 412 1324 proraue
427 1242 574 1305 omittunt.
608 1241 726 1304 Poterat
745 1240 823 1303 mim
837 1240 937 1304 Cioero
956 1261 1020 1304 eam
1036 1243 1101 1306 aine
1120 1242 1178 1305 uita
1197 1242 1283 1305 dnbi-

120 1344 232 1408 tatione
247 1345 394 1417 omittere,
410 1345 558 1407 neminem
573 1353 632 1407 tam
648 1344 762 1407 tardum
777 1345 840 1407 iore
855 1344 998 1419 contiuuo,
1012 1344 1096 1425 quin,
1112 1344 1192 1425 quod
1206 1363 1284 1425 opus

120 1456 203 1511 eoeet
215 1447 254 1510 ed
268 1447 440 1528 explendam
454 1447 635 1521 sententium,
651 1466 686 1510 ex
700 1445 745 1521 iis,
764 1466 838 1527 quae
850 1447 948 1527 pauido
962 1454 1029 1509 ante
1043 1446 1118 1510 dieta
1133 1455 1224 1523 mant,
1240 1448 1283 1510 ta·

122 1550 175 1612 ede
190 1569 246 1614 sua
262 1558 369 1631 sponte
384 1549 561 1613 subaudiret.
591 1549 679 1624 Quod
694 1568 785 1629 quum
799 1556 896 1611 tamen
911 1557 1013 1631 postea
1028 1548 1131 1630 aliquia
1145 1549 1181 1612 de
1198 1567 1285 1629 grege

120 1652 381 1733 grammatioorum
401 1652 562 1715 orationem
581 1642 850 1715 ἄναπαπόδοτον
870 1670 932 1714 non
955 1660 1166 1731 ooneoqueret,
1189 1652 1284 1715 beavit

120 1773 185 1817 earn
201 1756 262 1817 isto
277 1754 501 1835 supplemento,
520 1754 580 1817 eive
594 1754 624 1816 id
639 1754 694 1817 ude
709 1754 776 1829 fuit,
799 1756 881 1835 quale
895 1754 1083 1818 Heindordus
1098 1755 1202 1830 voluit,
1222 1754 1284 1817 eive

120 1857 207 1938 unde
222 1857 255 1919 in
270 1855 419 1937 plerisque
432 1857 590 1931 codicibus,
606 1856 739 1938 qrmmrie
754 1856 926 1931 absurdum,
941 1857 1053 1938 legitur.

207 1958 279 2039 Cep.
299 1957 425 2033 XXXW,
447 1958 498 2022 96.
536 1960 628 2038 Ergo
649 1959 716 2021 hoo
735 1964 769 2020 te
790 1959 881 2022 ratio
903 1977 973 2022 non
996 1960 1154 2034 docebit,
1177 1978 1281 2040 quum

123 2059 441 2142 praestantissima
460 2068 585 2123 natura
600 2067 806 2141 quaeratur,
826 2079 935 2141 eaque
955 2061 1052 2123 beata
1073 2070 1107 2123 et
1128 2069 1284 2136 aeterna,

121 2182 213 2244 quae
237 2163 314 2225 sola
338 2162 457 2225 divina
479 2172 604 2226 natura
628 2171 725 2237 eunt,
749 2171 787 2225 ut
809 2162 1079 2225 immortalitate
1103 2164 1284 2226 vincamur

121 2266 162 2329 ab
181 2284 223 2328 ea
246 2274 387 2339 notura,
412 2265 467 2328 eie
485 2265 591 2327 animi
611 2265 832 2345 praestantia
854 2264 960 2337 rinei,
986 2273 1088 2346 atque
1107 2275 1144 2328 ut
1166 2266 1283 2340 animi,

121 2370 208 2432 item
224 2367 400 2449 eorporis.
430 2367 480 2431 Sie
494 2368 575 2430 hune
587 2367 685 2430 locum
700 2367 843 2430 editiones
858 2368 1011 2449 pleraeque
1026 2367 1175 2442 exhibent,
1190 2386 1284 2449 neque

121 2478 169 2532 eet
182 2469 214 2532 in
226 2488 273 2543 eo,
288 2470 369 2550 quod
382 2472 528 2533 otiendere
539 2480 625 2550 atque
637 2468 778 2551 impedire
788 2468 915 2551 p'eritum
927 2471 1065 2533 tectorem
1076 2470 1182 2552 poeeit,
1197 2490 1283 2555 prae·

121 2584 257 2653 torquem
272 2572 303 2634 in
315 2572 410 2636 verbis
426 2593 512 2654 quae
526 2573 603 2636 eota
618 2570 736 2635 diviua
751 2580 878 2635 natura
894 2583 992 2647 eunt,
1009 2592 1135 2653 quorum
1146 2592 1282 2637 neeeen·

121 2675 214 2738 tentia
227 2683 309 2756 apta,
324 2684 353 2737 et
365 2675 452 2737 ieotio
466 2674 497 2737 in
512 2673 661 2738 codicibus
675 2674 835 2738 admodum
851 2675 927 2739 veria
942 2684 995 2738 eat.
1023 2675 1113 2750 Nam,
1128 2683 1162 2738 ut
1175 2676 1297 2741 leviore,

121 2777 267 2859 oneum
281 2786 312 2841 et
329 2778 485 2841 manifesto
506 2778 610 2841 vitiosa
628 2779 870 2859 praetermittam,
892 2778 922 2841 in
941 2778 1004 2841 aliie
1022 2786 1080 2840 eet:
1100 2796 1186 2858 quae
1207 2778 1283 2841 sola

120 2881 265 2944 divinae
285 2889 436 2944 naturae
462 2887 559 2953 sunt,
586 2881 616 2942 in
639 2880 718 2943 aliie:
744 2899 830 2960 quae
853 2880 930 2943 oola
955 2881 989 2942 in
1015 2879 1132 2942 divina
1157 2888 1283 2943 nature

120 2991 220 3059 eunt,
234 2984 338 3047 inaliio
349 2982 489 3064 denique:
505 3001 597 3065 quae
612 2983 689 3046 oola
703 2982 820 3045 divina
834 2991 959 3045 natura
973 2991 1037 3045 eet.
1067 2983 1186 3063 Vulgata
1196 2981 1281 3045 leutio

119 3084 283 3148 aVrotorio
299 3103 366 3148 eree
379 3084 491 3148 ridetur
503 3091 510 3127 ¹
522 3086 568 3161 ὅ),
588 3082 637 3166 qui
651 3092 749 3148 uuum
766 3085 902 3148 codicum
921 3084 1120 3148 auctoritatem
1141 3104 1179 3148 an
1198 3102 1282 3149 suam

121 3187 323 3251 ωηίοαιιηω
343 3195 487 3268 sequutus
507 3186 560 3261 eit,
580 3187 691 3249 nereio.
727 3187 796 3249 Utut
813 3196 871 3262 eet,
894 3206 992 3250 veram
1011 3188 1087 3250 hane
1106 3187 1282 3268 scripturam

120 3309 189 3354 eoae
203 3307 269 3354 non
283 3290 414 3354 adducor
428 3297 461 3352 ut
475 3289 600 3352 oredam.
631 3291 816 3371 Quamquam
831 3308 892 3352 non
907 3290 1042 3354 offendor
1054 3300 1208 3370 tantopere
1227 3291 1283 3353 hee

119 3401 289 3457 streame
300 3391 495 3473 ambignitate,
507 3390 586 3472 quod
598 3409 660 3455 non
670 3391 769 3472 liquet,
783 3391 901 3455 divina
912 3400 1011 3456 utrum
1021 3393 1201 3456 nominativo
1213 3410 1285 3456 earu

120 3495 233 3559 dietum
254 3494 307 3569 eit,
331 3512 368 3557 on
388 3492 509 3556 ablativo
530 3493 779 3575 coniunctumque
799 3512 866 3556 eum
890 3502 1009 3569 namra,
1033 3495 1281 3576 quemadmodum

119 3596 231 3660 Oreitio
244 3596 342 3658 viuum
356 3602 410 3657 eet
445 3593 520 3658 Nam
540 3602 639 3657 utrum
659 3595 767 3657 horum
790 3597 1023 3677 praeoptaveris,
1047 3597 1082 3659 ad
1107 3599 1282 3661 sententiam

118 3718 181 3764 non
191 3700 322 3763 multum
333 3697 465 3760 intereat:
475 3697 610 3761 dioentur
620 3697 698 3761 enim
709 3697 822 3760 utrovis
832 3698 924 3761 modo
936 3699 999 3762 soie
1010 3699 1106 3763 divina
1113 3700 1281 3765 eusebeati·

118 3802 191 3865 tudo
206 3808 237 3864 et
251 3800 415 3863 aeternitas.
440 3799 518 3861 idaeo
532 3801 596 3881 ipoa
612 3808 708 3864 autem
720 3801 871 3876 sententia,
886 3802 999 3864 etiamsi
1011 3820 1077 3865 vera
1090 3802 1139 3876 sit,
1153 3837 1195 3850 -
1210 3802 1280 3866 nolo

117 3904 199 3968 eninr
215 3902 275 3966 boo
288 3920 369 3966 nuno
381 3919 529 3983 utmorem,
544 3936 587 3949 —
601 3901 639 3965 ab
654 3902 712 3965 hoo
727 3911 805 3966 certe
818 3902 886 3967 loeo
901 3912 931 3967 et
948 3904 984 3967 ab
1004 3906 1060 3968 hae
1072 3904 1174 3969 Cottae
1192 3925 1280 3988 argu·

189 4178 230 4241 16)
248 4177 277 4232 Id
289 4180 394 4231 ooniioio
411 4195 443 4232 ex
461 4181 560 4232 Boherii
574 4180 671 4245 verbio,
684 4188 742 4233 ante
757 4181 895 4233 victorium
913 4198 999 4235 omnes
1012 4184 1052 4235 ed.
1065 4183 1094 4234 in
1107 4184 1213 4236 divina
1225 4198 1279 4234 ur-

117 4272 190 4317 tnre
202 4265 295 4316 Bekre
308 4264 424 4317 ditantis·
448 4265 506 4318 Vid.
519 4265 671 4334 itemrqueo
684 4282 729 4317 our
741 4267 855 4332 ciceron,
867 4283 914 4335 prr
925 4268 974 4320 dir.
984 4269 1008 4320 ie
1020 4266 1153 4321 Prdrident
1162 4268 1279 4320 Bouhier.

116 4350 201 4403 Now.
214 4352 254 4403 ed.
266 4353 288 4403 A
299 4349 373 4403 Perit
388 4350 461 4403 ruo.
473 4367 498 4419 p.
508 4352 550 4404 44.
574 4350 630 4421 ipre
639 4353 704 4405 euim
713 4367 793 4421 aeque
805 4352 974 4406 Victoriarum
988 4370 1068 4422 neque
1079 4354 1143 4405 aliar
1154 4352 1280 4405 vetustte·

117 4452 162 4491 ret
174 4437 302 4490 Moneo
313 4437 440 4505 inepteere
452 4437 531 4505 potui.
