3284 5152
417 1619 607 1715 SCIIOLII
640 1623 687 1714 III
717 1620 944 1714 EURIPIDIS
975 1618 1124 1713 IOIIEII.
1157 1619 1284 1712 PART.
1317 1620 1380 1711 III.

405 1872 629 1937 Enarrationem
662 1871 741 1936 lonis
772 1872 946 1955 Euripideae
972 1871 1086 1937 duabus
1116 1870 1302 1952 superiorum
1333 1888 1482 1935 annorum

318 1974 528 2059 scriptionibus
547 1975 714 2040 inchoatam
732 1977 872 2058 persequi
890 1978 949 2040 hoe
968 1983 1102 2058 tempore
1126 1974 1247 2057 placuit,
1274 1992 1428 2057 quomque
1444 1974 1482 2037 de

318 2080 441 2162 prologo
455 2085 486 2142 et
500 2079 537 2143 de
550 2078 663 2143 nantino
677 2078 774 2161 primo
789 2079 961 2154 dixerimus,
971 2078 1105 2160 sequitur
1118 2077 1176 2142 iam
1192 2084 1227 2141 ut
1237 2077 1321 2141 chori
1334 2077 1482 2158 paredum

317 2181 562 2264 interpretemur,
587 2200 662 2264 quae
683 2189 764 2246 este
784 2201 811 2244 v.
838 2181 897 2245 187
916 2180 952 2245 ad
972 2199 999 2242 r.
1016 2180 1088 2257 247.
1109 2215 1149 2226 -
1167 2180 1363 2262 componitur
1381 2188 1482 2244 annm

317 2285 425 2350 chorus
436 2285 547 2349 ancillis
562 2284 689 2348 Creusae
703 2290 755 2348 aut
769 2284 925 2348 duodecim
939 2292 991 2348 aut
1002 2283 1168 2367 quiedeeim
1178 2301 1295 2347 -nam
1307 2284 1344 2347 de
1356 2302 1482 2348 numero

317 2405 379 2453 non
393 2396 508 2452 constet
521 2385 677 2451 -heram
691 2387 819 2471 Delphos
833 2387 981 2453 comitatis
992 2388 1113 2471 einsque
1124 2386 1271 2470 permissu
1282 2387 1317 2450 ad
1329 2387 1483 2451 visendum

318 2492 463 2576 templum
486 2498 555 2556 ante
573 2491 667 2574 ipsam
688 2491 862 2573 progressu.
892 2491 1047 2573 Peragrata
1065 2490 1154 2572 igitur
1171 2490 1269 2573 aliqua
1289 2489 1373 2581 urbis
1387 2497 1482 2574 parte,

318 2592 542 2677 oompeetisque
556 2594 597 2658 ibi
610 2602 641 2658 et
652 2593 771 2659 aedibus
785 2594 897 2675 aliquot
911 2593 1001 2658 saeris
1012 2600 1042 2657 et
1056 2593 1114 2657 aris
1128 2593 1259 2668 sinibus,
1274 2609 1372 2669 nune,
1388 2612 1483 2677 quum

318 2697 351 2761 in
364 2696 463 2779 magni
476 2697 581 2779 templi
602 2703 795 2779 oonsaeptum
815 2697 1014 2780 pervenerint,
1035 2703 1066 2760 et
1084 2696 1173 2760 huius
1196 2703 1317 2779 aspectu
1333 2704 1432 2759 motae
1452 2703 1484 2759 et
1622 2782 1623 2807 ᾖ

319 2818 423 2864 eorum
439 2817 514 2882 quae
528 2800 606 2863 inter
619 2800 750 2863 eundum
761 2800 871 2882 passim
882 2800 1014 2864 viderant
1025 2798 1202 2874 recordatae,
1217 2799 1291 2863 haee
1302 2797 1402 2862 omnia
1414 2798 1483 2873 illis,

319 2921 395 2986 qnae
410 2900 442 2965 in
448 2901 545 2985 patria
556 2903 629 2966 urbe
639 2901 761 2966 Athenis
772 2912 880 2980 essent,
895 2902 1111 2985 pulchritudIne
1121 2909 1151 2965 et
1162 2902 1318 2985 splendore
1329 2901 1484 2983 haudqua-

319 3022 410 3088 quam
424 3003 564 3069 Interiora
577 3005 633 3068 sibi
647 3005 709 3069 risa
722 3024 788 3071 esse
803 3007 988 3088 profitentem.

566 3098 636 3172 odo
657 3100 692 3171 dr
711 3109 787 3184 ταῖς
809 3103 949 3186 ζαθέαις
970 3099 1076 3195 Ἀθή-

648 3230 721 3288 ναις
743 3201 887 3288 εὐκίονες
904 3200 988 3297 ἦσαν
1010 3202 1068 3274 αὖ·

646 3307 705 3377 λαὶ
725 3313 817 3378 θεῶν
837 3306 940 3397 μόνον
961 3303 1031 3377 οὐδ’
1053 3303 1148 3396 ἄγοι-

649 3406 763 3493 οἱτιδις
783 3415 979 3501 θεραπεῖαι,

563 3507 649 3581 ἄλλο)
670 3512 727 3581 καὶ
750 3514 845 3599 παρὰ
867 3514 981 3604 Λοξία

648 3620 698 3705 τῷ
712 3621 855 3696 Λατοῦς
877 3614 1025 3699 διδύμων
1046 3613 1183 3703 προσώ-

648 3742 723 3784 πων
743 3718 1007 3808 καλλιβλέφαρον
1028 3723 1110 3810 φῶς.

405 3824 440 3887 In
454 3823 551 3905 priore
565 3823 701 3888 membro
715 3825 903 3907 praeeipuam
918 3825 977 3889 rim
993 3845 1058 3890 esse
1077 3827 1108 3889 in
1124 3825 1256 3907 epitheto
1271 3813 1414 3900 εὐκίονες
1428 3840 1484 3887 ne·

320 3924 431 3990 minem
445 3926 546 3991 Iallere
556 3934 669 4011 potest:
681 3944 778 4010 neque
792 3926 871 3991 enim
886 3928 916 3991 id
931 3929 1122 3993 memorabile
1136 3928 1182 3991 hin
1202 3927 1373 3992 mulieribus
1392 3927 1485 3991 videri

317 4030 425 4114 potuit,
441 4030 520 4111 qnod
535 4030 622 4093 aedes
637 4030 772 4104 deorum,
787 4038 821 4095 nt
835 4031 969 4106 Athenis,
983 4031 1028 4095 sic
1048 4031 1138 4096 etiam
1156 4030 1276 4114 Delphis
1295 4038 1411 4105 essent,
1431 4030 1485 4094 sed

318 4132 377 4197 hoo
390 4141 517 4208 tantum,
533 4132 613 4216 quod
626 4132 875 4215 pulchritudInem
889 4134 1007 4199 aedium
1022 4151 1086 4198 non
1098 4135 1245 4199 mitiorem
1261 4153 1327 4198 esso
1342 4134 1484 4197 riderent.

319 4234 504 4318 Quamquam
519 4235 597 4299 hane
609 4236 704 4317 ipsam
723 4236 948 4318 pulchritudinis
969 4238 1284 4302 commemorationem
1304 4236 1483 4301 conuenien-

319 4335 426 4410 aiorem
448 4338 552 4419 aliquIs
567 4337 673 4402 dixerit
686 4338 714 4401 ei
728 4340 865 4420 tempori,
882 4358 942 4422 quo
958 4340 1086 4405 fabulam
1101 4340 1202 4405 doeuit
1215 4339 1380 4424 Euripides,
1396 4359 1486 4422 qnam

320 4457 379 4522 quo
393 4456 442 4505 res
455 4449 536 4523 gesta
550 4460 615 4505 esee
630 4440 759 4524 lingitur,
774 4441 921 4524 siquidem
936 4443 1032 4526 prism
1046 4443 1095 4507 illo
1107 4445 1224 4509 saeculo
1246 4459 1343 4525 neque
1362 4442 1485 4507 Athenis
