3284 5152
837 472 986 574 ..132

330 665 440 749 qnippe
454 682 530 747 quae
542 680 604 729 non
617 663 655 727 ad
667 664 926 747 interrogationem
940 658 1001 740 τίν’
1014 648 1064 747 ἦν,
1078 663 1132 727 sed
1147 663 1184 727 ad
1200 663 1491 729 eomm’meretionem

328 759 456 832 τάλαιν’
471 757 536 852 δρα
556 767 703 850 respiciat.
732 766 822 830 iisote
842 767 981 831 miseram
1000 764 1087 841 dieis,
1108 766 1219 848 inquit:
1239 784 1309 830 nam
1330 764 1435 830 violata
1453 766 1491 831 ab

329 870 437 952 aliquo,
451 877 486 934 nt
499 870 634 944 arbitror,
651 887 699 933 rue
720 869 844 953 peperit
876 860 1038 952 Ἀδίνημο
1056 869 1166 950 pariter
1184 876 1218 932 ut
1237 868 1327 933 iatine
1346 868 1490 933 iniuria

328 973 418 1037 modo
432 973 526 1039 τοῦτο
540 989 632 1036 sensu
647 972 762 1047 dicitur,
777 972 841 1034 eius
855 971 906 1051 φιλ
919 971 1004 1045 iacit,
1019 971 1109 1035 modo
1128 971 1260 1053 passivo,
1281 972 1345 1035 eius
1365 971 1418 1052 poa·
1435 990 1490 1053 pa·

327 1076 410 1149 titur,
425 1072 551 1155 ideoque
565 1073 719 1155 genitivus,
729 1075 778 1155 qui
789 1073 965 1156 adiungitur,
977 1074 1067 1137 modo
1078 1073 1255 1138 snbieetirue
1267 1074 1490 1137 modoobieoti·

329 1194 382 1239 rus
396 1182 452 1238 eat.
478 1175 528 1239 Sio
548 1166 738 1260 δδινηματα
752 1170 859 1257 νόμιον
873 1177 951 1258 apud
965 1176 1196 1240 Demosthenem
1209 1175 1277 1238 iiid.
1291 1195 1321 1258 p.
1332 1175 1406 1251 586,
1420 1182 1491 1238 sunt

327 1276 404 1342 iaota
418 1276 527 1360 priona
548 1277 626 1359 leges
646 1278 801 1343 violantur.
838 1278 904 1342 Non
919 1287 982 1342 erat
996 1278 1083 1360 igitur
1096 1277 1178 1361 quod
1193 1277 1360 1342 Badhamus
1370 1297 1489 1343 versum

328 1380 473 1461 eorrigere
496 1386 654 1444 donaretm
673 1381 840 1444 eonieotnra
860 1380 1045 1456 ίοίίίίοοίονν,
1070 1369 1215 1465 ἀδίκημα
1232 1382 1293 1443 τοῦ
1314 1374 1488 1467 φύσαντος.

327 1481 495 1546 Notandum
511 1490 620 1557 autem,
635 1482 714 1564 quod
726 1474 871 1568 ἀδίκημα
885 1484 1063 1548 nuncetiam
1074 1482 1279 1565 semetipsum
1290 1482 1371 1557 dieit
1385 1490 1489 1565 utpote

327 1603 363 1647 ex
383 1584 488 1648 iniuria
507 1589 611 1666 stupro
633 1585 719 1648 matri
740 1585 820 1651 illato
840 1594 1033 1669 prognatum,
1060 1602 1121 1648 non
1140 1584 1268 1649 absimili
1286 1584 1487 1660 translatione,

221 1679 223 1682 ’
328 1704 416 1768 quam
432 1704 490 1769 qna
505 1686 598 1759 liberi,
610 1704 678 1752 oum
694 1687 796 1751 dolore
807 1689 910 1754 matria
923 1688 995 1764 nati,
1011 1688 1068 1771 ipsi
1084 1704 1202 1768 quoqne
1213 1679 1330 1763 ιδδῖνες
1339 1687 1487 1762 diduntur,

327 1789 413 1872 quasi
443 1779 566 1853 ὠδίνων
591 1795 761 1870 proventus,
784 1780 1035 1874 quemadmodem
1050 1790 1080 1852 in
1094 1791 1216 1871 prologo
1242 1809 1269 1853 r.
1296 1789 1348 1863 45,
1373 1780 1410 1852 οἵ
1433 1808 1486 1865 τις

327 1883 505 1977 Δελφίδων
530 1884 628 1975 τλαίη
655 1887 734 1976 κόρη
761 1889 927 1974 λαθραῖον
954 1883 1042 1956 ὠδῖν’
1070 1883 1119 1967 οἷς
1140 1891 1227 1955 deod
1247 1890 1348 1977 ῥῖψαι
1371 1884 1483 1972 δόμον,

325 1993 404 2075 npud
420 1994 595 2075 Aesohylum
608 1993 712 2075 rigam.
731 2013 758 2056 v.
777 1995 858 2059 1392
878 1996 1057 2079 Iphigeniam
1074 1994 1302 2077 Clytaemnestra
1322 1986 1486 2079 φιλτάτην

324 2085 431 2159 αίδῖνα
449 2096 533 2171 dicit,
553 2105 584 2159 et
605 2097 682 2177 apud
697 2096 857 2161 Pindarum
874 2097 918 2161 ot.
934 2098 980 2174 vl,
998 2097 1038 2160 30
1053 2097 1090 2161 de
1105 2097 1225 2160 Euadne
1239 2097 1363 2179 legimus
1377 2090 1486 2180 νρόψν

324 2191 515 2282 παρθενίαν
535 2190 640 2263 ὠδῖνα
661 2191 814 2274 κόλποις.
1489 2264 1493 2273 ,

409 2300 488 2364 Haeo
500 2301 657 2364 haeunus:
668 2301 812 2383 reliquam
827 2302 948 2384 episodii
961 2308 1074 2385 partem
1088 2301 1221 2385 proxima
1236 2300 1396 2385 seriptione
1414 2305 1486 2383 poat

324 2418 434 2484 pauoos
447 2402 509 2465 dies
524 2403 637 2466 edenda
651 2402 904 2485 pertractabimus.

413 2504 475 2568 se.
488 2505 598 2589 orypu
613 2525 640 2571 ι.
654 2506 683 2569 a.
699 2506 732 2569 ν.
748 2505 863 2570 emona
879 2505 962 2569 aare
977 2505 1198 2571 morcone.
