3154 5138
663 487 725 552 299

108 678 313 742 nuomnnsse
326 677 517 752 contendunt
531 693 593 738 non
607 674 770 738 rationibus
784 685 929 758 puguant,
944 676 996 739 sed
1011 675 1083 739 nibil
1096 674 1154 738 nisi
1168 695 1267 739 exom-
1286 688 1302 740 9

106 781 152 863 pla
166 798 261 862 quum
276 798 371 861 pauca
386 787 449 843 tum
462 779 571 841 incerta
585 785 615 840 et
629 778 791 858 suspicioni
814 778 939 840 obnoxie
958 797 1025 841 esse
1043 778 1137 842 aiunt:
1157 797 1213 860 qun
1233 781 1270 842 de

106 902 149 957 re,
162 890 231 945 ante
245 900 335 962 quarn
351 880 610 945 Ciceronianorum
625 879 766 942 librorum
781 881 897 943 codices
912 899 1017 944 omnes
1027 900 1068 956 cs,
1082 899 1139 962 qua
1149 900 1204 963 par
1215 890 1269 955 est,

105 984 255 1066 diligentia
268 983 424 1047 examinati
439 992 468 1045 et
485 984 668 1065 singulomm
686 983 820 1047 locorum
839 983 1023 1046 auctoritates
1040 1002 1203 1066 perpensae
1222 984 1269 1046 iu·

105 1089 195 1161 erint,
207 1097 289 1149 certo
300 1085 422 1148 iudicari
433 1103 494 1148 non
505 1094 613 1167 potest.
634 1085 752 1149 interim
765 1104 819 1166 ego
827 1086 997 1149 Ciceronem
1008 1086 1039 1148 in
1049 1085 1180 1168 epistolis
1192 1094 1270 1148 certe

104 1200 135 1253 et
147 1190 180 1252 in
195 1189 318 1271 scriptis
331 1187 554 1271 philosophicis,
570 1206 644 1268 quae
659 1205 825 1250 sermonem
841 1188 1009 1251 iauubarem
1025 1196 1054 1251 st
1067 1187 1268 1269 quotidianum

104 1293 273 1367 imitanum,
295 1300 331 1354 et
349 1310 405 1372 pro
425 1290 530 1354 etiam
550 1289 659 1353 dixisse
678 1290 781 1364 credo,
802 1290 931 1354 abirim
953 1291 1045 1366 illam,
1071 1309 1158 1372 quam
1182 1289 1270 1352 babet

103 1396 227 1471 etiam,
242 1395 339 1476 paullo
354 1393 448 1457 lenius
462 1392 617 1474 significari
632 1392 702 1455 satis
718 1401 805 1455 esset
834 1393 944 1457 Nostro
959 1403 1055 1459 auteur
1070 1393 1136 1456 loco
1153 1392 1179 1454 si
1197 1393 1268 1456 reti-

102 1517 215 1561 nemus
229 1505 278 1571 et,
298 1498 439 1559 omissam
458 1495 578 1559 aiteram
597 1495 783 1572 sententiam,
803 1514 861 1577 qno
880 1494 964 1559 tacite
982 1494 1167 1576 respiciatur,
1187 1493 1269 1557 facile

103 1600 267 1664 mmuutre
280 1599 452 1680 poterimus.
477 1598 588 1678 Nempe
601 1617 637 1660 ex
648 1596 889 1660 Academicorum
904 1596 1025 1672 ratione,
1040 1596 1179 1661 omnibus
1192 1597 1269 1659 reris

104 1705 174 1766 trlss
190 1703 337 1783 quamam
352 1701 486 1763 adiuncta
504 1719 570 1763 esse
589 1700 761 1775 dicentium,
778 1699 852 1764 baec
872 1700 931 1763 duo
949 1699 1120 1775 extiterunt,
1139 1707 1173 1761 ut
1191 1707 1221 1761 et
1238 1699 1270 1762 iu

103 1803 331 1887 muonibus
349 1804 385 1867 ad
405 1803 500 1866 solam
519 1802 716 1883 cognitionem
736 1802 948 1882 pertinentibus
968 1821 992 1865 s.
1019 1802 1186 1865 tbeoreddt
1210 1803 1270 1865 rori

103 1906 332 1970 similitudinem
347 1902 399 1985 (τὸ
414 1898 585 1982 πιθανόν),
600 1913 629 1967 et
642 1905 673 1967 in
687 1904 733 1980 iis,
748 1923 823 1986 quae
837 1905 874 1968 ad
888 1924 989 1968 mores
1002 1905 1149 1985 vitamque
1164 1922 1269 1985 regen·

102 2011 170 2073 dam
193 2009 391 2091 pertincant,
409 2007 641 2089 probabilitatem
662 2002 713 2087 (τὸ
729 1996 872 2089 aiiloyov)
892 2016 1092 2088 sequerentur.
1122 2007 1164 2070 Εἴ.
1179 2007 1268 2070 dead.

102 2114 138 2188 li,
160 2113 213 2187 10,
234 2110 291 2174 32:
312 2110 436 2173 volunt
454 2111 544 2173 enim
564 2109 750 2190 probabile
765 2109 899 2189 aliquid
919 2128 997 2173 esse
1017 2120 1049 2171 et
1068 2109 1169 2190 quasi
1196 2110 1268 2173 reri

102 2215 238 2291 simile,
259 2231 368 2294 eaque
382 2232 420 2275 se
433 2213 484 2277 uti
499 2214 619 2293 regula
632 2220 666 2275 et
681 2213 715 2275 in
729 2212 862 2293 agenda
876 2211 946 2274 vita
960 2220 993 2274 ct
1011 2212 1046 2274 in
1066 2212 1267 2292 quaerendo

102 2337 140 2382 ac
154 2316 384 2381 disserendo.

189 2420 264 2501 Cap.
278 2418 328 2495 tx,
343 2418 398 2480 21:
416 2418 483 2480 Sed
497 2416 566 2480 tuit
580 2419 748 2498 quaedam
763 2417 804 2479 ab
819 2416 965 2479 inlinito
982 2422 1143 2498 tempore
1157 2424 1267 2479 aeter-

103 2525 214 2599 nitas,
244 2541 348 2604 quam
374 2521 471 2584 nulla
497 2529 693 2602 temporum
721 2519 1013 2600 circumscriptio
1041 2518 1268 2595 metiebatur3

102 2627 354 2709 spatiotamcn
370 2623 483 2705 qualis
500 2641 538 2685 ea
554 2622 664 2686 luerit
677 2622 831 2704 intelligi
846 2623 1162 2703 nonpotsst,quod
1176 2640 1220 2684 ne
1233 2622 1268 2684 in

103 2727 367 2810 cogitationem
382 2725 521 2807 quidem
536 2726 642 2801 cadit,
658 2732 695 2788 nt
709 2726 816 2788 luerit
830 2734 985 2807 tempus,
1005 2724 1141 2789 nullum
1163 2742 1267 2806 quum

103 2840 247 2913 tempus
268 2837 376 2892 osset
405 2828 482 2890 Haec
500 2835 547 2890 est
568 2828 701 2891 codicum
720 2827 815 2907 liegii,
834 2827 957 2891 dlediani
977 2827 1268 2907 lloserianorumqus

103 2934 304 3016 complurium
316 2932 413 3006 lectio,
425 2949 513 3013 qnam
524 2931 610 2993 etiam
621 2940 732 2994 ueteres
743 2930 871 2993 editores
883 2937 949 2992 auto
959 2929 1115 3005 Danielum,
1125 2936 1267 3011 quantum

103 3037 223 3118 quidem
240 3053 298 3115 ego
314 3034 422 3109 sciam,
445 3051 548 3095 omnes
564 3041 733 3096 tenuerunt:
752 3032 783 3094 in
799 3031 862 3094 aliis
878 3041 974 3095 autem
991 3032 1141 3096 codicibus
1161 3032 1268 3096 intel-

104 3139 166 3219 ligi
185 3146 314 3220 potest
333 3138 397 3199 sine
414 3136 567 3217 negatione
587 3136 703 3216 legitur,
727 3135 892 3215 horumque
907 3135 1111 3198 auctoritatem
1126 3135 1268 3210 Davisius,

103 3240 270 3315 timoratius,
284 3239 418 3315 Orellins,
428 3240 562 3302 blesorus
573 3238 690 3319 sequuti
701 3246 778 3313 sunt,
793 3256 884 3318 quum
896 3237 1084 3301 Heindorfius
1095 3247 1125 3301 et
1135 3238 1267 3301 Nobbius

104 3345 251 3426 mtgatam
263 3349 331 3404 aute
341 3342 489 3405 Davisium
504 3341 659 3404 lectionem
670 3340 858 3403 restituerint
889 3341 1017 3422 Apparet
1026 3349 1124 3403 autem
1135 3340 1166 3403 iu
1176 3342 1226 3404 tali
1236 3358 1268 3403 re

105 3455 244 3509 nontam
260 3444 396 3507 codicum
410 3443 611 3509 auctoritatem
628 3462 715 3524 quam
730 3442 851 3505 rationis
862 3452 1011 3506 momenta
1023 3445 1180 3526 spectanda
1192 3460 1268 3520 esse,

106 3568 193 3630 qnam
220 3565 314 3629 qutttu
336 3546 522 3609 Heindorfius
544 3554 624 3609 recte
644 3546 842 3627 perspexisset
868 3546 998 3627 satisque
1023 3546 1267 3621 demonstrasset,

106 3650 305 3715 mensuum
318 3658 417 3713 tamen
430 3649 569 3712 Wolfium
585 3656 689 3710 nactus
703 3656 761 3724 est,
780 3647 862 3711 cuius
881 3647 1039 3729 disputatio
1060 3667 1150 3729 quum
1169 3649 1268 3731 impo-

107 3755 204 3819 suisse
220 3752 327 3816 ceteris
340 3752 485 3828 rideatur,
504 3751 601 3833 paullo
616 3750 778 3814 accuratius
793 3751 880 3814 nobis
899 3750 1050 3813 refutanda
1069 3770 1193 3833 veraque
1211 3751 1268 3814 loci

106 3856 251 3920 smtffltia
261 3856 430 3937 explicanda
440 3863 495 3918 est
520 3854 570 3917 Sic
579 3854 666 3935 igitur
676 3853 736 3916 itte:
751 3853 802 3929 „Si
814 3855 926 3916 lersm“
941 3853 1036 3933 iuquit
1048 3854 1268 3929 „membrorum

108 3959 309 4023 utioctiom
325 3966 471 4035 nummus,
490 3956 565 4019 banc
578 3956 700 4019 minime
714 3955 871 4019 obscuram
890 3955 1064 4019 habebimus
1080 3958 1267 4021 sententiam:

108 4062 172 4125 Fuit
186 4062 332 4144 quaedam
346 4061 383 4123 ab
396 4060 481 4125 initio
495 4059 637 4140 temporis
652 4058 818 4135 summitas,
837 4077 910 4139 quas
924 4059 1020 4140 spatio
1035 4060 1154 4141 qtrideru
1174 4061 1268 4143 qualis

108 4172 276 4246 autquauta
287 4164 383 4239 tuerit,
398 4172 497 4245 potest
508 4161 636 4242 intelligi,
651 4163 680 4224 lr.
696 4182 721 4224 e.
737 4160 983 4238 minoratione,
999 4162 1175 4243 cogitatione
1188 4163 1268 4244 tingi,

110 4269 162 4329 sed
179 4286 269 4349 quum
289 4267 368 4331 nulla
387 4274 556 4346 tempotum
575 4264 806 4345 circumscalptio
824 4265 1010 4329 metiebatur:
1031 4266 1112 4345 quod
1132 4270 1170 4345 (s.
1190 4284 1268 4347 quo·

114 4369 200 4447 num)
212 4369 334 4450 cogitari
345 4367 468 4430 omnino
479 4367 579 4449 nequit
587 4377 705 4447 tempus
717 4366 833 4447 aliquod
846 4374 908 4429 tum
919 4368 1019 4442 ltusss,
1031 4385 1123 4448 quum
1134 4367 1268 4429 nondum

117 4469 198 4534 ulum
216 4481 336 4554 tempus
360 4476 466 4533 ssset“
497 4468 586 4531 Addit
607 4468 724 4530 deinde:
754 4468 866 4544 ,Etiam
890 4467 1053 4550 simplicius
1076 4467 1121 4531 sic
1144 4466 1266 4528 dixerim
