3222 5148
387 1320 702 1432 Qutusuuluu
733 1318 1133 1414 GltdlllllllleRUll
1164 1320 1433 1414 EPIllE‘lRUll

334 1553 563 1636 Grammaticam
583 1586 645 1632 non
664 1568 815 1633 immerito
836 1566 1033 1643 Quintilianus
1053 1566 1120 1648 plns
1140 1566 1248 1630 babere
1268 1567 1310 1629 ait
1331 1566 1362 1628 in
1376 1582 1493 1631 mouson

334 1688 422 1755 quem
441 1671 539 1735 fronte
559 1673 727 1753 promittat,
747 1692 813 1736 eam
835 1689 943 1752 nempe
962 1670 1197 1750 grammaticam,
1224 1688 1300 1751 quae
1314 1686 1376 1731 non
1391 1670 1423 1732 in
1436 1670 1494 1732 lin-

333 1790 456 1858 guarum
473 1774 570 1837 solum
585 1774 754 1856 cognitione
769 1775 919 1847 consistat,
935 1773 986 1836 sed
1002 1772 1180 1853 scriptorum
1196 1772 1284 1834 etiam
1301 1780 1433 1836 veterum
1448 1774 1493 1836 rel

333 1887 487 1960 poetarum
503 1877 548 1938 vel
562 1877 759 1958 pedestrium,
780 1896 883 1941 eorum
900 1876 1018 1958 quidem
1034 1884 1122 1948 certe,
1144 1874 1195 1957 qui
1210 1876 1245 1938 ad
1261 1870 1410 1938 liberalem
1425 1890 1494 1939 ern·

334 1980 475 2042 ditionem
496 1980 658 2061 pertinent,
678 1981 787 2045 iustam
808 1980 1027 2044 enarrationem
1047 1977 1102 2040 sibi
1116 1983 1224 2041 sumat.
1255 1978 1371 2059 Quippe
1385 1978 1492 2041 hamam

333 2096 398 2147 esse
413 2084 630 2146 enarrationem
646 2100 707 2146 non
721 2103 809 2165 posse
823 2090 945 2165 apparet
960 2082 1070 2163 absque
1085 2082 1179 2144 variae
1193 2096 1228 2142 at
1242 2081 1411 2162 multiplicis
1422 2079 1493 2145 doo-

332 2186 427 2247 trinae
446 2192 602 2266 apparatu3
624 2195 712 2266 atque
731 2187 789 2249 boe
808 2195 854 2248 est
867 2186 938 2248 illud
954 2184 1053 2265 plus,
1075 2184 1153 2265 quod
1169 2184 1200 2246 in
1213 2198 1333 2247 recessu
1346 2200 1494 2265 gramma·

332 2285 422 2350 tloam
442 2287 551 2349 babere
566 2286 764 2361 Quintilianus
785 2287 864 2350 dicit.
893 2286 1030 2349 Ceterum
1051 2305 1125 2349 usus
1144 2286 1207 2349 cius
1221 2294 1380 2368 apparatus
1394 2285 1493 2349 nonis

333 2391 423 2453 modo
442 2391 555 2453 censeri
575 2390 705 2462 debebit,
725 2398 760 2452 ut
774 2409 829 2471 pro
845 2390 1043 2452 instrumento
1059 2389 1097 2450 sit
1111 2389 1289 2471 scriptorum
1305 2388 1493 2462 enarrationi,

331 2494 383 2556 sed
398 2502 468 2555 aunt
482 2493 517 2556 in>
527 2513 563 2555 eo
577 2494 667 2556 etiam
682 2510 757 2574 quae
771 2493 898 2575 amplius
913 2492 1022 2574 aliquid
1032 2490 1358 2572 eiiciantiructnmqne
1368 2492 1494 2554 ltabeant

333 2594 513 2659 uberiorem.
542 2597 638 2675 Atque
652 2596 710 2659 boe
724 2596 754 2659 in
770 2614 896 2658 numero
915 2595 988 2657 mibi
1004 2597 1048 2657 vel
1063 2595 1219 2676 praecipua
1234 2614 1299 2659 esse
1314 2596 1431 2659 ridetur
1444 2614 1505 2673 ra·¹

333 2706 432 2761 terum
446 2714 547 2761 rerum
562 2697 746 2781 publicarum
761 2698 924 2761 accuratior
937 2697 1057 2770 notitia,
1078 2715 1152 2779 quae
1168 2714 1260 2778 qnam
1276 2699 1380 2761 deesse
1393 2702 1496 2781 nuque

333 2810 396 2865 non
418 2801 521 2864 debeat
539 2801 731 2883 grammatico
750 2800 927 2883 scriptorum
948 2801 1126 2873 enarratori,
1152 2807 1217 2862 tum
1238 2801 1301 2863 lieri
1323 2803 1368 2864 vir
1387 2810 1494 2884 potest

334 2904 406 2988 quin
421 2900 571 2967 fructuosa
585 2904 675 2966 etiam
690 2904 726 2967 ad
743 2904 818 2967 ritae
832 2904 925 2987 ipsius
939 2903 1086 2967 actionem
1101 2903 1264 2985 prudenter
1274 2905 1494 2979 moderandam,

333 3008 359 3070 si
380 3007 479 3069 minus
498 3007 529 3068 in
544 3006 696 3080 omnibus,
720 3006 749 3068 in
763 3006 892 3069 cordatis
907 3014 1007 3068 tumen
1023 3011 1101 3069 certe
1116 3005 1286 3068 bominibus
1301 3007 1412 3070 medat
1446 3008 1496 3071 Sic

334 3111 414 3174 enim
434 3122 482 3172 res
502 3127 535 3170 se
555 3108 659 3182 habet,
679 3117 793 3172 utnon
814 3110 906 3190 possit
926 3126 988 3171 non
1002 3110 1033 3171 in
1049 3114 1181 3172 veterum
1195 3127 1295 3172 rerum
1310 3110 1494 3190 publicarum

335 3211 584 3296 contemplatione
609 3211 768 3275 identidem
794 3211 910 3274 animus
929 3230 1032 3275 eorum
1054 3212 1143 3274 etiam
1159 3212 1238 3284 eiua,
1264 3211 1294 3273 in
1309 3228 1367 3293 qua
1381 3213 1437 3296 ipsi
1451 3213 1495 3276 ri·

309 3318 313 3325 '
334 3323 416 3390 runt,
432 3316 476 3377 rei
491 3312 623 3394 publicae
637 3314 800 3388 admoneri,
823 3332 975 3397 quumque
990 3322 1041 3377 aut
1056 3314 1160 3377 eadem
1175 3314 1345 3377 aut‘similia
1360 3332 1449 3396 quam
1464 3316 1495 3377 in

334 3418 390 3481 illis
415 3419 543 3498 partium
564 3417 661 3479 studia
681 3425 770 3500 atque
791 3418 951 3480 certamina
972 3419 1060 3479 etiam
1081 3418 1112 3479 in
1131 3435 1184 3479 sua
1205 3417 1320 3479 civitate
1335 3419 1438 3499 agitem
1452 3419 1496 3480 rl·

335 3520 437 3590 deant,
457 3521 575 3583 illorum
594 3520 737 3603 exemplis
756 3521 867 3594 edocti,
890 3521 1035 3602 quaesibi
1050 3530 1149 3603 partes
1164 3520 1399 3601 amplectendae,
1420 3538 1496 3603 quae

333 3634 415 3689 secu
430 3624 579 3705 sequenda
593 3624 632 3686 sit
645 3631 786 3686 statuant.
815 3623 879 3687 lloc
894 3624 983 3703 igitur
997 3625 1033 3686 de
1048 3642 1097 3685 me
1112 3641 1229 3705 quoque
1244 3623 1376 3704 profiteri
1388 3625 1495 3698 licebit,

334 3729 387 3810 qui
405 3736 521 3790 tantum
543 3728 647 3790 saltem
670 3746 704 3789 ex
726 3736 856 3789 veterum
878 3745 978 3789 rerum
994 3726 1176 3808 publicarum
1192 3726 1313 3789 historia
1329 3726 1403 3789 mibi
1418 3727 1494 3790 didi·

334 3826 409 3893 eisse
423 3829 532 3902 videor,
555 3829 690 3901 utillud,
713 3829 792 3909 quod
812 3829 898 3891 hodie
913 3829 1033 3913 plurimi
1048 3830 1236 3912 cupidissime
1250 3835 1393 3912 expetunt
1406 3848 1498 3911 genus

333 3930 533 4013 reipublicae,
550 3950 610 3995 non
626 3950 803 4018 magnopere
818 3931 1004 4016 probandum
1020 3948 1085 3995 esse
1101 3933 1268 4013 intelligam,
1294 3948 1445 4013 quemque
1459 3931 1499 3994 illi

334 4050 524 4118 progressum
545 4035 580 4096 ad
601 4034 767 4098 libertatem
787 4035 938 4098 salubrem
957 4036 1022 4098 lore
1043 4036 1208 4107 clamitant,
1228 4054 1283 4117 ego
1298 4035 1499 4117 pemicioeum

333 4138 434 4221 potius
453 4156 508 4200 nec
527 4138 563 4200 ad
585 4139 751 4201 libertatem
772 4139 823 4200 sed
839 4137 874 4200 ad
890 4140 1071 4201 eversionem
1086 4141 1129 4202 rei
1143 4138 1277 4225 publicae
1291 4149 1379 4218 atque
1394 4137 1499 4201 interi·

333 4249 400 4304 tum
419 4240 484 4303 iore
504 4241 692 4303 existumem.
723 4241 773 4303 Sic
793 4260 841 4302 me
860 4244 969 4304 sentire
990 4261 1081 4324 quum
1105 4242 1260 4323 aliquoties
1279 4242 1369 4304 etiam
1384 4241 1499 4323 publice

335 4343 489 4427 professus
514 4345 587 4417 sim,
611 4362 673 4406 non
692 4344 801 4406 mirum
824 4351 871 4407 est
891 4364 1026 4426 magnam
1049 4347 1117 4408 binc
1135 4346 1212 4428 apud
1234 4345 1345 4408 multos
1359 4345 1498 4408 invidiam

336 4446 409 4509 mihi
435 4456 567 4509 exortam
587 4465 667 4521 esee,
694 4446 724 4508 in
744 4446 852 4528 quibus
870 4448 993 4512 fuerumt
1013 4449 1101 4512 etiam
1121 4451 1173 4532 qui
1187 4449 1258 4512 illud
1279 4448 1409 4512 maxime
1424 4446 1499 4510 nini
