3164 5138
685 456 723 517 ld

119 644 352 726 nmttaiequid
366 644 453 705 nein
467 649 597 704 mmtem
611 639 863 721 quidemvererit,
878 642 904 703 is
918 650 1029 716 amun,
1044 642 1093 723 qai
1107 645 1283 724 posteaimo

118 748 216 810 iliadis
235 764 344 827 oorpus
363 744 567 818 concinnavit,
587 743 612 804 si
631 743 706 804 torte
724 742 755 803 in
774 750 872 804 mente
890 744 1036 820 babuerit,
1049 763 1111 809 non
1127 753 1224 809 tanmn
1239 747 1283 809 sic

119 852 180 924 dia,
195 869 269 930 quae
283 849 468 929 composuit,
487 854 602 909 mutare
619 865 654 907 ac
667 845 808 923 inungere
821 846 962 924 potuerit,
982 857 1015 909 nt
1028 847 1117 928 plane
1132 849 1231 911 omnia
1245 850 1282 912 ad

120 954 199 1015 lianc
216 952 362 1015 munnam
381 949 688 1013 accommodarentur.
732 944 924 1027 Quotquot
940 961 1010 1012 sunt
1024 950 1111 1013 etiam
1127 969 1282 1032 quaecum

121 1076 156 1117 es
173 1063 316 1136 pugnent.
361 1054 436 1115 Nam
456 1071 549 1133 quum
568 1049 716 1114 cardinem
736 1048 777 1110 rei
791 1048 822 1110 in
841 1049 981 1129 legatione
994 1052 1041 1114 illa
1055 1054 1283 1132 Agamemnonis

6 1202 8 1229 t
121 1159 193 1220 serti
207 1165 360 1237 appareat,
380 1174 439 1235 qua
454 1164 553 1234 spreta
566 1152 690 1215 Achilles
709 1150 833 1212 modum
847 1151 1037 1215 humanitatis
1055 1157 1192 1231 excessit,
1211 1157 1284 1220 haec

6 1274 7 1277 ’
120 1261 184 1339 ipsa
211 1268 312 1322 tamen
336 1258 442 1338 legatio
462 1257 515 1330 iili,
536 1256 585 1336 qui
601 1253 783 1329 Patroclism,
801 1253 993 1317 beliorum
1011 1256 1082 1330 XVI,
1106 1260 1283 1340 composuit,

121 1364 222 1441 quota
235 1362 330 1424 luisse
343 1360 466 1421 videtur.
511 1358 560 1420 Sic
578 1357 657 1418 enim
670 1357 836 1436 loquentem
852 1356 920 1419 lacit
932 1358 1071 1421 Achillem
1085 1379 1111 1421 s.
1129 1361 1183 1423 71:
1197 1355 1283 1440 τάχα

6 1494 8 1551 ;
120 1484 174 1525 κεν
194 1456 371 1546 φεύγοντες
396 1455 549 1535 ἐναύλους
570 1453 732 1543 πλήσειαν
756 1452 886 1537 νεκύων,
908 1451 945 1522 εἴ
961 1481 1021 1540 μοι
1043 1453 1160 1547 κρείων
1180 1455 1282 1544 Ἅγα-

6 1600 8 1649 3
120 1559 251 1645 μέμνων
270 1556 375 1648 ἤπια
396 1554 537 1646 εἰδείη,
559 1580 633 1642 quae
650 1561 740 1623 rerba
759 1561 806 1621 vix
825 1561 907 1623 aliter
925 1563 1017 1644 accipi
1031 1573 1172 1645 possunt,
1192 1584 1280 1646 quem

119 1676 153 1728 ut
169 1668 425 1746 Agamemnonem
450 1682 530 1727 nunc
555 1682 671 1744 quoque
695 1661 806 1743 pariter
830 1682 917 1743 quam
944 1665 1013 1727 olim
1035 1666 1136 1748 iniquo
1162 1687 1230 1748 erga
1248 1689 1282 1731 aa

6 1778 8 1805 ³
119 1770 219 1830 animo
239 1788 309 1831 esse
327 1768 412 1830 dicat.
455 1767 489 1828 ld
507 1774 602 1828 autem
623 1766 672 1845 qui
690 1763 787 1845 potuit
800 1765 895 1828 dicere
910 1768 947 1828 de
961 1787 1009 1841 eo,
1030 1770 1080 1849 qui
1098 1770 1195 1850 paullo
1214 1780 1281 1835 ante

120 1871 347 1952 cupidissimum
357 1889 391 1932 se
401 1869 580 1933 ostendisset
589 1866 696 1948 gratim
710 1867 941 1931 reconciliandae
952 1873 1177 1952 suamqseadeo
1193 1873 1280 1937 tiliam

121 1974 151 2036 in
170 1972 396 2036 matrimonium
416 1970 578 2033 oburlisaet
621 1970 667 2031 An
693 1969 836 2049 suspicari
855 1990 924 2034 oum
943 1970 1088 2048 dicemus,
1108 1982 1207 2054 spreta
1225 1977 1281 2039 bac

121 2077 292 2139 conditione
310 2075 374 2138 lieri
393 2091 456 2136 non
474 2072 619 2153 potuisse,
637 2071 710 2151 quin
723 2073 951 2152 Agamemnonis
965 2074 1081 2138 animus
1096 2095 1201 2141 rusus
1216 2098 1233 2141 a
1248 2099 1281 2141 se

119 2175 352 2241 abalenarmurl
377 2178 423 2251 At,
439 2175 556 2257 opinor,
570 2175 628 2236 hoo
641 2182 815 2237 tamennon
830 2174 990 2255 ignorabat,
1006 2195 1124 2240 omnem
1139 2180 1180 2241 illi
1196 2199 1280 2260 spem

119 2281 220 2342 satum
234 2280 268 2343 in
282 2299 340 2343 suo
353 2278 459 2343 anulio
474 2277 601 2361 positam
615 2294 691 2352 esse,
704 2275 793 2357 idque
807 2295 885 2350 eum,
900 2277 928 2339 si
941 2289 1051 2357 posset,
1063 2279 1187 2342 libenter
1200 2299 1281 2344 nuno

120 2402 235 2464 quoque
252 2381 359 2445 iisdem
378 2381 485 2463 quibus
501 2388 584 2443 antea
604 2378 823 2441 conditionibus
842 2379 1072 2462 redempturum.
1115 2383 1217 2464 ltaque
1230 2403 1278 2447 res

120 2486 300 2547 &menium
321 2502 383 2548 non
402 2504 438 2547 eo
457 2483 578 2547 afflictae
597 2490 680 2558 sunt,
698 2482 777 2563 quod
791 2483 958 2546 etiamnunc
971 2484 1200 2564 Agamemnonis
1214 2489 1278 2549 ani-

118 2606 186 2649 nms
206 2586 244 2648 ab
264 2587 373 2648 Achille
391 2586 569 2649 abalienatus
587 2593 647 2660 est,
665 2585 719 2647 sed
739 2586 818 2665 quod
837 2585 952 2665 placare
970 2606 1051 2661 erm,
1076 2607 1166 2668 mum
1186 2590 1279 2663 vellet,

119 2708 179 2751 non
194 2688 302 2769 potuit,
316 2688 482 2769 rectiusque
496 2688 584 2768 igitur
597 2686 754 2749 dicandum
768 2688 823 2749 latit
837 2679 868 2750 εἰ
886 2682 969 2769 ἐγών
980 2680 1199 2771 Ἀγαμέμνονι
1214 2685 1278 2776 δίῳ

119 2782 208 2874 ἤπια
240 2782 377 2875 εἰδείην,
413 2810 501 2872 quam
528 2781 565 2852 εἴ
585 2808 646 2869 μοι
673 2780 790 2872 κρείων
808 2781 1022 2871 Ἀγαμέμνων
1044 2781 1137 2874 ἤπια
1162 2783 1276 2875 εἰδείη.

118 2894 219 2955 Sensit
233 2892 322 2955 etiam
336 2892 511 2967 Nitssebius,
526 2913 556 2973 p.
575 2891 645 2965 181,
660 2892 734 2954 haec
746 2890 835 2953 verba
849 2892 891 2955 rei
902 2910 965 2954 non
979 2910 1107 2973 congrua
1121 2911 1202 2968 esse,
1222 2911 1279 2955 uec

117 2996 221 3075 profici
241 2996 415 3075 quidquam,
433 2996 459 3056 si
478 2995 544 3075 quis
563 2996 640 3057 iorte
654 2985 755 3076 ἤρτια
780 3012 836 3073 pro
854 2983 944 3078 ἤπια
969 3003 1106 3075 reponat:
1125 3014 1193 3057 nam
1213 3013 1276 3059 nou

116 3116 188 3159 sane
213 3097 311 3177 aptior
331 3098 376 3159 sic
398 3097 449 3159 iet
469 3097 620 3160 mutantia.
664 3098 764 3176 ltaque
789 3114 827 3157 ne
846 3104 945 3159 tamen
970 3106 1079 3178 pugnet
1108 3098 1183 3160 haec
1206 3117 1275 3178 pars

6 3256 8 3261 ,
116 3218 182 3261 uun
200 3218 235 3260 ea
256 3199 437 3273 narratione,
457 3218 532 3280 quae
552 3208 597 3261 est
615 3200 646 3261 in
665 3198 807 3274 Λιταῖς,
835 3198 883 3261 lb.
897 3199 946 3273 Ill,
960 3217 1077 3261 versum
1095 3198 1176 3262 illum
1192 3201 1229 3261 71
1248 3211 1277 3263 et

116 3301 285 3380 complures
300 3319 367 3363 cnm
382 3322 419 3364 eo
435 3320 584 3364 morenos
600 3302 688 3364 deleri
703 3300 794 3375 iubet,
816 3310 849 3363 ut
863 3301 899 3363 ab
913 3302 1122 3383 interpolatore
1136 3302 1273 3366 insertos.

116 3403 265 3464 Nimirum
280 3403 325 3464 sic
338 3422 426 3484 saepe
439 3404 556 3467 criu’cos
571 3404 657 3467 mam
674 3404 924 3483 prudentissimos
938 3423 1024 3484 egere
1036 3404 1178 3479 videmus,
1192 3413 1234 3480 ut,
1248 3406 1273 3467 si

115 3505 186 3585 quid
201 3505 338 3584 ipsorum
350 3506 514 3569 rationibm
528 3507 628 3570 minus
644 3507 799 3580 conducat,
815 3505 845 3567 id
859 3506 1101 3589 interpolatorum
1116 3506 1210 3569 baudi
1224 3518 1276 3569 sut

115 3608 254 3670 stultitiae
272 3608 429 3687 imputent,
450 3610 534 3691 quasi
552 3628 621 3673 vero
639 3609 679 3671 illi
698 3627 785 3671 caeco
804 3610 932 3689 modam
952 3609 1078 3690 impetu,
1098 3627 1159 3672 non
1178 3610 1274 3692 aliqua

114 3710 232 3782 saltem,
253 3710 385 3789 wamiis
406 3730 616 3791 saepenumero
632 3713 716 3785 salsa,
735 3713 848 3774 ratione
861 3713 989 3793 permoti
1003 3712 1166 3774 Homerum
1180 3712 1272 3775 iuter-

114 3811 292 3891 polamint,
318 3830 376 3892 qua
395 3812 432 3875 de
450 3832 482 3877 re
501 3815 669 3877 Nitrschius
687 3814 752 3895 ipse
770 3824 902 3876 acutrate
922 3823 951 3877 ct
973 3814 1116 3877 subtiliter
1134 3814 1274 3879 dissentit

113 3934 142 3995 p,
159 3914 222 3976 132
238 3924 269 3975 et
286 3914 355 3977 168.
398 3914 463 3978 Hoc
475 3925 574 3980 autem
592 3918 658 3980 loco
677 3936 752 3998 quae
770 3918 845 3980 ratio
860 3925 910 3979 sut
923 3919 973 3997 qui
988 3936 1071 3980 error
1089 3917 1187 3980 iudicii
1202 3938 1272 3999 per-

112 4035 232 4079 monere
246 4035 423 4097 quemquam
438 4019 475 4080 ad
487 4020 709 4101 interpolandos
723 4019 789 4081 illos
804 4036 907 4082 rusus
921 4021 1049 4100 potuerit
1063 4020 1178 4082 difficile
1193 4021 1273 4083 dictu

112 4130 165 4182 est.
210 4119 314 4201 Neque
331 4119 400 4183 illud
420 4120 484 4183 viro
507 4121 613 4184 eximio
640 4121 801 4184 concedere
825 4139 963 4201 possum,
983 4122 1115 4184 semibus
1135 4123 1271 4185 ott-79

113 4222 214 4285 &letis
239 4223 382 4304 rdimem
408 4223 573 4286 orationem
591 4223 685 4287 multo
710 4223 930 4287 concinniorem
955 4232 1042 4304 atque
1066 4224 1271 4304 elegantiorem

112 4324 241 4387 medem.
286 4324 363 4387 Nam
377 4324 459 4405 quod
474 4325 522 4401 ait,
537 4325 767 4389 enuntiationem
781 4327 874 4402 illam,
894 4344 967 4406 quae
981 4324 1114 4405 incipite
1128 4325 1225 4388 serbis
1241 4318 1274 4387 ai

113 4422 150 4510 όῆ
166 4423 303 4493 κυάνεον
322 4420 444 4510 Τρώων
456 4423 557 4512 νέφος
571 4419 790 4514 ἂμφιβέβῆιε,
810 4429 836 4490 si
851 4447 968 4491 musam
984 4427 1135 4489 motinus
1149 4427 1272 4500 dicatur,
