3290 5142
890 443 911 504 4

821 526 971 539 m

319 629 435 694 11111111
455 648 597 695 numems
617 629 826 713 imperitomm
846 639 897 695 aot
916 630 1120 714 improborum
1135 647 1224 711 qnam
1238 628 1430 711 prudentium
1443 648 1478 693 ac

318 732 466 796 bonomm
481 734 535 808 sit,
553 734 578 797 si
593 735 630 797 de
644 734 731 797 unius
746 734 890 816 cuiusque
904 734 1042 816 dignitato
1056 732 1198 798 iudicium
1211 731 1394 795 multitudini
1408 750 1479 813 per-

319 833 445 897 missum
466 842 527 909 est,
548 836 738 900 manifestum
758 843 804 899 est
821 836 926 898 inboc
940 836 1129 919 reipublicae
1144 841 1225 899 statu
1238 853 1362 916 prorsus
1376 842 1479 899 contra

318 945 455 1001 naturam
473 946 645 1022 rectamque
663 940 810 1003 rationem
830 958 882 1002 eos
901 939 964 1003 1111
984 939 1145 1021 plurimum
1163 937 1273 1012 valere,
1294 939 1389 1020 quiin
1404 938 1479 1001 bene

318 1041 478 1105 constituta
496 1060 529 1105 re
550 1041 668 1124 publica
685 1041 844 1106 minimum
866 1041 962 1104 111111
982 1042 1132 1105 deberent.
1160 1040 1261 1104 Talem
1277 1041 1364 1104 nobis
1378 1058 1479 1103 rorum

317 1143 422 1207 laciem
444 1152 474 1206 et
493 1144 570 1227 apud
585 1145 712 1208 Graecos
732 1153 764 1208 et
783 1144 862 1227 apud
876 1144 1028 1209 Romanos
1046 1144 1169 1207 historia
1189 1145 1333 1218 ostendit,
1356 1151 1386 1206 et
1401 1143 1479 1225 apud

317 1253 475 1328 utrosque,
506 1255 699 1329 posteaquam
724 1244 904 1328 aliquamdiu
929 1246 1107 1309 laedonibus
1133 1254 1277 1310 certatum
1303 1253 1348 1309 est
1371 1263 1480 1326 resque

315 1348 431 1430 publica
446 1349 605 1413 victoribus
619 1350 651 1413 in
664 1350 804 1432 praedam
819 1348 924 1422 cessit,
944 1356 1096 1429 postremo
1110 1349 1230 1412 libertas
1243 1349 1307 1427 illa,
1327 1366 1385 1429 qua
1399 1354 1480 1411 recte

315 1451 361 1513 uti
374 1468 436 1513 non
449 1459 614 1533 potuerant,
628 1452 659 1514 in
672 1452 846 1515 servitutem
861 1451 1062 1531 gravissimam
1080 1470 1221 1516 conversa
1232 1458 1286 1515 est.
1313 1451 1392 1514 llaec
1402 1451 1481 1515 mala

316 1560 429 1617 veteres
454 1572 556 1617 rerum
575 1555 733 1636 scriptores
755 1560 806 1617 ant
826 1553 962 1616 uiderunt
980 1554 1041 1617 suis
1058 1554 1116 1635 ipsi
1135 1555 1244 1628 oculis,
1271 1562 1322 1617 aut
1340 1552 1481 1616 accidisse

318 1654 385 1718 111111
400 1662 582 1729 memorant,
597 1661 649 1719 aut
660 1655 763 1719 lutura
777 1674 844 1719 esse
858 1657 1054 1738 praesagiunt,
1069 1672 1166 1736 neque
1181 1672 1361 1737 quemquam
1375 1672 1481 1719 eorum

317 1776 383 1820 esse
399 1766 523 1837 constat,
542 1760 614 1841 quin
629 1777 734 1824 omnes
749 1777 823 1842 quas
838 1760 958 1843 quidem
972 1759 1029 1840 ipsi
1044 1765 1166 1822 nossent
1180 1776 1282 1823 rerum
1296 1757 1479 1840 publicarum

314 1858 427 1923 formas
442 1861 478 1924 ab
494 1863 606 1944 optimo
622 1869 702 1925 11111
716 1863 803 1944 longe
818 1864 931 1938 abesse,
946 1879 1044 1943 neque
1059 1860 1137 1923 abud
1152 1860 1207 1924 illis
1219 1861 1304 1924 malis
1313 1861 1480 1924 remedium

315 1961 446 2026 adbiberi
461 1983 548 2044 posse
562 1972 689 2041 censeat,
706 1984 795 2048 11111
811 1966 837 2029 si
851 1965 961 2046 praesit
973 1964 1016 2027 rei
1030 1962 1164 2045 publicae
1178 1969 1308 2045 potestas
1323 1962 1478 2037 eiusmodi,

315 2082 392 2146 quae
405 2066 469 2147 ipsa
484 2067 582 2130 omnis
596 2086 702 2150 expers
717 2069 896 2142 certaminis,
911 2084 1007 2147 neque
1017 2065 1166 2129 nobilibus
1176 2082 1274 2147 neque
1285 2065 1479 2147 locupletibus

314 2184 411 2249 neque
429 2169 612 2233 multitudini
632 2171 700 2252 plus
715 2190 810 2253 aequo
825 2171 926 2233 favens
940 2176 992 2232 aut
1005 2167 1146 2242 obnoxia,
1169 2185 1268 2231 veram
1282 2168 1354 2231 iuris
1369 2185 1479 2249 aequa·
1584 2218 1587 2223 «

316 2268 459 2332 bilitatem
475 2271 622 2335 custodiat
635 2273 724 2354 idque
739 2282 886 2355 quantum
900 2271 995 2354 possit
1010 2270 1132 2345 efficiat,
1152 2277 1187 2333 ut
1200 2289 1290 2332 suum
1304 2271 1410 2352 cuique
1423 2287 1478 2352 pro

315 2370 454 2452 dignitate
468 2372 624 2436 tribuatur.
651 2374 789 2438 Exeroeri
804 2382 903 2439 autem
917 2373 1090 2436 huiusmodi
1104 2379 1282 2453 potestatem
1296 2389 1358 2436 non
1373 2373 1479 2436 melius

314 2492 401 2554 posse
416 2474 556 2551 iudicant,
573 2495 662 2558 quam
676 2477 713 2540 ab
727 2496 788 2541 uno
804 2478 866 2541 viro
881 2479 960 2541 bono
971 2483 1002 2538 et
1012 2476 1153 2558 sapiente,
1169 2484 1287 2539 tantum
1298 2492 1389 2556 supra
1399 2482 1479 2538 oete-

313 2592 364 2637 ros
380 2593 486 2638 omnes
500 2576 594 2652 elato,
614 2586 649 2641 ut
663 2578 744 2644 nulls
758 2598 827 2642 eum
842 2580 971 2662 partium
987 2579 1085 2642 studia
1099 2580 1257 2661 attingant,
1272 2578 1410 2658 nullaque
1424 2595 1479 2640 nec

316 2678 514 2742 aemulatione
535 2687 586 2743 aut
605 2680 713 2744 invidia
734 2699 790 2745 nec
809 2684 900 2765 gratia
920 2692 949 2747 et
963 2683 1123 2746 ambitione
1137 2681 1326 2763 praepeditus
1340 2681 1370 2743 id
1384 2698 1477 2744 unum

313 2788 428 2862 spectet
446 2801 481 2845 11
498 2788 654 2864 sequatur,
675 2784 753 2865 qnod
772 2785 844 2848 utile
863 2787 905 2849 111
925 2784 1073 2868 publicae,
1094 2784 1154 2847 hoc
1167 2793 1213 2847 est
1227 2801 1289 2846 non
1303 2782 1389 2845 abcui
1402 2782 1479 2865 parti

314 2883 421 2946 ciuium
442 2884 494 2946 sed
515 2902 608 2966 aequo
629 2886 771 2949 universis
790 2886 931 2969 prodesse
946 2888 1095 2969 intelligat.
1125 2887 1208 2951 llano
1221 2887 1260 2949 ob
1274 2904 1390 2949 causam
1406 2903 1478 2966 pru-

314 2984 481 3048 dentissimi
500 2986 659 3068 scriptores
680 2988 790 3051 nullam
811 2989 854 3052 rei
867 2989 1001 3072 publicae
1015 2989 1259 3054 constitutionem
1275 2987 1477 3070 optabiliorem

315 3105 382 3150 esse
411 3096 589 3153 censuerunt
608 3107 697 3171 quam
716 3091 793 3172 regis
814 3092 972 3174 imperium
993 3111 1062 3155 cum
1082 3093 1192 3156 iustitia
1214 3099 1245 3155 et
1264 3091 1405 3173 sapientia
1424 3091 1478 3153 ad-

317 3189 536 3253 ministratum:
558 3200 686 3266 ceteras,
704 3192 765 3255 sive
785 3211 948 3275 paucorum
970 3196 1030 3258 sire
1044 3195 1244 3259 multitudiuis
1257 3193 1378 3257 arbitrio
1392 3212 1477 3275 rege·

314 3298 433 3366 rentur,
453 3327 497 3338 -
515 3293 617 3375 ‹prales
631 3302 715 3358 erant
729 3295 862 3378 ipsorum
877 3298 1075 3374 (11111111,-
1089 3297 1183 3361 multo
1198 3298 1298 3359 minus
1312 3295 1478 3378 probandas

315 3393 474 3476 minusque
500 3396 537 3457 11
562 3395 675 3460 bonum
702 3399 853 3480 publicum
881 3401 1025 3465 tuendum
1045 3400 1339 3480 conservandumque
1359 3400 1479 3462 idoneas

315 3515 381 3559 esse
402 3496 577 3561 iudimmnt
606 3498 705 3581 Atque
718 3500 777 3564 boc
791 3519 895 3564 eorum
910 3502 1051 3566 iudicium
1066 3510 1149 3566 tanto
1163 3501 1279 3584 grarim
1293 3520 1359 3565 esse
1373 3501 1480 3564 fatebi-

316 3616 401 3674 mur,
424 3607 535 3681 quanto
556 3603 648 3683 magis
668 3601 725 3684 ipsi
745 3610 776 3667 et
798 3603 970 3685 oligarcbiee
985 3612 1015 3667 et
1030 3605 1225 3669 democratiae
1238 3604 1316 3668 mala
1330 3612 1418 3686 atque
1432 3604 1481 3669 in·

317 3703 473 3766 commoda
484 3703 662 3785 experiendo
674 3706 789 3787 cognita
800 3705 955 3781 habebant,
967 3725 1060 3788 esque
1070 3725 1132 3769 non
1143 3706 1264 3771 fortuita
1273 3715 1361 3787 atque
1370 3706 1481 3770 adven-

316 3804 399 3880 ticia,
418 3806 471 3868 sed
492 3824 561 3871 cum
583 3806 654 3889 ipsis
670 3807 726 3871 illis
740 3808 784 3871 rei
797 3805 931 3890 publicae
944 3809 1049 3873 lormis
1064 3809 1229 3873 necessario
1244 3809 1401 3873 1111111111
1414 3827 1481 3873 esse

318 3905 531 3989 intelligebant,
551 3914 585 3971 ut
604 3909 705 3974 evitari
725 3911 806 3973 nudo
827 3910 917 3973 modo
936 3919 1075 3992 possent,
1095 3911 1152 3975 nisi
1166 3912 1192 3974 si
1205 3918 1310 3975 natum
1324 3912 1481 3975 bominum

318 4007 373 4070 alia
387 4008 481 4082 lieret,
496 4010 749 4091 quemadmodum
764 4012 847 4075 Plato
862 4012 892 4074 in
907 4031 942 4075 ea
957 4031 1047 4094 quam
1061 4015 1124 4095 ipse
1138 4014 1308 4078 informavit
1321 4013 1481 4098 republica

318 4110 406 4174 etiam
420 4130 513 4193 genus
528 4113 684 4176 bominum
699 4113 736 4177 ab
745 4113 812 4189 boe,
829 4115 907 4195 quod
919 4116 949 4177 in
961 4116 1047 4179 terris
1058 4123 1113 4191 est,
1128 4115 1216 4198 longo
1226 4117 1376 4182 diversum
1387 4116 1480 4179 finxit

318 4213 442 4297 Regium
464 4232 534 4278 vero
554 4216 728 4298 imperium,
748 4215 835 4298 quale
855 4216 1008 4300 optabant,
1031 4217 1101 4283 licet
1121 4237 1178 4283 nec
1195 4219 1274 4302 apud
1286 4239 1319 4284 se
1333 4237 1390 4282 nec
1402 4218 1481 4301 apud

320 4317 392 4381 alios
413 4317 590 4399 experiendo
604 4320 827 4400 cognovissent,
848 4320 907 4384 hoo
919 4328 1021 4387 tamen
1034 4340 1211 4404 persuasum
1226 4322 1387 4395 habebant,
1407 4321 1480 4384 iaci·

319 4413 376 4478 lios
390 4416 454 4480 1111
468 4435 556 4499 posse
570 4428 605 4485 ut
618 4421 705 4487 malis
719 4421 786 4486 istis
800 4428 913 4487 careret
925 4430 957 4488 et
970 4424 1008 4488 11
1020 4424 1116 4501 illam,
1137 4442 1228 4506 quam
1243 4424 1387 4507 optimam
1401 4421 1479 4486 iudi-
