3190 5136
474 619 511 689 ἐκ
531 621 596 687 τῶν
617 616 743 706 ὁμοίων
762 619 850 710 χειρὶ
869 612 1035 709 νικήσαντ’
1057 620 1139 705 ἐμοῦ

474 717 602 813 ἶν’ρχειν·
625 720 682 790 ἐὰν
704 721 743 789 δὲ
763 717 952 807 τοῦμπαλιν
973 719 1089 813 κραίνῃ
1112 722 1210 804 θεός,

473 824 592 912 γνώσει
615 823 794 907 διδαχθεὶς
815 819 883 912 ὀψὲ
905 824 982 910 γοῦν
1001 825 1041 892 τὸ
1063 828 1252 915 σωφρονεῖν.

272 932 394 1007 Qualem
408 935 469 994 lere
483 932 659 994 sententiam
674 940 827 994 contextus
844 931 986 1012 postulet,
1005 949 1067 993 non
1087 932 1248 996 obscurum
1271 939 1331 994 est:
1351 931 1441 994 talem

272 1035 393 1098 scilicet:
413 1035 546 1097 suadeo
566 1034 632 1096 tibi
649 1033 861 1097 huiusmodi
881 1033 988 1096 minis
1007 1043 1080 1096 tum
1099 1035 1318 1109 demnmuti,
1337 1035 1439 1097 sime

271 1137 500 1218 superaveris
515 1135 779 1217 imperiumque
797 1145 923 1199 nactus
941 1136 1068 1211 lueris3
1089 1136 1196 1218 quibus
1212 1137 1279 1199 dein
1299 1145 1366 1218 apte
1382 1156 1441 1218 op·

271 1241 405 1322 ponitur:
432 1240 489 1303 sin
515 1248 642 1302 contra
668 1239 755 1301 deus
782 1240 922 1313 lecerit,
948 1244 1073 1319 (nempe
1092 1247 1126 1302 ut
1145 1258 1200 1319 ego
1222 1249 1249 1301 ιε
1269 1241 1440 1319 superem)

271 1362 352 1406 sero
368 1360 494 1423 sapere
509 1342 640 1405 disces.
670 1342 729 1405 Sed
745 1343 775 1404 in
798 1342 934 1405 codicum
955 1342 1101 1422 scriptura
1120 1360 1215 1423 neque
1229 1341 1370 1404 sententia
1384 1359 1440 1403 ne-

271 1465 327 1527 que
346 1445 527 1508 constructio
549 1444 705 1508 uerborum
726 1446 803 1509 iuste
824 1445 945 1525 agnosci
971 1452 1078 1525 potest.
1116 1445 1250 1507 Primum
1269 1445 1347 1507 enim
1367 1445 1441 1506 lraec

272 1548 357 1612 verbu
372 1540 418 1624 ὦς
439 1541 751 1634 παρεσκευασμένης
772 1542 854 1628 ἐμοῦ
868 1538 989 1630 ἄρχειν,
1006 1566 1080 1629 quae
1095 1547 1167 1610 nihil
1182 1548 1260 1610 aliud
1275 1548 1441 1627 significare

270 1659 411 1733 possunt,
427 1670 529 1732 quam:
546 1662 584 1713 nt
603 1670 692 1733 qnae
713 1658 843 1732 parata
865 1651 934 1712 sim
950 1650 1142 1730 imperare,
1158 1650 1296 1713 hocloco
1311 1669 1440 1731 prorsus

270 1756 367 1836 inepta
388 1773 454 1817 esse
473 1762 603 1835 apparet
648 1754 705 1829 Qui
724 1753 822 1834 potuit
840 1753 919 1815 enim
934 1753 1160 1834 Clytaemnestra
1183 1755 1307 1816 chomm
1329 1753 1364 1816 ad
1380 1753 1441 1814 mi-

270 1858 401 1921 nandum
416 1874 581 1938 provocans
603 1856 660 1919 hac
678 1856 794 1919 ratione
813 1856 871 1931 uti,
886 1842 966 1937 qnod
986 1856 1050 1936 ipse
1070 1856 1105 1918 ed
1120 1856 1324 1936 imperandum
1338 1863 1441 1937 perata

270 1958 371 2023 esset?
391 1960 514 2033 Deinde,
531 1958 644 2022 etiarnsi
658 1959 762 2040 aliquis
779 1959 835 2022 ista
850 1949 895 2033 ὥς
910 1951 1218 2044 παρεσκευασμένης
1231 1952 1313 2039 ἐμοῦ
1328 1950 1442 2041 ἄρχειν

270 2064 340 2125 lerri
354 2082 446 2145 posse
461 2071 591 2137 censeat,
606 2069 704 2125 tamen
719 2060 789 2142 quid
804 2059 860 2124 sibi
875 2060 1064 2136 minthiaco,
1080 2080 1154 2142 quee
1168 2061 1343 2142 interposita
1358 2070 1440 2131 sunt,

269 2161 357 2252 χειρὶ
379 2156 544 2251 νικήσαντ’
566 2183 654 2229 nemo
677 2164 789 2228 dixerit
824 2165 898 2228 Nem
917 2164 977 2226 sire
999 2163 1141 2239 dativum,
1161 2157 1347 2248 νικήσαντι,
1371 2184 1442 2228 esse

271 2268 389 2343 statuis,
412 2268 473 2331 sire
493 2269 705 2342 accusativum,
725 2263 920 2352 νικήσαντα,
939 2267 1049 2347 pariter
1070 2276 1100 2329 et
1114 2266 1263 2329 collocatio
1279 2268 1441 2331 verbomm

270 2379 299 2432 et
317 2371 464 2434 sententia
482 2389 623 2451 perversa
644 2378 699 2433 est.
743 2371 817 2432 Nam
838 2370 919 2451 quod
938 2369 1125 2433 Hermennus
1148 2370 1225 2433 hanc
1246 2370 1440 2452 stribliginem

270 2472 419 2535 terendam
435 2480 533 2534 umen
547 2479 731 2554 putaturque
751 2472 795 2535 sic
808 2472 1070 2552 interpretandum:
1092 2472 1195 2535 iubeo
1216 2484 1250 2534 ιε
1269 2474 1351 2536 ιεΙίε
1371 2475 1440 2536 mi-

270 2574 362 2649 nari,
377 2582 415 2637 ut
430 2593 482 2636 me
496 2582 617 2655 parate
631 2575 814 2657 imperare
828 2575 928 2652 mihi,
942 2576 999 2656 qui
1014 2575 1174 2638 vicissim
1189 2595 1243 2638 me
1254 2577 1285 2639 ri
1300 2576 1443 2651 vicerit,

269 2680 356 2760 idque
372 2677 618 2754 esseeminitare,
634 2679 659 2741 si
674 2678 760 2755 libet3
774 2697 829 2758 ego
844 2687 944 2759 parata
959 2697 1044 2753 sum,
1059 2678 1101 2756 ei,
1118 2679 1368 2759 quemadmodum
1383 2700 1439 2761 ego

269 2799 349 2843 nunc
359 2781 509 2861 potentior
524 2800 608 2855 sum,
628 2782 672 2844 sic
685 2789 718 2845 tu
737 2801 785 2844 me
799 2781 916 2856 viceris,
937 2783 1012 2844 serre
1030 2783 1202 2862 imperium:
1225 2782 1361 2864 equidem
1383 2783 1442 2845 ista

269 2884 355 2945 latina
369 2901 431 2947 non
447 2885 546 2946 minue
561 2904 650 2966 quam
666 2903 768 2966 graeca
782 2903 920 2966 pervorse
935 2884 1011 2947 dictu
1026 2903 1093 2947 esse
1107 2884 1244 2947 arbitror.
1275 2885 1349 2961 Quis
1358 2885 1440 2948 enim

270 3005 399 3066 unquam
415 2986 504 3048 dixit:
523 2995 647 3067 parate
668 3005 745 3048 sum
765 2987 852 3049 mihi
871 2987 1050 3067 imperare
1068 2986 1222 3068 aliquem
1237 3005 1292 3069 pro
1307 3007 1342 3051 eo
1358 2989 1441 3070 quod

269 3096 450 3168 estparate
476 3107 551 3151 sum
577 3089 734 3151 alicuius
754 3088 949 3170 imperium
973 3091 1134 3152 terreant
1158 3089 1265 3153 alicui
1289 3108 1440 3171 parere:

222 3207 252 3257 13
271 3186 560 3276 παρεσκευασμένη
584 3183 654 3271 εἰμὶ
676 3182 788 3276 ἄρχειν
800 3172 877 3252 τινα
894 3185 976 3271 ἐμοῦ
989 3210 1044 3272 pro
1061 3181 1227 3276 ἔρχεσθαι
1241 3185 1309 3256 ὑπό
1322 3191 1440 3269 revoc?

269 3330 310 3338 -
323 3294 455 3356 Aliorum
472 3293 627 3356 conamina
641 3293 751 3355 referre
765 3292 846 3354 nolo.
875 3293 1119 3356 Emendationem
1134 3295 1218 3358 locus
1230 3297 1328 3376 poscit
1340 3296 1439 3359 haud-

268 3413 415 3475 quaquam
429 3393 590 3456 difficilem:

874 3491 958 3580 λέγω
981 3491 1021 3562 δέ
1040 3515 1097 3562 σοι

468 3591 597 3662 τοιαῦτ’
621 3592 773 3663 ἀπειλεῖν
795 3590 841 3674 ὥς
863 3597 1162 3686 παρεσκευασμένῳ

469 3693 595 3765 ἐκτῶν
616 3694 742 3783 ὁμοίων
762 3697 851 3786 χειρὶ
872 3694 1042 3787 νικήσαντ’
1062 3695 1144 3783 ἐμοῦ

468 3794 579 3891 ι’ίρχειν
600 3840 657 3866 -.

267 3910 294 3970 lr.
310 3930 335 3971 ε.
352 3926 415 3987 age
434 3926 530 3982 vero,
550 3908 689 3972 minare
710 3907 813 3983 mihi,
836 3908 967 3990 quippe
987 3926 1092 3989 quum
1114 3917 1147 3973 te
1168 3918 1333 3992 peretum
1353 3932 1438 3976 esse

266 4011 401 4073 videam
427 4008 462 4072 in
485 4010 679 4072 certamine
698 4010 821 4091 eequis
840 4010 981 4073 viribus
1001 4012 1237 4094 suscipiendo
1258 4034 1310 4078 me
1325 4034 1436 4096 supe-

264 4131 351 4174 rare.
377 4113 415 4174 Et
429 4119 550 4194 apparet
564 4115 622 4174 hoo
638 4113 797 4193 „quippe
812 4131 919 4193 quum
929 4120 947 4147 ‘⁶
963 4133 1030 4177 cum
1042 4115 1146 4179 acerba
1157 4117 1283 4197 quadarn
1298 4116 1439 4181 irrisione

265 4214 334 4277 dici:
355 4233 539 4296 nequaquem
561 4216 639 4277 enim
665 4232 751 4277 senes
770 4214 835 4277 illos
855 4223 968 4279 tantum
983 4217 1079 4281 valere
1093 4218 1214 4295 iudicat,
1235 4228 1270 4283 ut
1284 4229 1436 4284 certamen

264 4335 365 4394 secum
391 4318 490 4397 aequis
516 4316 626 4378 riribm
648 4316 722 4379 inire
746 4316 957 4399 victoriamque
977 4338 1096 4400 sperare
1119 4320 1248 4401 possint
1288 4312 1344 4384 Ἐκ
1365 4318 1436 4384 τῶν

263 4412 387 4500 ὁμοίων
401 4427 520 4482 nonest
535 4418 712 4495 vicissim,
727 4421 978 4500 quemadmodum
991 4420 1180 4485 Hermennus
1194 4422 1298 4499 voluit,
1314 4424 1383 4497 sed,
1398 4435 1435 4487 nt
