3164 5138
682 462 724 527 tt

603 554 802 565 *-

115 674 272 721 mercasse
287 654 437 737 putandus
451 660 499 716 est
512 652 544 715 in
559 648 714 732 catalogis.
759 653 827 717 Non
838 654 932 736 magis
947 664 1153 736 argumentum
1167 663 1283 735 tragoe-

120 761 181 823 diae
194 759 399 841 praebuerunt
412 775 486 837 quae
500 757 539 818 de
553 755 690 835 Thamyri
705 756 741 818 ab
756 757 896 830 Homero,
911 758 943 819 ll.
958 758 992 832 ll,
1007 758 1069 820 595
1091 768 1119 820 et
1138 758 1283 840 proximis

119 864 248 944 quinque
262 861 397 924 versibus
411 877 474 920 non
488 867 655 927 narrantur,
672 859 724 919 sed
740 861 934 940 attingrmtur:
949 880 1043 941 neque
1059 862 1145 941 igitur
1159 860 1284 925 dubitari

120 974 218 1047 potest
233 965 309 1045 quin
330 963 419 1025 huius
442 979 562 1041 quoque
582 960 694 1021 tabulae
714 962 788 1023 alios
804 962 965 1045 Sophocles
986 973 1120 1026 auctores
1141 965 1283 1043 habuerit,

122 1068 262 1149 Niuyadis
287 1068 414 1128 fortasse
439 1072 571 1143 poetam,
598 1081 686 1142 quem
706 1066 742 1126 de
762 1065 898 1146 Thamym'
919 1084 1055 1129 narrasse
1079 1086 1114 1128 er
1138 1067 1283 1130 Pausania

121 1179 243 1243 constat,
257 1169 306 1239 lv,
322 1167 373 1240 33,
390 1168 419 1228 7.
453 1165 548 1227 Porro
564 1165 682 1246 Sisyphi
694 1174 899 1245 argumentum
912 1168 977 1248 quis
992 1170 1091 1231 credet
1105 1188 1139 1229 ex
1150 1169 1280 1231 Homero
1300 1178 1331 1229 tt

120 1282 274 1354 sumptuum
291 1268 381 1333 esse?
409 1269 460 1349 qni
476 1268 547 1329 nihil
559 1268 614 1329 nisi
629 1286 723 1347 genus
738 1268 800 1331 eius
813 1269 927 1333 duobus
941 1272 1085 1345 versibus,
1101 1272 1131 1334 ll.
1147 1272 1194 1345 Vl,
1212 1273 1282 1334 153.

120 1382 148 1449 4,
176 1390 366 1457 poenamque
399 1372 477 1451 apud
508 1371 618 1432 inferos
646 1370 782 1432 versibus
812 1372 881 1434 item
911 1373 1113 1454 paucissimis,
1148 1374 1203 1436 (ld.
1232 1374 1282 1449 Xl,

119 1477 302 1550 set-599,
321 1482 481 1543 memorat,
501 1474 575 1535 lacta
595 1480 691 1533 autem
712 1472 775 1537 eius
794 1483 844 1537 aut
861 1484 974 1548 eventa,
994 1495 1068 1555 quae
1086 1478 1117 1538 in
1136 1477 1283 1556 tragoedia

118 1578 334 1662 repraesentari
347 1575 508 1658 potuerint,
522 1575 600 1637 nulla
615 1592 740 1654 prorsus
757 1577 850 1638 tradit
894 1578 937 1639 llo
949 1578 1110 1658 Phrygibus
1127 1579 1282 1660 Sophoclis

119 1685 189 1746 nihil
215 1682 378 1762 quidquam
397 1678 522 1741 relatum
543 1686 602 1748 est,
629 1678 708 1738 unde
735 1678 901 1741 coniectura
921 1680 958 1742 de
976 1690 1149 1760 argumento
1173 1681 1284 1744 tabulae

116 1786 181 1867 capi
200 1784 316 1865 possit,
332 1790 362 1844 et
379 1780 445 1843 licet
463 1780 551 1842 hrerit
570 1780 605 1841 dc
627 1794 733 1860 genere
752 1778 939 1854 'l'roicarum‚
966 1784 1074 1864 pariter
1094 1793 1127 1846 ut
1145 1785 1282 1865 Chryses,

117 1890 201 1952 cuius
221 1894 341 1968 praeter
359 1884 478 1947 tittdnm
499 1882 572 1944 nihil
590 1882 743 1955 norimus,
768 1891 867 1945 tamen
892 1892 1033 1965 quantum
1060 1886 1223 1966 argumenti
1248 1906 1282 1948 er

6 1996 8 2023 ³
118 1993 269 2063 nomen,
295 1995 438 2069 quantun
458 2002 493 2045 ex
512 1983 575 2046 aliis
596 1983 692 2062 poetis
712 1984 831 2048 ductum
852 1986 904 2061 sit,
924 1988 991 2068 quis
1016 1989 1134 2051 tandem
1154 1988 1283 2051 diuinare

7 2146 8 2175 2
118 2091 251 2176 poterit?
281 2092 356 2153 Nam
375 2090 412 2150 de
430 2088 541 2167 Chryso
560 2095 781 2168 erpugmtaque
800 2088 862 2150 eius
881 2090 956 2151 urbe
974 2099 1003 2151 et
1021 2100 1103 2169 capta
1130 2111 1146 2152 a
1166 2090 1282 2153 Graecis

7 2192 8 2237 t
118 2198 175 2260 mia
189 2212 340 2277 perquam
354 2190 476 2272 copiose
486 2190 572 2251 etiam
587 2188 618 2250 iu
629 2188 742 2269 Cypriis
756 2198 906 2253 narratum
921 2193 1013 2254 luisse
1024 2211 1083 2254 non
1095 2193 1216 2254 dubium
1229 2200 1284 2267 est,

118 2300 196 2363 unde
210 2313 327 2361 nornen
341 2311 458 2375 quoque
469 2292 553 2366 tiliae,
563 2291 600 2353 ab
614 2288 744 2353 llomero
759 2310 821 2354 non
836 2303 1042 2367 memoratum,
1057 2294 1282 2374 hippodamiam

118 2400 305 2484 grammatici
320 2400 489 2461 hauserrmt
533 2394 655 2455 Restant
675 2394 711 2455 de
730 2396 904 2475 Sophocleis
923 2396 1065 2459 Nausicaa
1087 2405 1115 2458 et
1126 2395 1282 2470 Phaeaces,

120 2524 192 2587 quas
205 2506 254 2567 sir
268 2500 462 2565 doctissimus
482 2496 620 2578 satyricae
642 2496 733 2558 luisse
747 2505 891 2560 autumat:
911 2518 970 2579 quo
985 2499 1062 2574 iure,
1083 2500 1147 2580 ipse
1166 2499 1281 2561 viderit:

118 2610 169 2672 sed
186 2609 213 2670 si
233 2608 359 2669 luerunt
376 2603 528 2683 satyricae,
548 2598 593 2659 rix
608 2599 644 2659 ad
659 2599 736 2660 hane
754 2601 954 2679 quaestionem
971 2601 1131 2681 pertinent,
1153 2603 1199 2665 sin
1221 2610 1282 2664 tra-

120 2711 243 2791 goediae
268 2710 404 2777 metunt,
423 2712 561 2782 totaeque
580 2720 615 2763 ex
630 2701 761 2781 Odyssea
775 2703 890 2777 ductae,
914 2739 956 2749 —
975 2706 1055 2783 quod
1071 2714 1168 2767 tamma
1183 2705 1281 2785 ipsum

119 2815 353 2892 haudquaquam
376 2808 479 2887 liquet,
493 2839 537 2850 -
556 2804 716 2865 convellere
735 2804 789 2867 hac
808 2807 882 2869 duae
902 2807 1066 2869 Aristotelis
1082 2807 1282 2869 auctoritatem

119 2934 181 2979 uon
218 2920 373 2995 potenmt.
428 2909 470 2970 ue
502 2905 670 2986 Aeschyleis
699 2913 797 2968 autem
825 2908 1070 2989 Myrmidonibus,
1101 2908 1283 2983 Nereidibus,

120 3018 289 3099 Phrygibus
317 3034 343 3075 s.
364 3010 497 3074 Hectoris
518 3009 614 3088 lytris,
641 3024 714 3088 optas
733 3016 794 3070 tres
817 3010 941 3086 fabulae,
966 3020 1069 3092 utpote
1089 3012 1118 3075 in
1138 3012 1282 3090 trilogiam

10 3124 11 3133 ’
121 3118 318 3200 compositae,
330 3133 386 3196 pro
402 3131 459 3176 uua
470 3109 620 3189 tragoedia
634 3112 782 3173 numerari
796 3122 945 3193 poterunt,
960 3116 1019 3177 hoc
1030 3116 1148 3196 quidem
1159 3122 1283 3190 constat,

121 3230 254 3285 versam
276 3236 327 3281 eas
346 3235 412 3278 esso
430 3215 460 3277 in
481 3214 518 3275 iis
538 3212 641 3285 rebus,
661 3230 735 3292 quae
753 3213 783 3274 in
801 3214 888 3277 Niade
907 3217 943 3278 ab
963 3219 1091 3280 Homero
1117 3224 1282 3291 narrantur,

122 3342 222 3387 rerum
251 3322 296 3383 sie
320 3331 433 3391 tamen,
458 3324 492 3379 ut
516 3314 637 3377 Homeri
661 3315 846 3378 perationem
871 3318 1030 3401 Aeschylus
1061 3321 1161 3383 multis
1187 3319 1282 3381 modis

121 3426 324 3508 amplilioerct,
338 3440 394 3484 uec
412 3422 473 3482 lere
492 3417 552 3481 nisi
571 3416 681 3498 primas
696 3417 787 3480 lineas
803 3422 964 3498 argumenti
979 3429 1008 3484 et
1022 3425 1227 3502 catastrophen
1248 3443 1282 3484 ex

12 3558 13 3561 ¹
121 3548 155 3590 ea
173 3533 318 3590 sumeret
359 3525 402 3587 lle
420 3521 566 3600 Penelope
585 3520 711 3600 denique
736 3538 840 3602 parum
860 3524 948 3585 nobis
968 3532 1150 3603 compertum
1170 3533 1225 3587 est
1241 3560 1282 3570 —

121 3631 180 3692 Sed
199 3627 309 3707 negari
332 3626 419 3688 etiam
437 3622 613 3687 sententiam
629 3622 790 3685 Aristotelis
810 3626 845 3687 ab
865 3626 928 3687 eius
948 3626 1104 3706 interprete
1123 3627 1194 3688 satis
1213 3644 1282 3705 per-

15 3804 16 3809 *
122 3740 258 3812 matam
281 3748 362 3800 esse,
388 3729 425 3789 de
451 3744 508 3806 qua
532 3724 631 3805 utique
654 3724 820 3789 Nitzsuhins
847 3727 1008 3789 audiendus
1029 3729 1093 3797 luit,
1118 3729 1221 3790 Nelett.
1247 3728 1283 3795 dt

122 3835 228 3897 histor,
249 3830 380 3894 Humi]
399 3848 430 3910 p.
450 3828 502 3900 18,
522 3827 672 3890 uerissime
689 3846 829 3891 monens:
856 3830 926 3902 „le
946 3830 1057 3891 lliade
1077 3837 1111 3891 et
1126 3831 1284 3910 Odyssea

121 3937 215 4018 quod
236 3953 343 3997 unam
362 3932 416 3995 rel
436 3932 522 3993 duas
543 3950 583 3992 ex
601 3938 752 4011 utraque
773 3933 981 4011 tragoedias
997 3931 1078 3992 lieri
1096 3932 1202 4005 dixit,
1218 3934 1284 3993 hoc

122 4037 170 4101 ita
196 4038 301 4110 dlxit,
327 4035 359 4098 si
381 4033 591 4114 tragoediae
616 4033 700 4094 illae
724 4034 840 4116 ipsam
867 4036 1045 4097 laetorum
1071 4034 1199 4095 seriem
1224 4040 1285 4094 aut

124 4160 299 4205 summam
333 4139 526 4216 utriusque
562 4134 730 4198 carminis
763 4136 1117 4216 complecterentur.“
1171 4135 1283 4211 Nempe
1302 4142 1332 4191 15

26 4264 29 4315 ,τ
127 4262 272 4307 summam
301 4242 439 4304 carminis
464 4247 515 4301 aut
538 4239 633 4318 ipsam
659 4239 802 4302 tactorum
822 4240 927 4302 seriem
946 4259 1010 4301 eam
1029 4237 1170 4315 iutelligit,
1196 4252 1283 4315 quom

28 4378 32 4393 ·
127 4350 298 4413 Aristoteles
317 4347 393 4419 alibi,
412 4366 439 4408 c
463 4345 511 4419 17,
532 4344 565 4416 5,
589 4337 646 4403 τὸν
667 4336 765 4422 λόγον
785 4343 855 4413 dicit
873 4342 933 4403 sive
951 4336 991 4403 τὸ
1012 4334 1176 4407 καθόλου,
1201 4333 1285 4394 variis

126 4452 196 4516 illam
210 4451 357 4535 episodiis
371 4465 544 4532 opponens,
560 4451 666 4529 quibus
681 4444 819 4526 distingui
839 4462 955 4507 carmen
976 4452 1007 4505 et
1024 4434 1194 4519 amphllcari
1212 4450 1285 4492 con-
