3178 5136
848 430 911 494 266

299 615 396 689 nodo,
415 615 481 678 lloet
494 614 553 677 iam
567 615 633 699 lpno
647 615 736 679 verbo
752 617 979 697 comprehensa,
995 626 1093 682 umen
1106 619 1191 682 dium
1207 619 1388 683 extrinsecus
1403 637 1456 700 ap·

298 726 435 797 ponatur,
450 716 631 781 substantivo
646 719 788 782 vocabulo
803 718 976 801 significatu,
995 736 1092 802 neque
1105 731 1202 784 tannen
1217 721 1312 796 aliter,
1326 738 1416 801 quam
1431 721 1458 783 ci

298 820 371 882 haec
385 821 449 901 ipsa
460 820 504 882 vel
517 840 534 883 a
548 821 692 902 qualitate,
707 823 751 884 vel
764 842 781 884 u
792 822 952 903 quantitate
965 824 1009 885 ael
1022 823 1078 886 alie
1092 820 1229 904 quapiam
1245 823 1357 884 ratione
1370 840 1458 885 accu-

298 923 389 986 rntius
404 922 566 986 delinienda
579 924 721 1000 rideatur,
736 925 824 987 relmi
839 919 954 1002 δίωξιν
968 919 1102 988 διώκειν
1114 923 1257 1004 ταχεῖαν,
1276 924 1459 1008 καθῆσθαι

300 1017 398 1109 ἕδραν
416 1019 518 1110 καλήν
537 1025 638 1107 Eurip.
658 1025 770 1089 Hercul.
785 1047 811 1089 ν.
827 1028 878 1090 55.
905 1023 1028 1107 πτῶμα
1046 1020 1187 1089 πίπτειν
1205 1018 1397 1104 θανάσιμον
1415 1024 1457 1088 ld.

299 1126 403 1189 Electr.
419 1126 490 1190 600.
514 1122 630 1191 στάσιν
643 1120 780 1192 ἱστάναι
793 1124 852 1214 τὴν
862 1121 968 1205 Ἰνοῦς
980 1129 1023 1192 ld.
1037 1129 1142 1192 Bacch.
1158 1129 1231 1191 916.
1256 1118 1367 1212 χρείαν
1379 1123 1460 1212 χρῆ-

299 1230 386 1292 σθαι
405 1219 445 1314 ἣν
464 1221 686 1295 διεθείωσεν
709 1232 781 1294 Plat.
801 1232 888 1313 Legg.
908 1232 957 1294 lx.
976 1251 1005 1313 p.
1022 1230 1093 1294 668.
1108 1232 1140 1294 Β.
1174 1225 1336 1317 ίχάρησαν
1353 1225 1459 1313 χαράν

298 1325 442 1416 μεγάλην
461 1326 594 1419 σφόδρα
611 1333 838 1414 Εοεης.11ο101.
857 1334 892 1407 ll,
910 1335 959 1397 10.
995 1333 1080 1409 Quod
1100 1351 1192 1414 quum
1214 1332 1300 1395 etiam
1318 1332 1460 1394 adiectivc

300 1433 455 1497 ver-nomm
466 1435 686 1516 prodamrnodo
701 1437 793 1499 instar
804 1438 871 1513 sint,
885 1437 994 1518 quippe
1005 1454 1078 1518 queo
1088 1435 1312 1517 participiorum
1323 1442 1459 1497 natum

299 1537 437 1613 delum,
462 1538 520 1600 uici
540 1539 618 1620 quod
638 1540 781 1620 temporis
800 1540 951 1602 notatione
969 1547 1081 1613 urent,
1102 1545 1332 1601 consentaneum
1347 1544 1393 1598 eol
1411 1535 1459 1599 liic

300 1658 419 1720 quoquc
432 1640 613 1704 subsuntiva
628 1642 729 1705 eadem
745 1641 857 1704 ratione
871 1643 996 1723 opponit
1014 1660 1050 1703 ex
1071 1659 1130 1721 quo
1145 1656 1250 1719 genere
1270 1647 1341 1702 sunt
1358 1634 1461 1714 κακδς

299 1739 412 1805 πᾶσαν
426 1736 552 1820 κακίαν,
567 1738 628 1819 τὰς
642 1738 743 1806 πέντε
757 1738 903 1830 κινήσεις
918 1735 1071 1829 άκίννχτον
1084 1761 1132 1823 ap.
1147 1742 1219 1804 Plat
1232 1742 1348 1822 Timp.
1361 1741 1459 1804 4011.

300 1833 416 1919 άδοκος
434 1835 572 1930 ἑκάστην
591 1836 727 1907 ὐδικίαν
745 1865 791 1926 ap.
807 1846 954 1909 Aristotel.
973 1846 1039 1908 uu.
1055 1846 1088 1922 V,
1105 1846 1134 1908 6.
1155 1860 1230 1926 quac
1249 1844 1346 1907 citam
1364 1844 1460 1907 Βατι-

300 1947 380 2009 herd.
396 1966 426 2028 p.
445 1948 514 2009 117.
537 1937 657 2026 ὐτιμος
669 1942 727 2031 τήν
740 1941 896 2033 τοιαύτην
911 1939 1048 2029 άτιμίαν
1062 1966 1109 2030 ep
1121 1949 1251 2029 Thucyd.
1262 1946 1294 2021 t,
1306 1946 1356 2009 34.
1379 1943 1460 2010 δοῦ-

300 2045 356 2124 λος
375 2042 525 2113 δουλείαν
542 2044 774 2136 χαλεπωτέραν
793 2068 839 2132 up.
861 2051 948 2113 eund.
968 2051 1007 2113 lh.
1029 2068 1053 2112 c
1069 2052 1099 2112 0.
1127 2046 1232 2136 σοφὸς
1249 2045 1309 2133 τήν
1328 2041 1461 2111 ἐκείνων

301 2143 439 2238 σοφίαν,
459 2141 597 2235 άμαθής
614 2148 674 2236 τήν
693 2143 847 2232 άμαθίαν
868 2172 914 2234 ap.
934 2153 1006 2215 Ploc
1021 2152 1144 2233 Apolog.
1160 2170 1185 2214 c.
1201 2151 1230 2214 8.
1249 2152 1361 2231 ullaque
1382 2152 1461 2232 opud

300 2256 382 2318 alos.
397 2288 440 2300 .„
453 2253 515 2316 lem
527 2273 595 2316 vero
607 2273 698 2335 quum
712 2255 767 2318 iste
783 2255 964 2317 substantive
977 2272 1038 2317 nou
1049 2255 1105 2316 alio
1115 2254 1240 2316 coneilio
1256 2254 1322 2316 addi
1337 2254 1461 2330 soleant,

300 2358 358 2420 nisi
367 2364 405 2419 -ut
419 2356 535 2419 accedet
548 2357 665 2438 aliquid,
688 2376 747 2438 quo
762 2358 844 2420 notio
859 2376 963 2420 eorum
979 2357 1141 2421 accuratius
1156 2357 1323 2432 deliniattu,
1338 2365 1462 2437 apparot

300 2478 371 2523 sane
387 2460 523 2541 ipsorum
544 2460 732 2522 secundarius
751 2460 956 2523 tantummodo
974 2478 1041 2522 ecoe
1058 2467 1173 2540 partes,
1192 2459 1347 2540 primarias
1362 2467 1461 2521 antem

301 2581 404 2625 eorum
418 2561 635 2637 vocabulorum,
650 2580 723 2643 quac
737 2563 823 2625 ictam
838 2563 1038 2625 definitionem
1052 2562 1229 2637 contineant,
1246 2561 1308 2624 cive
1321 2561 1393 2623 hacc
1405 2561 1461 2624 nd·

300 2666 401 2728 ieetira
412 2666 482 2739 nint,
497 2666 558 2726 nive
569 2666 761 2745 pronomina:
776 2665 966 2746 ‹pramobreru
976 2663 1049 2727 nihil
1060 2662 1192 2745 impedit,
1204 2682 1263 2745 quo
1274 2666 1374 2726 minuc
1386 2663 1461 2726 cub·

301 2768 432 2830 nuntius
446 2768 512 2830 intio
527 2767 667 2830 addendis
682 2768 906 2849 supersedeatur
917 2768 1039 2848 (quippe
1049 2784 1174 2848 quornm
1186 2767 1268 2829 notio
1281 2766 1338 2829 ianr
1349 2767 1380 2828 in
1391 2768 1461 2847 ipso

302 2871 392 2933 verbo
412 2870 503 2948 iniit),
523 2878 553 2931 et
570 2869 634 2932 nola
653 2870 791 2932 edioctivc
805 2870 850 2931 vel
868 2870 1047 2950 pronomine
1066 2877 1228 2951 ponantur:
1249 2870 1331 2950 quod
1350 2870 1399 2932 ubi
1420 2871 1462 2943 uc

302 2973 373 3035 haec
385 2990 449 3034 non
464 2972 520 3034 ulio
532 2990 620 3051 quam
635 2980 740 3034 neutro
756 2989 861 3050 genere
876 2972 948 3052 poni
962 2990 1054 3053 pocae
1064 2980 1192 3053 apparet
1220 2972 1321 3052 ltaque
1330 2990 1367 3034 ex
1379 2966 1462 3055 ἠδύν

302 3070 427 3155 pel-cita
447 3069 542 3155 γελᾶν
560 3073 672 3136 omisso
693 3074 875 3136 subnmtivo
896 3073 958 3134 lieri
978 3080 1096 3154 oportet
1114 3064 1177 3156 ἡδί
1191 3072 1235 3134 rel
1256 3064 1341 3157 ἦδία
1354 3069 1462 3154 χαλᾶν,

302 3196 338 3238 cx
362 3166 572 3255 θανασίμους
597 3166 735 3253 εὐωχίας
760 3168 962 3254 εὐωχεῖσθαι
987 3211 1028 3222 -
1054 3170 1230 3256 θανάσιμα
1259 3168 1462 3255 εὐωχεῖσθαι

300 3278 418 3340 Lucian.
431 3278 502 3339 Gall.
511 3296 536 3340 c.
549 3277 599 3341 26.
614 3298 649 3340 ea
663 3270 741 3354 ἴσας
754 3274 854 3359 τιμάς
866 3271 1003 3341 τίειν-
1018 3265 1078 3341 ίσα
1091 3270 1176 3341 τίειν
1186 3278 1273 3341 llom.
1286 3279 1341 3341 0d.
1352 3279 1374 3351 Ι,
1385 3278 1460 3341 432.

302 3375 476 3464 ειμακράς
486 3372 633 3463 οἰμωγὰς
642 3372 797 3460 οἰμώζειν
806 3416 848 3427 -
858 3376 969 3465 pinapel
981 3373 1136 3461 οἰμώζειν
1145 3381 1295 3463 Ατὶειομὶι.
1305 3381 1380 3444 Plut.
1393 3381 1463 3457 111,

303 3485 334 3546 in
346 3482 452 3563 «pullus
463 3483 693 3563 loquutionibus‚
708 3503 832 3564 quarum
845 3492 891 3546 sut
901 3484 991 3547 multa
1002 3485 1134 3566 exempla
1145 3484 1303 3547 Fischorno
1314 3482 1466 3563 congenuit

302 3586 339 3648 ad
353 3585 466 3648 Weller.
482 3586 530 3660 tlt,
549 3588 575 3648 l.
591 3607 620 3668 p.
637 3587 707 3661 uto,
730 3587 814 3668 vulgo
837 3586 974 3649 adiectiva
993 3606 1049 3668 pro
1065 3586 1208 3650 adverbiis
1226 3587 1323 3668 posita
1337 3603 1403 3648 enac
1416 3586 1464 3648 di·

302 3698 387 3751 eunt:
402 3706 497 3769 noque
510 3688 540 3750 id
555 3689 837 3770 reprehendendum,
853 3690 943 3751 ruodo
959 3708 1005 3765 ne,
1021 3709 1077 3770 qua
1091 3689 1160 3752 illud
1171 3689 1285 3751 ratione
1299 3692 1356 3764 lint,
1371 3706 1463 3770 quec-

302 3811 368 3856 rcre
383 3791 595 3854 oblviccantur.
625 3793 736 3855 Eadem
750 3802 845 3855 autem
862 3792 974 3855 ratione
989 3792 1075 3854 etiam
1095 3790 1273 3872 pronomina
1287 3810 1343 3873 pno
1357 3791 1464 3854 adrer-

304 3896 359 3959 blic
374 3894 446 3975 poni
460 3912 552 3974 posce
566 3904 695 3975 apparet,
710 3896 787 3957 velut
799 3889 881 3957 τάδε
893 3888 1048 3975 μαίνεται
1062 3894 1141 3976 apud
1155 3894 1243 3957 llom.
1257 3893 1338 3956 lliad.
1349 3892 1383 3955 V.
1394 3895 1466 3969 185,

304 3998 382 4079 quod
398 3999 516 4078 planum
532 4007 577 4060 ent
590 3997 668 4060 idern
683 4017 763 4074 εεεο,
782 4016 817 4060 ac
833 3991 932 4082 τήνδε
945 3992 1003 4082 τὴν
1016 3989 1136 4077 μανίαν
1148 3989 1318 4078 μαίνεται,
1338 4004 1372 4058 ut
1385 4007 1467 4059 recte

303 4101 415 4181 accepit
428 4100 569 4180 Heilung.
585 4120 613 4181 p.
630 4100 679 4174 52,
698 4100 910 4180 significatione
923 4118 984 4162 non
1001 4099 1150 4163 diversunt
1165 4108 1211 4161 est
1224 4098 1261 4161 ab
1281 4090 1368 4161 olivae
1381 4091 1466 4179 μοί·

304 4220 406 4277 νειαι,
422 4203 669 4284 quemadmodum
684 4193 757 4265 τόδ’
773 4191 897 4275 ἱκάνεις
909 4202 939 4263 h.
950 4221 975 4264 e.
990 4194 1112 4285 ταύτην
1124 4197 1183 4285 τήν
1197 4187 1263 4276 ίξιν
1277 4192 1405 4277 ἱκάνεις
1418 4222 1466 4283 ap.

305 4306 392 4368 eund.
408 4304 446 4366 ib.
463 4304 533 4377 xlv,
549 4303 621 4377 298,
637 4303 655 4364 i.
671 4321 701 4382 q.
720 4294 844 4364 ίνθάδε
858 4293 993 4380 ἱκάνεις,
1014 4312 1044 4366 et
1057 4299 1162 4365 ταῦτα
1175 4297 1400 4387 ἠπεροπεύειν
1419 4305 1466 4379 111,

307 4408 379 4486 390,
399 4407 428 4469 lr.
444 4426 469 4469 e.
488 4401 592 4468 ταῦτα
605 4401 648 4468 τά
662 4395 921 4491 ἠπεροπεύματα
934 4395 1156 4489 ἠπεροπεύειν
1174 4406 1193 4467 1.
1209 4424 1236 4486 q.
1258 4397 1364 4482 οὕτως
1379 4397 1467 4491 ἤπε-
