3222 5148
798 471 951 569 jao-

294 665 427 729 titudinis
442 665 532 727 dures
547 663 758 727 commendant
771 660 959 741 consiliisque
973 657 1036 721 suis
1054 663 1239 739 opportunos
1250 656 1365 735 putant,
1380 668 1456 733 quae

295 769 414 851 quidem
437 769 464 831 si
485 767 675 848 perfecerint,
698 773 798 826 aetum
819 764 876 827 erit
898 763 934 823 de
956 781 989 854 re
1011 759 1135 842 publica.
1173 759 1282 820 Verum
1304 756 1455 819 enimvero

294 871 429 954 quamvis
450 871 584 952 gravibus
606 869 652 930 his
673 867 758 929 malis
780 866 964 938 laboremus,
985 881 1046 926 non
1069 864 1177 925 desunt
1196 869 1297 924 tamen
1316 858 1455 921 remedia·

294 975 429 1037 Primum
443 975 524 1037 enim
539 970 667 1035 veritatis
682 970 776 1051 ipsius
791 988 824 1031 ea
839 967 883 1031 vis
897 977 952 1043 est,
976 975 1010 1029 ut
1024 965 1175 1028 obscurari
1190 964 1309 1046 quidem
1326 962 1363 1024 ad
1377 968 1456 1023 tcm-

293 1097 359 1160 pus,
375 1095 529 1158 nunquam
545 1083 644 1137 tamen
659 1073 788 1152 extingui
803 1071 906 1155 possit,
921 1071 973 1133 sed
985 1069 1088 1132 victrix
1098 1067 1218 1130 taudem
1228 1071 1360 1145 emergat
1374 1064 1455 1127 trau·

294 1180 398 1262 disque
413 1188 442 1241 ct
456 1178 566 1241 erroris
580 1176 701 1239 nebulas
717 1175 859 1256 dispellat
882 1174 943 1236 Neo
956 1190 1028 1235 sane
1041 1189 1165 1252 parvum
1181 1171 1240 1233 iam
1255 1185 1336 1231 nunc
1350 1184 1456 1228 nume-

293 1302 362 1346 rum
378 1302 442 1345 esse
458 1283 591 1344 videmus
607 1297 710 1341 eorum
727 1278 787 1359 qui,
804 1295 897 1358 quum
912 1274 1094 1355 aliquamdiu
1113 1273 1208 1355 decipi
1228 1291 1260 1334 se
1283 1291 1299 1333 a
1319 1267 1455 1353 pessimis

294 1385 513 1449 consultoribus
527 1382 606 1464 passi
622 1389 735 1455 essent,
756 1382 901 1443 hactenns
920 1380 1025 1441 saltem
1045 1378 1248 1459 resipuerunt,
1269 1382 1303 1436 ut
1317 1374 1342 1436 si
1356 1372 1455 1434 minus

294 1497 394 1571 aperte
409 1486 621 1569 poeniteutiam
637 1483 745 1547 erroris
759 1501 829 1565 prae
844 1502 877 1545 se
891 1484 987 1545 ferant
997 1481 1078 1542 —id
1094 1481 1174 1542 enim
1189 1485 1241 1540 aut
1253 1476 1377 1539 invidiae
1392 1494 1454 1537 me-

293 1600 341 1653 tus
356 1595 407 1653 aut
421 1590 511 1653 falsus
526 1589 624 1671 pudor
637 1586 785 1669 prohibet,
796 1620 840 1630 —
849 1584 1016 1659 tamensis,
1032 1584 1083 1666 qui
1098 1580 1266 1646 conservari
1279 1599 1342 1641 rem
1358 1578 1454 1661 publi·

294 1712 357 1757 cam
375 1694 485 1766 solunt,
507 1710 567 1753 non
583 1689 708 1770 amplius
722 1689 921 1764 adversentur,
941 1688 992 1750 sed
1013 1686 1161 1750 abstinere
1175 1685 1304 1766 partium
1319 1680 1454 1745 certami-

294 1798 381 1859 nibus
404 1795 526 1857 malint:
547 1794 594 1855 alii
614 1801 729 1866 autem,
750 1791 888 1854 meliores
910 1791 1059 1872 magisque
1078 1789 1167 1852 civilis
1189 1787 1277 1850 cilicii
1298 1802 1454 1859 memores,

294 1899 406 1962 artibus
422 1907 452 1960 et
474 1894 740 1959 machinationibus
761 1893 990 1974 demagogorum
1011 1892 1101 1955 etiam
1121 1891 1318 1953 resistendum
1337 1886 1455 1949 fortiter

294 2021 360 2066 esse
373 2001 548 2081 intelligunt,
565 2000 771 2078 bonorumque
785 2014 904 2060 oausam
917 2014 973 2077 pro
986 1995 1059 2058 virili
1069 2002 1152 2077 parte
1162 1993 1304 2056 tuendam
1315 1991 1453 2054 adiuran-

295 2104 432 2184 damque.
469 2103 563 2165 Porro
585 2101 727 2164 babemus
747 2101 778 2162 in
796 2100 838 2163 rei
858 2099 990 2183 publicae
1005 2104 1123 2161 nostrae
1138 2097 1349 2160 constitutione
1364 2094 1452 2157 etiam

294 2206 406 2287 legibus
427 2214 562 2287 paratum
584 2204 764 2286 praesidium
785 2204 925 2266 adsersus
946 2201 1021 2264 istos
1043 2201 1107 2264 eius
1130 2218 1295 2273 eversores,
1317 2207 1453 2262 senatum

293 2308 378 2371 illum
392 2327 453 2371 uon
468 2310 505 2371 ad
520 2309 636 2371 mobilis
651 2315 682 2371 et
696 2307 847 2390 imperitae
870 2304 1066 2369 multitudinis
1085 2306 1282 2367 temeritatem
1297 2312 1327 2366 et
1342 2304 1454 2387 cupidi·

295 2419 387 2474 tatem
402 2413 576 2483 condatum,
601 2410 685 2490 quale
707 2418 753 2472 est
772 2410 843 2472 illud
864 2416 1065 2471 carentorum
1084 2415 1116 2470 et
1129 2407 1339 2489 quinquaginta
1355 2405 1453 2471 oonu‘-

295 2514 379 2588 lium,
395 2514 446 2595 qui
460 2513 547 2575 tertio
563 2530 682 2593 qnoque
696 2530 774 2574 anno
790 2511 940 2594 popularis
955 2529 1043 2574 aurae
1057 2512 1129 2573 flatu
1143 2511 1381 2585 constituuntur,
1402 2510 1453 2572 sed

294 2617 442 2679 esaniore
456 2620 539 2698 parte
554 2615 656 2697 populi
671 2616 830 2688 selectum,
851 2615 881 2676 b.
903 2632 928 2675 e.
951 2633 988 2676 ex
1007 2614 1057 2688 iis,
1079 2633 1155 2695 quos
1176 2611 1392 2677 conservandae
1412 2613 1455 2676 rei

294 2718 426 2800 publicae
442 2736 532 2800 qnam
547 2719 727 2791 evertendae,
749 2716 909 2797 tuendique
924 2717 986 2780 cius
1000 2722 1095 2779 status
1110 2736 1199 2800 mam
1215 2716 1315 2781 omnia
1328 2715 1455 2778 novandi

293 2821 487 2884 studiosiores
501 2840 567 2884 esse
588 2828 818 2885 consentaneum
839 2827 893 2884 est
930 2821 1005 2884 Nam
1028 2838 1157 2902 quorum
1176 2828 1228 2882 aut
1249 2838 1372 2901 magnae
1391 2826 1455 2881 eta

293 2923 454 2985 maioribus
470 2925 593 2986 traditae
607 2923 811 3005 possessiones
826 2924 911 3004 quasi
926 2943 980 3006 pro
994 2925 1117 3005 pignore
1130 2931 1201 2986 sunt
1210 2924 1253 2986 rei
1263 2923 1407 3005 publicae,
1417 2939 1454 2984 ne

295 3026 366 3107 qnid
382 3035 493 3088 temere
507 3027 664 3090 admittant
678 3027 757 3108 quod
773 3027 946 3111 perturbare
961 3027 1023 3089 eius
1039 3034 1149 3089 statum
1165 3026 1275 3108 possit,
1295 3032 1347 3089 aut
1361 3026 1410 3108 qui
1424 3024 1454 3086 in

294 3128 474 3209 gravioribus
488 3129 531 3191 rei
544 3129 677 3211 publicae
692 3129 817 3210 negotiis
839 3128 1076 3193 administrandis
1098 3131 1204 3193 idonea
1223 3130 1282 3192 iam
1301 3128 1453 3212 probitatis

243 3251 245 3254 ⁴
294 3238 325 3293 et
339 3231 512 3311 prudentiae
529 3232 706 3294 documenta
720 3232 885 3306 ediderunt,
907 3239 959 3295 aut
973 3234 1024 3314 qui
1039 3234 1188 3297 doctrinae
1202 3233 1349 3297 solidioris
1363 3233 1452 3315 copiis

294 3332 431 3396 instructi
446 3335 633 3416 maximeque
648 3335 781 3415 priorum
796 3342 967 3416 temporum
989 3335 1112 3398 historia
1131 3336 1227 3399 edocti
1241 3335 1350 3418 aliquid
1365 3336 1452 3399 etiam

295 3434 385 3533 ciuilis
401 3437 572 3517 prudentiae
587 3437 750 3500 hauserunt
764 3445 815 3500 aut
831 3437 964 3518 potuisse
986 3438 1090 3499 saltem
1112 3438 1228 3500 haurire
1249 3438 1399 3511 ridentur,
1417 3456 1453 3500 er

294 3538 341 3600 his
356 3547 490 3601 senatum
506 3538 590 3601 illum
604 3540 786 3621 superiorem
802 3540 929 3602 electum
944 3539 1097 3616 babemus,
1113 3541 1250 3603 fluctibns
1265 3539 1452 3629 popularibus

294 3641 394 3702 nunus
411 3640 569 3704 obnoxium
585 3660 640 3703 nee
653 3642 738 3705 facile
752 3641 788 3704 ad
803 3642 911 3705 variana
922 3642 1007 3704 variis
1019 3642 1202 3725 temporibus
1213 3643 1365 3705 libidinem
1375 3644 1452 3705 mul·

294 3741 426 3805 titudinis
441 3744 630 3819 mutabilem,
652 3745 704 3806 sed
723 3752 908 3808 constantem
930 3763 1075 3825 veraeque
1089 3752 1120 3807 et
1133 3763 1221 3809 sanae
1234 3746 1357 3808 rationis
1371 3754 1453 3808 tena-

294 3846 421 3910 ciorem:
444 3846 526 3907 cuius
541 3847 682 3927 gravitate
697 3855 727 3908 et
740 3847 894 3928 prudentia
907 3854 943 3909 nt
956 3847 1154 3928 refringantur
1167 3856 1198 3910 et
1212 3848 1391 3932 repellantur
1405 3867 1453 3911 ea·

293 3948 351 4010 lida
366 3955 396 4009 et
410 3949 567 4011 temeraria
582 3949 701 4012 alterius
716 3958 878 4013 conventus
892 3949 1013 4014 consilia
1029 3957 1148 4013 cautum
1164 3959 1219 4023 est,
1234 3951 1323 4013 huius
1335 3953 1407 4014 scita
1416 3967 1454 4012 ne

294 4049 409 4113 valeam
423 4052 480 4113 nisi
495 4071 528 4114 ea
542 4060 662 4114 senatus
677 4051 844 4134 probaverit
854 4053 1021 4116 auctoritas.
1044 4053 1093 4116 Sio
1104 4060 1203 4115 autem
1215 4071 1309 4135 quum
1320 4053 1385 4116 fieri
1395 4068 1454 4114 non

295 4153 405 4236 possit,
431 4154 504 4235 quin
527 4155 680 4236 aliquoties
702 4155 775 4217 baec
789 4156 848 4218 duo
863 4155 906 4217 rei
921 4153 1053 4236 publicae
1068 4155 1188 4219 consilia
1202 4156 1280 4218 iuter
1294 4174 1327 4218 se
1340 4156 1455 4218 dissen-

293 4256 377 4330 tiant,
395 4274 530 4338 quaeque
548 4256 704 4339 populares
719 4257 824 4340 cupide
839 4264 990 4339 expetunt,
1011 4277 1045 4321 ea
1060 4258 1097 4320 ab
1112 4259 1302 4341 optimatibus
1317 4266 1456 4321 constan·

294 4367 340 4421 ter
362 4359 547 4434 reiciantur,
570 4367 658 4440 atque
680 4359 749 4423 binc
771 4361 930 4423 certamina
952 4360 1117 4423 excitentur
1137 4370 1220 4424 tanto
1241 4364 1458 4442 nonnunquam

294 4462 415 4538 acriora,
438 4471 549 4543 quanto
570 4463 663 4543 magis
682 4460 724 4525 illi
739 4462 925 4544 popularium
941 4465 1030 4527 duces
1045 4471 1182 4528 senatum
1197 4466 1378 4529 criminando
1391 4465 1458 4546 plc-
