3190 5136
47 750 50 811 ί

619 411 819 513 L

129 579 342 672 ἀποσφαλεὶς
364 578 498 669 φρενῶν
519 577 629 666 πλανᾷ
651 590 680 644 et
699 581 899 664 mouentibus.
933 581 1075 646 Smeenta
1095 583 1126 646 id
1140 602 1248 664 genus,
1271 585 1297 651 ai

130 689 193 771 quis
204 689 265 750 hoc
279 697 358 766 agat,
375 686 508 749 inuenire
521 686 601 749 nulio
615 685 733 765 negotio
749 686 870 765 neunt:
886 702 939 763 ego
954 701 1036 747 nunc
1048 685 1144 748 trihus
1157 686 1298 769 dehtngar

130 790 269 871 enemphs
284 789 467 861 Homericis,
487 807 560 870 quae
575 787 669 850 obiter
684 786 832 867 quaerenti
851 786 945 867 prima
960 806 993 849 se
1011 787 1187 853 obtulemnt
1216 789 1247 851 lt
1263 790 1297 867 ΙΙ,

131 894 207 955 217:
223 884 400 968 αἴσχιστος
422 886 483 975 γαρ
506 881 586 976 α’νήρ
608 883 675 953 ὑπὸ
686 880 791 952 Ἴλιον
811 877 928 974 ἦλθεν·
957 884 1086 975 φολκὸς
1108 880 1173 975 ἔην,
1193 887 1299 972 χωλὸς

131 987 161 1058 δ’
183 985 297 1077 ἕτερον
318 985 414 1057 πόδα
436 989 504 1054 κτίκ
547 993 721 1056 Βα1οηαὶ1αα
738 991 902 1066 Thersitae,
918 992 1046 1072 primum
1061 992 1195 1054 universe
1210 1012 1293 1056 com-

131 1104 312 1169 memorata,
333 1094 433 1156 stetim
453 1112 507 1175 per
525 1104 624 1174 partes
640 1092 823 1156 describitur.
867 1092 967 1167 XXIV,
985 1093 1060 1159 680:
1085 1094 1199 1179 Λητοῖ
1220 1086 1298 1157 ἱστί-

129 1216 232 1261 οκετο
253 1189 489 1281 καλλιπαρῄῳ·
518 1192 567 1280 φῆ
589 1191 674 1259 δοιώ
695 1189 829 1273 τεκέειν,
852 1186 874 1280 ἦ
898 1187 930 1258 d’
954 1186 1035 1280 aira}
1059 1188 1188 1279 γείνατο
1210 1193 1295 1261 ποί,1

129 1293 219 1374 λακίς.
250 1298 308 1361 0d.
322 1298 369 1370 tv,
385 1301 462 1361 445:
485 1288 556 1360 ἀλλ’
573 1288 654 1381 edei}
678 1287 805 1360 ἐσάωσα
819 1292 877 1360 καὶ
899 1291 1068 1383 ἐφράσατο
1081 1289 1156 1381 μέγ’
1172 1289 1293 1385 ivetae·

131 1393 323 1486 ἀμβροσίην
342 1391 411 1462 ὑπὸ
433 1400 507 1484 ῥῖνα
529 1390 656 1483 ἑκάστῳ
677 1395 765 1483 θῆκε
786 1393 943 1484 φέρουσα.

219 1503 256 1564 ln
271 1502 367 1567 verbis
381 1500 548 1566 Promethei
563 1520 636 1582 quae
650 1500 786 1583 leguntur
800 1518 827 1561 v.
843 1499 914 1576 509,
933 1500 986 1562 10:

365 1596 403 1666 oti
425 1600 528 1665 ταῦτα
548 1598 647 1685 roden
671 1600 789 1685 Μοῖρα
810 1620 866 1662 πω
880 1596 1080 1686 τελεσφόρος

364 1700 481 1786 κρᾶναι
502 1697 689 1788 πέπρωται,

131 1818 213 1871 reete
229 1806 408 1868 Wiaaderus
424 1804 560 1887 Μοῖραν
573 1821 634 1866 non
650 1813 786 1866 sortem
802 1804 854 1866 sed
869 1804 1011 1867 Parcam
1025 1806 1056 1868 h.
1073 1825 1099 1867 e.
1114 1806 1209 1869 divam
1224 1826 1293 1888 per·

130 1928 242 1972 sonem
257 1927 325 1970 ease
338 1908 486 1987 agnoscit:
502 1908 581 1986 qnod
596 1916 692 1969 autem
707 1906 828 1969 rescribi
844 1907 916 1979 vuit,
937 1898 1044 1989 Moio’
1068 1899 1163 1984 ὅπως
1183 1905 1295 1972 τελεσ-

131 2007 240 2099 φόρος
260 2005 371 2097 κραίνῃ,
393 2010 508 2071 ridetur
521 2010 607 2071 nohis
623 2010 796 2071 sententiam
811 2008 868 2072 loci
883 2028 1080 2091 corrumpere.
1120 2011 1202 2074 hicet
1215 2012 1294 2073 eninr

131 2116 171 2177 ite
186 2114 396 2187 Prometheus,
411 2112 547 2174 nondum
561 2111 634 2173 haec
648 2112 691 2173 sie
706 2130 771 2174 esse
785 2114 845 2174 tato
861 2112 1027 2187 constituta,
1042 2120 1076 2174 ut
1089 2133 1105 2175 a
1120 2113 1211 2175 Parca
1224 2132 1293 2194 par·

130 2219 283 2291 ticiantur,
297 2214 528 2294 habebimusque
542 2212 662 2275 Parcam
678 2213 770 2275 satalia
785 2215 900 2276 decreta
915 2222 1135 2294 exsequentem,
1150 2215 1293 2277 diversam

131 2320 256 2401 itaquea
271 2318 346 2381 Fato
359 2317 444 2397 eique
458 2325 623 2397 parentem,
643 2316 757 2396 qualem
772 2335 874 2379 vereor
888 2324 921 2378 ut
935 2316 1130 2380 Prometheus
1145 2326 1292 2396 agnoscet,
1309 2332 1326 2383 a

132 2423 180 2503 qni
198 2440 295 2502 quum
311 2411 449 2502 Μοίρας
470 2419 547 2483 dieat
564 2414 623 2504 τῆς
645 2409 787 2504 αἷναίγκης
808 2411 1071 2506 οἰακοστρόφους
1091 2424 1129 2498 (r.
1146 2419 1222 2494 512,
1240 2419 1293 2496 ta)

131 2542 192 2586 non
214 2524 367 2586 ministras
392 2524 445 2585 has
467 2522 577 2584 alienae
598 2520 751 2583 cuiusdam
773 2522 939 2600 potestatis,
965 2521 1016 2583 sed
1039 2518 1170 2585 summas
1192 2540 1292 2584 rmum

132 2626 346 2690 moderatrices
369 2643 438 2687 ase
455 2624 557 2686 haberi
581 2623 737 2703 significat,
761 2623 893 2686 omnium
917 2632 1073 2687 eventuum
1098 2625 1291 2688 necessariam

132 2731 240 2792 seriem
255 2729 339 2809 ipsas
360 2727 564 2809 praefinientes
580 2735 608 2787 et
623 2726 830 2806 guhemantea.

217 2832 252 2893 {n
267 2830 401 2892 Mercurii
415 2830 522 2904 verhis,
538 2849 563 2891 v.
583 2829 673 2901 1015,

359 2923 512 2994 αὐθαδία
534 2926 595 3014 γάρ
616 2925 663 3013 τῷ
685 2924 860 3015 φρονοῦντι
873 2924 918 3013 μή
941 2925 1051 3004 καλῶς

352 3023 434 3116 αὐτή
454 3023 538 3095 καθ’
561 3025 661 3118 αὑτήν
683 3022 815 3106 οὐδενός
835 3026 945 3111 μεῖζον
965 3028 1090 3109 σθένει,

129 3156 223 3220 quum
232 3136 295 3198 sint
301 3135 351 3215 qui
360 3136 454 3215 μεῖον
460 3154 515 3217 pro
525 3130 635 3215 μεῖζον
649 3133 835 3197 scribendum
851 3143 995 3209 conseant,
1011 3144 1090 3198 recta
1100 3136 1136 3198 ah
1151 3137 1197 3198 his
1212 3136 1292 3198 itte-

129 3240 243 3302 saiems
270 3238 419 3300 dissentit:
446 3237 509 3319 ipse
534 3248 628 3299 autem
652 3237 683 3299 in
705 3238 763 3299 tine
785 3254 886 3298 versus
910 3236 1030 3299 secundi
1055 3238 1293 3318 interrogationis

131 3342 252 3422 signum
267 3340 339 3419 poni
355 3339 422 3411 vult,
438 3340 516 3420 quod
538 3358 594 3420 qna
613 3340 727 3401 ratione
741 3339 805 3401 fleri
820 3338 924 3419 possit,
939 3356 1002 3400 non
1016 3340 1172 3422 perspicio.
1217 3339 1293 3401 Nam

131 3444 315 3521 interrogare
329 3440 488 3504 Mercurius
507 3460 568 3503 non
588 3441 685 3524 potuit
704 3441 761 3503 nisi
776 3451 826 3504 aut
840 3442 898 3503 hoc
916 3440 1021 3503 modo:
1042 3428 1211 3523 numquid
1227 3448 1293 3515 est,

132 3564 200 3625 quo
222 3543 304 3626 plus
323 3542 458 3622 polleat
477 3540 723 3606 contumacia?
737 3576 779 3588 -
794 3543 825 3603 in
839 3560 896 3623 qua
915 3543 1144 3624 interrogatione
1157 3543 1293 3606 indefini-

132 3657 196 3710 tum
212 3663 380 3726 pronomen
396 3644 566 3725 ponendum
582 3645 674 3707 fuisse
689 3651 820 3725 apparet,
835 3641 906 3725 μῶν
919 3664 1010 3721 τινος
1027 3639 1139 3726 μεῖζον
1160 3639 1273 3709 σθένει
1282 3669 1292 3721 ,·

132 3786 174 3796 -
194 3758 245 3811 aut
270 3748 536 3829 hoc:.quidnam
554 3728 620 3821 est,
646 3765 714 3827 quo
740 3746 821 3827 plns
845 3747 979 3828 potteat
998 3745 1242 3810 contumacia?
1261 3756 1295 3811 ut

133 3870 302 3934 pronomen
323 3858 447 3931 poneret
465 3849 717 3930 interrogativum:
737 3841 827 3923 τίνος
848 3840 917 3930 ἔχει
938 3845 1050 3930 μεῖζον
1072 3845 1208 3925 σθίνοςς
1235 3850 1293 3926 Qui

133 3962 232 4017 antem
253 3951 297 4015 sic
321 3953 494 4035 interrogat:
520 3951 667 4017 nullane
692 3970 728 4014 re
755 3950 836 4030 plus
864 3951 977 4033 pollet
1003 3950 1248 4017 contumacia?
1268 3952 1294 4016 is

135 4054 292 4135 significat,
307 4052 374 4126 hoc,
390 4052 469 4133 quod
485 4062 530 4117 est
543 4053 574 4115 in
589 4052 644 4117 hac
655 4052 883 4134 interrogatione
896 4055 1041 4137 positum,
1062 4054 1117 4117 sihi
1131 4073 1193 4118 non
1208 4054 1246 4117 ita
1263 4076 1295 4119 se

135 4156 242 4218 hahere
256 4155 354 4227 rideri,
367 4155 397 4216 h.
415 4174 441 4216 e.
456 4172 518 4215 non
529 4155 620 4217 videri
632 4155 686 4216 sihi
701 4156 773 4218 nihil
787 4174 860 4231 esse,
875 4176 934 4238 quo
950 4157 1016 4238 plns
1031 4157 1211 4219 contumacia
1228 4156 1294 4237 pol-

137 4256 205 4331 leat,
224 4259 277 4319 sed
296 4276 362 4318 esse
382 4255 483 4336 potius
504 4256 610 4337 ahquid
624 4256 783 4319 eiusmodi:
804 4277 877 4339 quae
891 4259 1033 4321 sententia
1048 4278 1134 4339 quam
1150 4258 1240 4319 aliena
1256 4257 1295 4319 ait

140 4360 308 4422 ahiercurii
329 4376 472 4440 persona,
495 4360 640 4439 quianon
661 4357 821 4439 intehigct?
871 4359 937 4422 Vult
963 4360 1041 4422 enim
1067 4360 1207 4441 proiecto
1232 4356 1295 4419 nihi
