3284 5152
802 461 951 560 ‘aee-

298 650 439 732 llartuogi
453 649 620 713 emendatio
636 642 746 710 ιιύιτο
769 638 803 709 d'
825 638 942 732 ιύτοχῆ
956 682 998 695 -
1012 641 1158 730 ἐξεύροις
1171 637 1221 719 tv,
1244 647 1292 711 cul
1304 647 1453 728 equidem,

298 753 324 817 si
342 752 466 815 omnino
486 750 690 815 emendatione
711 767 787 831 opns
806 758 901 825 esset,
927 750 1106 833 praeferrem
1135 749 1228 812 Grotii
1254 749 1452 813 coniecturam

299 848 355 917 dre
378 847 413 917 δ’
434 842 474 917 liv
497 845 611 937 ιύτοχῆ
632 888 674 898 -
695 851 778 933 βίον,
802 869 892 934 quem
906 852 1094 916 Valckenario
1113 869 1234 933 queque
1254 851 1398 933 placuisse
1412 850 1454 912 vi-

299 958 364 1031 deo,
381 957 469 1019 [liatr.
485 976 514 1037 p.
529 952 601 1017 229.

383 1059 492 1121 &ensa
512 1064 630 1131 autem,
652 1057 719 1119 licat
744 1056 929 1120 tolerandum
953 1056 1010 1119 sibi
1037 1056 1131 1120 viden
1156 1056 1235 1138 quod
1263 1056 1370 1120 mutari
1395 1073 1457 1119 uon

299 1163 403 1244 possit,
418 1160 574 1242 exprobrat
587 1159 692 1221 saltem
707 1157 834 1240 Apollini
848 1158 1032 1222 iniustitiam.
1077 1159 1231 1232 iniustum,
1246 1159 1351 1240 inquit,
1366 1167 1398 1221 et
1411 1158 1459 1221 hic

299 1271 330 1328 el
341 1264 400 1329 illic
413 1271 443 1327 te
456 1270 588 1345 praestas
601 1280 670 1343 erga
684 1261 835 1323 absentem
846 1260 934 1336 illam,
950 1279 1025 1341 quae
1038 1278 1119 1325 nnnc
1129 1281 1197 1325 meo
1208 1279 1260 1324 ore
1274 1261 1358 1342 qnasi
1372 1279 1457 1343 prae-

299 1385 367 1432 scus
388 1366 534 1448 loquitur:
555 1350 594 1449 ἧς
615 1357 775 1447 ’πάρεισιν
796 1354 830 1426 oi
851 1356 954 1444 λύγοι.
998 1364 1032 1426 la
1053 1364 1189 1446 proximo
1210 1382 1296 1428 versu
1310 1365 1454 1427 Hermam

300 1489 356 1534 nus
371 1469 487 1551 scripsit

443 1565 483 1633 σύ
504 1561 533 1631 τ’
555 1562 614 1632 ούιι
635 1561 763 1643 ἔσωσας
784 1564 841 1631 τὸν
862 1561 923 1632 σύσ
944 1560 982 1631 ts
1002 1569 1110 1634 σύσαύ
1130 1559 1160 1633 o’
1181 1563 1284 1655 ἐχρῆν,

442 1663 517 1735 οὔθ’
539 1663 715 1755 ἱστορούσῃ
738 1668 836 1755 μητρὶ
857 1664 974 1751 μύισις
996 1661 1042 1734 ds
1063 1665 1156 1753 λριῖς,

299 1795 394 1859 quum
409 1776 440 1839 in
456 1773 604 1839 codicibus
619 1783 670 1838 aut
684 1769 724 1836 σύ
747 1766 781 1835 d’
803 1765 862 1837 ούκ
883 1774 923 1837 sit
942 1784 994 1838 aut
1013 1769 1054 1839 σύ
1076 1765 1102 1857 ρ)
1125 1767 1199 1850 ούιι,
1224 1794 1350 1857 quorum
1371 1776 1396 1839 si
1415 1778 1457 1838 al-

299 1887 399 1942 terum
413 1886 515 1941 utmm
530 1878 762 1959 praeoptantium
777 1878 826 1951 sit,
841 1882 969 1958 praestet
983 1877 1163 1942 hauddubie
1177 1871 1246 1959 σύγ’
1267 1870 1336 1952 ούκ,
1352 1897 1459 1960 quem-

301 1981 459 2045 admodum
476 1979 643 2060 ldauungus
656 1979 782 2061 scripsit.
805 1979 879 2043 Nam
896 1974 934 2062 γέ
948 1981 1117 2061 saepissime
1132 1981 1211 2045 idem
1225 1982 1287 2045 lere
1301 2000 1366 2045 esse
1380 1982 1459 2063 qnod

302 2078 363 2168 yu'p
378 2100 467 2147 nemo
481 2082 575 2146 nescit
594 2082 642 2157 (cl.
665 2082 836 2145 Buttmann.
857 2082 893 2145 ad
916 2083 1007 2165 Soph.
1029 2083 1103 2146 Phil.
1126 2102 1151 2145 r.
1168 2082 1239 2146 456.
1255 2085 1291 2146 ad
1307 2084 1459 2147 [lamestb.

301 2187 369 2252 llid.
385 2208 414 2269 p.
432 2186 482 2260 46,
503 2185 652 2248 Sebaeler.
674 2203 772 2266 appar.
793 2184 858 2247 erit.
880 2185 916 2248 ad
936 2185 1088 2247 Demosth.
1107 2185 1128 2256 l,
1150 2206 1178 2268 p.
1201 2185 1289 2261 784),
1311 2202 1407 2267 neque
1427 2184 1456 2248 id

302 2290 455 2353 mirabitur
479 2289 530 2370 qui
549 2286 607 2351 boo
619 2287 718 2370 ipsum
734 2281 796 2368 γάρ
810 2287 883 2350 nibil
898 2286 952 2350 nisi
967 2282 1004 2367 γὲ
1025 2278 1065 2370 ύρ
1086 2308 1151 2351 esse
1164 2288 1341 2363 meminerit,
1356 2296 1387 2351 et
1397 2288 1457 2369 pri·

302 2393 433 2456 mitivnm
453 2390 530 2454 illius
548 2391 669 2452 voculae
692 2390 751 2452 vim
771 2390 994 2452 asseveratiram
1016 2408 1080 2453 esse
1095 2399 1242 2473 agnoscat,
1264 2393 1327 2454 lere
1347 2398 1382 2453 ut
1402 2406 1458 2452 ao·

301 2501 380 2558 strae
394 2492 551 2576 particulae
563 2491 613 2573 ja,
635 2510 709 2571 quae
729 2500 760 2554 et
778 2491 840 2574 ipsa
859 2509 919 2555 non
940 2510 1007 2555 raro
1027 2502 1187 2577 usurpatur
1201 2493 1251 2557 ubi
1265 2510 1369 2557 eorum
1384 2510 1458 2574 qnae

303 2603 370 2659 ante
385 2595 463 2658 dicta
477 2602 547 2658 sunt
561 2594 635 2659 ratio
649 2594 791 2669 redditur,
807 2594 836 2656 id
851 2597 932 2676 quod
948 2612 1009 2659 non
1024 2596 1087 2660 sinc
1102 2598 1229 2679 quadam
1244 2595 1459 2660 asseveratione

302 2699 366 2762 lieri
380 2705 611 2762 consentaneum
626 2704 681 2761 est.
719 2697 762 2762 Cl.
778 2716 853 2779 quae
866 2698 993 2762 diximus
1006 2699 1038 2761 in
1048 2698 1123 2763 libro
1138 2701 1174 2763 de
1190 2705 1276 2781 partt.
1292 2718 1335 2762 or.
1351 2717 1380 2779 p.
1400 2696 1459 2759 196

302 2812 333 2866 et
347 2804 426 2866 Curt.
441 2801 568 2882 lltpmol
582 2820 625 2882 gr.
641 2800 677 2875 ll,
693 2820 722 2882 p.
741 2799 810 2863 103.
844 2800 1013 2863 honomcn
1028 2795 1069 2863 σύ
1083 2802 1113 2863 in
1128 2801 1211 2865 initio
1226 2800 1400 2864 codonatum
1417 2798 1461 2862 sic

302 2903 497 2989 explicaveris,
519 2909 554 2965 ut
573 2920 640 2965 cnm
656 2903 789 2983 emphasi
803 2902 930 2983 quadam
945 2903 1039 2965 efferri
1055 2904 1101 2968 dei
1116 2920 1272 2985 pomonam
1282 2903 1383 2966 dicas:
1411 2910 1459 2973 tu,

303 3007 352 3088 qni
368 3008 440 3070 deus
454 3025 486 3069 es
500 3024 535 3068 ac
547 3006 632 3086 proin
647 3004 730 3068 laeile
744 3021 861 3067 servam
875 3004 967 3068 lilium
982 3016 1109 3089 poteras,
1125 3015 1225 3069 tamen
1239 3024 1308 3069 eum
1324 3023 1384 3067 aon
1395 3022 1459 3067 ser-

302 3110 387 3172 rasti.
430 3109 468 3171 Et
482 3107 637 3187 emphasin
651 3107 737 3170 edam
753 3105 940 3170 dermannus
953 3109 1106 3190 agnovisse
1119 3110 1250 3184 videtur,
1273 3126 1366 3190 quum
1387 3125 1459 3171 oon·

304 3219 408 3274 vertat:
435 3228 491 3273 nce
509 3217 542 3272 tn
565 3209 657 3273 iecisti
680 3209 850 3273 cilicium
875 3217 991 3285 tuum,
1018 3230 1085 3276 uec
1109 3220 1265 3275 matrem
1290 3229 1398 3274 sunm
1420 3217 1461 3273 nt

303 3316 422 3377 tacere
446 3312 574 3393 possit
599 3312 800 3376 adinrabis.
844 3311 960 3376 llallem
986 3322 1095 3387 tamen,
1121 3314 1231 3396 inquit,
1257 3314 1331 3377 liber
1355 3313 1459 3395 aliquis

303 3416 457 3498 praeberet
472 3403 510 3490 ύς
532 3404 609 3492 oir’,
632 3422 662 3477 et
676 3414 825 3479 hebraeus
841 3434 959 3498 quoque
976 3409 1013 3491 ὅς
1036 3406 1062 3495 7'
1085 3406 1151 3479 oi‘s’
1162 3417 1264 3489 suasit,
1280 3435 1370 3499 quam
1385 3431 1455 3478 eon-

303 3518 445 3581 iecluram
459 3516 628 3581 lladbamus
648 3516 893 3598 elegantissimam
914 3518 991 3582 dicit.
1037 3520 1102 3585 Non
1120 3519 1286 3582 intercedo:
1308 3519 1400 3582 miror
1413 3525 1458 3581 la-

303 3639 372 3684 men
387 3619 498 3684 nemini
517 3619 550 3682 in
570 3627 701 3681 mentem
724 3621 840 3683 venisse
860 3609 924 3682 citc'
947 3610 1014 3684 σύν.
1058 3622 1132 3684 Nam
1154 3622 1180 3683 si
1199 3621 1291 3684 semel
1306 3639 1322 3683 a
1336 3619 1459 3683 librariis

303 3714 372 3805 σύγ’
392 3742 447 3805 pro
470 3712 538 3785 ol‘r’
559 3722 701 3803 scriptum
716 3741 780 3785 esse
796 3740 906 3796 sumas,
928 3739 1050 3786 neeesse
1068 3723 1125 3786 luit
1147 3726 1234 3786 etiam
1253 3740 1382 3805 sequens
1405 3708 1460 3785 σύν

303 3829 333 3891 in
355 3818 415 3890 ούκ
435 3824 553 3888 mauri
605 3824 798 3906 Aptissimum
819 3834 897 3888 carte
917 3826 948 3887 in
967 3827 1024 3889 hoc
1042 3834 1181 3890 contextu
1201 3815 1268 3888 otc'
1290 3812 1347 3890 σύν
1367 3824 1460 3888 ruisse

303 3948 392 3992 nemo
406 3926 586 3991 diffitebitur.
631 3926 1004 4006 tritennarium:
1034 3920 1073 3991 ού
1094 3924 1155 4007 μὲν
1177 3925 1278 3990 καλὸν
1299 3920 1460 4009 ύπὲρβιοι

305 4023 539 4109 ιύχιταᾶσθαι·
567 4019 633 4093 ούτ’
661 4015 719 4090 ούν
746 4022 933 4112 παρδάλιος
958 4025 1078 4093 τόσσοι
1103 4025 1201 4109 μένος
1221 4021 1297 4093 σύτο
1317 4023 1459 4104 λέοντος.

303 4135 371 4196 Eur.
403 4133 491 4195 andr.
523 4152 548 4193 v.
579 4131 656 4195 327:
686 4125 744 4193 sul
772 4128 900 4213 γυναικὶ
927 4128 1078 4210 δυστυχεῖ
1105 4128 1204 4217 δούλῃ
1231 4125 1391 4215 κατέστης
1412 4123 1461 4206 οἷς

304 4225 410 4317 u'yeis‘·
434 4225 493 4299 ούκ
517 4226 601 4313 ύξιῶ
622 4223 688 4299 olr'r'
712 4220 768 4297 σύν
789 4230 828 4299 σὲ
855 4234 974 4317 Τροίας
997 4225 1072 4298 σύτο
1093 4236 1156 4298 σού
1183 4227 1303 4318 Τροίην
1324 4227 1385 4297 ἔτι.
1423 4234 1461 4295 Et

303 4339 397 4402 slede
412 4348 479 4403 octo
493 4338 685 4411 sibilantibus,
701 4355 827 4420 quarum
842 4339 1073 4402 cumulationem
1088 4337 1220 4419 Euripidi
1233 4356 1250 4400 a
1265 4335 1387 4400 comicis
1407 4355 1459 4399 ea·

304 4442 436 4526 probrari
458 4442 573 4506 solitam
593 4441 718 4522 legimns
738 4442 806 4518 (vid.
834 4440 962 4503 Elmslci.
985 4443 1021 4503 ad
1046 4440 1121 4502 bled.
1149 4461 1176 4501 v.
1203 4439 1274 4502 463.
1298 4439 1396 4501 Meni.
1423 4438 1460 4502 ad
