3222 5148
654 467 828 565 nn.

169 660 285 732 vellent,
300 658 427 722 mundos
443 676 536 738 eoque
550 656 717 739 spectaculo
732 657 827 719 otium
841 672 929 717 suum
946 653 1091 717 oblectare
1106 660 1238 735 possent,
1254 662 1334 717 cete·

169 783 237 827 rum
253 763 337 825 bonis
353 762 535 824 abundarent
551 761 704 834 omnibus,
726 777 801 841 quae
821 758 858 820 ad
880 757 1053 837 explendam
1074 775 1223 819 summam
1238 757 1335 821 beati-

168 866 303 929 tudinem
317 864 507 947 pertinerent.
531 862 682 935 Quaenam
697 880 766 925 vero
782 870 811 924 et
826 861 909 924 cuius
924 860 1039 941 generis
1055 860 1128 923 baec
1142 861 1219 923 bona
1235 867 1336 923 essent

170 969 340 1052 explicatius
355 967 392 1030 ab
409 966 536 1048 Epicuro
552 965 664 1028 dictum
680 983 744 1027 esse
767 983 828 1026 non
851 964 954 1027 credo:
976 964 1149 1026 adversariis
1170 973 1286 1038 autem,
1310 964 1335 1026 si

169 1071 314 1135 instarent
333 1089 367 1132 ac
386 1071 422 1131 de
443 1067 515 1130 cibis
535 1069 661 1130 tortasse
681 1069 804 1130 deonrm
827 1075 857 1131 et
877 1066 1046 1152 potionibus
1062 1066 1184 1148 aliisque
1198 1066 1228 1129 id
1243 1083 1335 1147 genus

170 1175 275 1250 rebus,
297 1173 403 1255 quibus
417 1172 574 1234 hominurn
589 1171 739 1234 beatitudo
757 1189 854 1234 carere
869 1189 928 1232 non
944 1177 1058 1251 potest,
1075 1178 1263 1249 quaererent,
1286 1186 1334 1229 re-

170 1279 315 1360 spondere
329 1276 413 1339 facile
429 1276 537 1357 potuit,
558 1275 633 1337 nihil
653 1274 769 1337 obstare
790 1293 849 1354 quo
865 1274 964 1335 minus
978 1273 1067 1335 etiam
1084 1271 1114 1333 in
1129 1270 1335 1333 intermundiis

170 1399 218 1443 res
239 1380 348 1442 multae
370 1387 458 1460 atque
479 1397 620 1441 amoenae
640 1397 706 1440 esse
726 1376 931 1450 crederentur,
954 1374 1059 1439 diversi
1082 1373 1200 1454 quidem
1221 1372 1336 1454 generis

138 1503 144 1515 ·
170 1480 266 1556 abiis,
282 1482 388 1563 quibus
404 1482 540 1544 homines
555 1482 711 1556 linuntur,
734 1480 785 1543 sed
801 1479 1040 1543 accommodatae
1056 1478 1091 1539 ad
1108 1477 1231 1539 deorum
1247 1485 1351 1563 natu-U

170 1603 234 1647 ram
249 1586 516 1667 quasicorpoream.
551 1583 593 1646 Ile
607 1584 765 1647 virtutibus
780 1592 890 1654 autem,
912 1581 937 1642 si
952 1581 1018 1663 quis
1033 1580 1069 1642 de
1083 1580 1130 1641 hia
1146 1598 1266 1660 quoquo
1281 1578 1336 1641 sibi

169 1689 314 1751 rationem
330 1687 413 1751 reddi
434 1693 585 1769 posceret,
608 1687 638 1748 in
660 1694 801 1767 promptu
822 1691 886 1748 erat
907 1684 976 1766 quid
998 1684 1206 1764 responderet,
1229 1700 1336 1762 nempe

170 1791 304 1853 assentiri
317 1809 349 1851 se
365 1790 484 1870 quidem
500 1789 672 1852 adversariis
686 1790 805 1852 beatum
821 1789 884 1851 sine
897 1788 1004 1850 virtute
1014 1787 1165 1851 neminem
1179 1804 1252 1858 esse,
1265 1784 1336 1847 illud

170 1901 270 1953 tamen
284 1910 346 1953 non
360 1911 447 1972 posse
462 1893 632 1967 concedere,
654 1899 688 1954 ut
702 1892 737 1955 ad
753 1892 918 1955 humanum
935 1890 1090 1953 modulum
1106 1890 1230 1951 deorum
1245 1888 1335 1950 vitam

171 1995 345 2056 metirentur
359 2013 454 2074 neque
468 1994 538 2056 alias
553 2013 643 2075 quam
659 1995 766 2077 quibus
782 1994 917 2056 homines
932 1993 976 2055 uti
991 1993 1099 2056 debent
1114 1993 1144 2053 in
1156 1992 1201 2053 dis
1213 1991 1334 2052 virtutes

171 2116 236 2159 esse
251 2115 340 2178 posse
356 2103 527 2159 statuerent.
562 2097 691 2160 Omnino
714 2096 959 2178 acquiescendum
982 2095 1038 2157 sibi
1052 2094 1144 2157 videri
1159 2094 1190 2156 in
1205 2114 1241 2156 eo
1258 2093 1335 2175 quod

170 2207 320 2262 constaret
334 2202 487 2262 communi
503 2218 650 2262 consensu
665 2201 947 2279 confirmareturque
958 2206 1036 2261 recta
1048 2198 1171 2269 ratione,
1186 2216 1253 2258 esse
1264 2196 1336 2258 deos

170 2290 266 2364 torma
285 2303 414 2364 humana
433 2302 595 2385 praeditos,
619 2322 743 2384 corpore
764 2312 867 2365 umen
887 2303 923 2365 ab
943 2301 1080 2364 humanis
1102 2300 1275 2383 corporibus
1297 2299 1337 2360 ita

170 2404 295 2478 diverso,
307 2413 341 2468 ut
353 2424 414 2468 non
425 2405 524 2489 inepte
535 2405 743 2486 quasi-corpus
755 2412 872 2468 tantum
885 2424 948 2467 esse
962 2405 1115 2479 diceretur,
1131 2420 1220 2484 porro
1235 2401 1336 2463 beatos

169 2526 235 2569 esse
254 2514 284 2568 ct
303 2507 485 2569 immortales
504 2508 694 2588 fruentesque
716 2508 804 2588 igitur
825 2505 962 2570 omnibus
984 2507 1084 2580 bonis,
1108 2524 1183 2588 quae
1204 2513 1326 2568 naturae

169 2629 273 2671 eorum
296 2609 517 2672 accommodata
538 2620 639 2672 essent
662 2617 691 2671 et
717 2609 753 2672 ad
781 2609 990 2672 beatitudinem
1013 2628 1118 2672 eorum
1141 2595 1334 2691 pertinerent

170 2713 249 2776 Haec
259 2714 346 2794 igitur
360 2732 392 2776 se
408 2714 531 2788 docere3
547 2713 661 2794 longius
676 2719 774 2774 autem
790 2713 927 2792 progredi
941 2720 972 2774 et
986 2712 1022 2773 de
1034 2711 1155 2792 singulis
1167 2712 1333 2794 quibusque

170 2815 273 2889 rebus,
305 2836 380 2897 quae
408 2823 459 2878 aut
480 2824 600 2896 agerent
622 2815 651 2876 di
673 2824 723 2876 aut
745 2815 854 2896 quibus
876 2815 1060 2891 truerentur,
1083 2832 1224 2896 quaerere
1245 2814 1333 2888 nolle,

172 2919 411 3000 quandoquidem
426 2919 569 2999 pervideri
583 2919 655 2981 haec
669 2925 699 2980 et
712 2918 824 2999 liquido
838 2917 1035 2980 demonstrari
1050 2917 1233 2978 nullomodo
1249 2912 1337 2999 posse

172 3020 353 3102 intelligeret.
387 3021 621 3084 Permittendum
642 3021 731 3102 igitur
750 3029 783 3083 ut
798 3023 834 3082 de
848 3021 904 3094 his,
925 3039 1000 3101 quae
1014 3019 1082 3081 sciri
1097 3018 1263 3100 nequirent,
1278 3037 1333 3099 pro

173 3142 228 3185 suo
243 3124 368 3205 quisque
383 3133 470 3206 captu
486 3126 565 3207 quod
581 3125 708 3187 maxime
725 3122 873 3207 probabile
888 3130 918 3185 et
932 3142 1000 3186 cunr
1014 3123 1058 3197 iis,
1080 3122 1117 3184 de
1132 3121 1239 3202 quibem
1255 3125 1334 3182 certo

177 3234 334 3299 constaret,
350 3235 581 3290 consentaneum
597 3227 752 3300 rideretur,
767 3245 803 3288 ex
818 3227 984 3289 coniectura
998 3243 1098 3288 secum
1112 3225 1174 3307 ipse
1185 3229 1335 3285 statueret.

255 3331 290 3391 ln
305 3330 350 3392 bis
365 3338 482 3406 autem,
497 3350 572 3411 quae
588 3330 656 3393 sciri
670 3349 704 3391 ac
719 3329 832 3392 definiri
847 3331 1018 3411 nequirent,
1033 3347 1152 3391 sommo
1167 3327 1231 3389 iure
1245 3325 1334 3388 etiam

171 3448 329 3493 numerum
345 3432 470 3495 deorum
486 3452 550 3495 esse
566 3432 688 3494 dicebat.
712 3431 813 3511 Neque
828 3432 906 3493 enim
918 3433 1063 3495 rationem
1077 3450 1152 3505 esse,
1164 3449 1226 3504 cur,
1242 3448 1335 3511 quum

170 3532 273 3593 mnndi
288 3532 517 3598 innumerabiles
532 3540 649 3609 essent,
671 3535 797 3596 deorum
818 3534 849 3596 in
869 3535 1074 3599 intermundiis
1095 3533 1254 3597 multitudo
1275 3551 1336 3596 non

170 3635 243 3697 item
258 3635 478 3700 innumerabilis
494 3658 558 3701 esse
576 3640 760 3712 crederetur,
780 3656 877 3718 neque
896 3639 1021 3701 visiones
1043 3640 1168 3702 deorum
1190 3657 1241 3719 per
1261 3638 1335 3699 ima-

170 3738 252 3819 gines
267 3737 374 3800 animis
389 3741 502 3803 oblatas
517 3742 663 3804 eiusmodi
677 3760 755 3814 esse,
771 3748 806 3802 ut
820 3741 856 3802 ad
871 3759 1030 3804 numerum
1046 3748 1247 3804 cernerentur.
1273 3740 1337 3801 lloc

170 3840 296 3902 Velleius
311 3839 381 3901 dicit
396 3843 472 3922 apud
485 3843 655 3905 Ciceronem
672 3863 696 3905 c.
713 3843 760 3915 19,
774 3843 832 3918 493
846 3861 942 3923 neque
958 3844 1041 3906 aliter
1053 3844 1212 3924 Epicurum
1228 3843 1336 3906 dixisse

169 3942 296 4007 arbitror
316 3944 392 4024 apud
409 3944 567 4024 Diogenem
583 3945 618 4019 X,
634 3945 703 4018 139,
727 3963 908 4026 quamquam
922 3946 971 4008 hic
982 3946 1063 4008 locus
1079 3946 1265 4008 librariorum
1287 3963 1335 4007 er·

169 4066 237 4111 rore
252 4048 282 4110 in
298 4047 473 4110 contrariam
488 4048 663 4109 sententiam
685 4054 841 4127 corruptus
853 4054 884 4108 et
897 4048 1065 4110 coniectura
1078 4048 1110 4109 in
1124 4048 1272 4129 integrum
1286 4066 1336 4111 re·

170 4150 337 4213 stituendus
353 4161 407 4212 est.
453 4150 512 4213 Sed
530 4150 589 4212 hoc
610 4157 711 4230 postea
729 4148 907 4213 ridebimus:
929 4168 1009 4214 nunc
1026 4158 1125 4214 autem
1141 4151 1229 4214 Vellei
1248 4151 1336 4215 rerba
1404 4160 1407 4167 ’

170 4254 432 4329 considerabimus,
447 4254 478 4316 in
497 4254 606 4335 quibus
621 4251 690 4314 illud
707 4250 842 4331 quidem,
869 4255 949 4333 quod
970 4254 1000 4315 di
1019 4254 1055 4316 ad
1077 4272 1236 4316 numerum
1256 4255 1337 4316 cerni

170 4365 328 4437 negantur,
343 4358 546 4439 agnoscimus,
562 4356 675 4437 reliqua
690 4361 789 4416 autem
805 4371 866 4415 non
881 4356 972 4417 modo
988 4356 1167 4437 perobscura
1181 4357 1233 4417 sed
1247 4356 1337 4418 etiam

168 4457 213 4520 sic
232 4467 401 4539 comparata
419 4469 503 4535 sunt,
523 4467 558 4522 ut
579 4478 678 4524 reram
693 4456 811 4539 Epicuri
827 4458 1003 4521 sententiam
1024 4458 1135 4522 referre
1149 4458 1240 4521 videri
1255 4459 1336 4521 nullo
