<?xml version="1.0" encoding="UTF-8"?>
<!DOCTYPE html PUBLIC "-//W3C//DTD XHTML 1.0 Transitional//EN"
    "http://www.w3.org/TR/xhtml1/DTD/xhtml1-transitional.dtd">
<html xmlns="http://www.w3.org/1999/xhtml" xml:lang="en" lang="en">
 <head>
  <title>
</title>
<meta http-equiv="Content-Type" content="text/html;charset=utf-8" />
  <meta name='ocr-system' content='tesseract 3.04.00' />
  <meta name='ocr-capabilities' content='ocr_page ocr_carea ocr_par ocr_line ocrx_word'/>
</head>
<body>
  <div class='ocr_page' id='page_1' title='image "./opusculaacademi00schogoog_0526.png"; bbox 0 0 3290 5142; ppageno 0'>
   <div class='ocr_carea' id='block_1_1' title="bbox 733 484 753 546">
    <p class='ocr_par' dir='ltr' id='par_1_1' title="bbox 733 484 753 546">
     <span class='ocr_line' id='line_1_1' title="bbox 733 484 753 546; baseline 0 0"><span class='ocrx_word' id='word_1_1' title='bbox 733 484 753 546; x_wconf 90' lang='grc'><strong>7</strong></span> 
     </span>
    </p>
   </div>
   <div class='ocr_carea' id='block_1_2' title="bbox 159 668 1323 960">
    <p class='ocr_par' dir='ltr' id='par_1_2' title="bbox 159 668 1323 960">
     <span class='ocr_line' id='line_1_2' title="bbox 159 668 1322 756; baseline -0.003 -19"><span class='ocrx_word' id='word_1_2' title='bbox 159 679 242 738; x_wconf 75' lang='lat' dir='ltr'><strong>unte</strong></span> <span class='ocrx_word' id='word_1_3' title='bbox 257 672 374 738; x_wconf 90' lang='lat' dir='ltr'><strong>honore</strong></span> <span class='ocrx_word' id='word_1_4' title='bbox 386 676 581 756; x_wconf 68' lang='lat' dir='ltr'><strong>praestarent.</strong></span> <span class='ocrx_word' id='word_1_5' title='bbox 595 706 638 718; x_wconf 93' lang='lat'><em>-</em></span> <span class='ocrx_word' id='word_1_6' title='bbox 652 670 711 734; x_wconf 88' lang='lat' dir='ltr'><strong>Sed</strong></span> <span class='ocrx_word' id='word_1_7' title='bbox 726 676 918 754; x_wconf 87' lang='lat' dir='ltr'><strong>posteaquam</strong></span> <span class='ocrx_word' id='word_1_8' title='bbox 932 668 1041 751; x_wconf 87' lang='lat' dir='ltr'><strong>ubique</strong></span> <span class='ocrx_word' id='word_1_9' title='bbox 1056 668 1148 733; x_wconf 89' lang='lat' dir='ltr'><strong>autin</strong></span> <span class='ocrx_word' id='word_1_10' title='bbox 1159 686 1322 752; x_wconf 88' lang='lat' dir='ltr'><strong>paucorum</strong></span> 
     </span>
     <span class='ocr_line' id='line_1_3' title="bbox 160 772 1323 858; baseline -0.004 -19"><span class='ocrx_word' id='word_1_11' title='bbox 160 776 256 840; x_wconf 88' lang='lat' dir='ltr'><strong>autin</strong></span> <span class='ocrx_word' id='word_1_12' title='bbox 271 774 467 839; x_wconf 76' lang='lat' dir='ltr'>multitudinis</span> <span class='ocrx_word' id='word_1_13' title='bbox 481 781 629 856; x_wconf 72' lang='lat' dir='ltr'><strong>potestate</strong></span> <span class='ocrx_word' id='word_1_14' title='bbox 651 774 829 858; x_wconf 88' lang='lat' dir='ltr'><strong>respublica</strong></span> <span class='ocrx_word' id='word_1_15' title='bbox 845 776 916 850; x_wconf 86' lang='lat' dir='ltr'><strong>init,</strong></span> <span class='ocrx_word' id='word_1_16' title='bbox 938 774 1028 836; x_wconf 91' lang='lat' dir='ltr'><strong>nimis</strong></span> <span class='ocrx_word' id='word_1_17' title='bbox 1047 773 1106 835; x_wconf 88' lang='lat' dir='ltr'><strong>cito</strong></span> <span class='ocrx_word' id='word_1_18' title='bbox 1126 772 1246 853; x_wconf 79' lang='lat' dir='ltr'><strong>intelligi</strong></span> <span class='ocrx_word' id='word_1_19' title='bbox 1265 791 1323 853; x_wconf 94' lang='lat' dir='ltr'><strong>po-</strong></span> 
     </span>
     <span class='ocr_line' id='line_1_4' title="bbox 159 874 1323 960; baseline -0.006 -19"><span class='ocrx_word' id='word_1_20' title='bbox 159 879 230 953; x_wconf 84' lang='lat' dir='ltr'><strong>tuit,</strong></span> <span class='ocrx_word' id='word_1_21' title='bbox 251 896 349 960; x_wconf 90' lang='lat' dir='ltr'><strong>neque</strong></span> <span class='ocrx_word' id='word_1_22' title='bbox 369 880 501 953; x_wconf 74' lang='lat' dir='ltr'><strong>illem,</strong></span> <span class='ocrx_word' id='word_1_23' title='bbox 524 879 576 959; x_wconf 90' lang='lat' dir='ltr'><strong>qni</strong></span> <span class='ocrx_word' id='word_1_24' title='bbox 595 897 628 941; x_wconf 88' lang='lat' dir='ltr'><strong>se</strong></span> <span class='ocrx_word' id='word_1_25' title='bbox 650 879 780 960; x_wconf 90' lang='lat' dir='ltr'><strong>optimos</strong></span> <span class='ocrx_word' id='word_1_26' title='bbox 799 878 860 941; x_wconf 88' lang='lat' dir='ltr'><strong>sive</strong></span> <span class='ocrx_word' id='word_1_27' title='bbox 883 877 1040 959; x_wconf 80' lang='lat' dir='ltr'><strong>optimates</strong></span> <span class='ocrx_word' id='word_1_28' title='bbox 1060 874 1206 948; x_wconf 87' lang='lat' dir='ltr'><strong>dicerent,</strong></span> <span class='ocrx_word' id='word_1_29' title='bbox 1224 891 1323 955; x_wconf 90' lang='lat' dir='ltr'><strong>neque</strong></span> 
     </span>
    </p>
   </div>
   <div class='ocr_carea' id='block_1_3' title="bbox 153 977 1322 4034">
    <p class='ocr_par' dir='ltr' id='par_1_3' title="bbox 153 977 1322 4034">
     <span class='ocr_line' id='line_1_5' title="bbox 160 977 1322 1064; baseline -0.004 -20"><span class='ocrx_word' id='word_1_30' title='bbox 160 998 274 1057; x_wconf 81' lang='lat' dir='ltr'><strong>eorum,</strong></span> <span class='ocrx_word' id='word_1_31' title='bbox 289 982 341 1063; x_wconf 87' lang='lat' dir='ltr'><strong>qui</strong></span> <span class='ocrx_word' id='word_1_32' title='bbox 355 982 510 1064; x_wconf 89' lang='lat' dir='ltr'><strong>populares</strong></span> <span class='ocrx_word' id='word_1_33' title='bbox 525 981 750 1062; x_wconf 81' lang='lat' dir='ltr'><strong>appellarentur,</strong></span> <span class='ocrx_word' id='word_1_34' title='bbox 773 986 825 1043; x_wconf 90' lang='lat' dir='ltr'><strong>aut</strong></span> <span class='ocrx_word' id='word_1_35' title='bbox 843 980 998 1062; x_wconf 89' lang='lat' dir='ltr'><strong>pmdentia</strong></span> <span class='ocrx_word' id='word_1_36' title='bbox 1018 983 1070 1041; x_wconf 89' lang='lat' dir='ltr'><strong>aut</strong></span> <span class='ocrx_word' id='word_1_37' title='bbox 1089 977 1195 1041; x_wconf 88' lang='lat' dir='ltr'><strong>virtute</strong></span> <span class='ocrx_word' id='word_1_38' title='bbox 1213 977 1322 1040; x_wconf 80' lang='lat' dir='ltr'><strong>curtim</strong></span> 
     </span>
     <span class='ocr_line' id='line_1_6' title="bbox 159 1079 1321 1164; baseline 0.001 -19"><span class='ocrx_word' id='word_1_39' title='bbox 159 1101 194 1145; x_wconf 90' lang='lat' dir='ltr'><strong>ac</strong></span> <span class='ocrx_word' id='word_1_40' title='bbox 212 1083 359 1158; x_wconf 80' lang='lat' dir='ltr'><strong>stabilius,</strong></span> <span class='ocrx_word' id='word_1_41' title='bbox 382 1101 470 1164; x_wconf 83' lang='lat' dir='ltr'><strong>quam</strong></span> <span class='ocrx_word' id='word_1_42' title='bbox 489 1082 577 1147; x_wconf 89' lang='lat' dir='ltr'><strong>unius</strong></span> <span class='ocrx_word' id='word_1_43' title='bbox 597 1083 650 1145; x_wconf 86' lang='lat' dir='ltr'><strong>viri</strong></span> <span class='ocrx_word' id='word_1_44' title='bbox 664 1083 788 1164; x_wconf 88' lang='lat' dir='ltr'><strong>imperio</strong></span> <span class='ocrx_word' id='word_1_45' title='bbox 802 1084 959 1147; x_wconf 76' lang='lat' dir='ltr'><strong>fundatum</strong></span> <span class='ocrx_word' id='word_1_46' title='bbox 974 1100 1040 1145; x_wconf 88' lang='lat' dir='ltr'><strong>csse</strong></span> <span class='ocrx_word' id='word_1_47' title='bbox 1053 1081 1097 1143; x_wconf 88' lang='lat' dir='ltr'><strong>rei</strong></span> <span class='ocrx_word' id='word_1_48' title='bbox 1111 1079 1244 1162; x_wconf 89' lang='lat' dir='ltr'><strong>publicae</strong></span> <span class='ocrx_word' id='word_1_49' title='bbox 1259 1088 1321 1146; x_wconf 90' lang='lat' dir='ltr'><strong>sta·</strong></span> 
     </span>
     <span class='ocr_line' id='line_1_7' title="bbox 157 1183 1322 1267; baseline -0.002 -19"><span class='ocrx_word' id='word_1_50' title='bbox 157 1193 239 1261; x_wconf 89' lang='lat' dir='ltr'><strong>tum,</strong></span> <span class='ocrx_word' id='word_1_51' title='bbox 264 1186 552 1267; x_wconf 73' lang='lat' dir='ltr'><strong>innumerabilesque</strong></span> <span class='ocrx_word' id='word_1_52' title='bbox 580 1185 705 1248; x_wconf 83' lang='lat' dir='ltr'><strong>existere</strong></span> <span class='ocrx_word' id='word_1_53' title='bbox 732 1185 846 1249; x_wconf 76' lang='lat' dir='ltr'><strong>duddi</strong></span> <span class='ocrx_word' id='word_1_54' title='bbox 872 1192 960 1267; x_wconf 91' lang='lat' dir='ltr'><strong>atque</strong></span> <span class='ocrx_word' id='word_1_55' title='bbox 988 1183 1185 1247; x_wconf 76' lang='lat' dir='ltr'><strong>ceruminum</strong></span> <span class='ocrx_word' id='word_1_56' title='bbox 1210 1200 1322 1257; x_wconf 77' lang='lat' dir='ltr'><strong>caussa,</strong></span> 
     </span>
     <span class='ocr_line' id='line_1_8' title="bbox 158 1281 1322 1370; baseline -0.001 -19"><span class='ocrx_word' id='word_1_57' title='bbox 158 1306 252 1370; x_wconf 91' lang='lat' dir='ltr'><strong>quum</strong></span> <span class='ocrx_word' id='word_1_58' title='bbox 267 1307 300 1351; x_wconf 89' lang='lat' dir='ltr'><strong>se</strong></span> <span class='ocrx_word' id='word_1_59' title='bbox 315 1289 440 1370; x_wconf 88' lang='lat' dir='ltr'><strong>quisque</strong></span> <span class='ocrx_word' id='word_1_60' title='bbox 455 1288 602 1363; x_wconf 87' lang='lat' dir='ltr'><strong>extollere,</strong></span> <span class='ocrx_word' id='word_1_61' title='bbox 618 1287 701 1350; x_wconf 89' lang='lat' dir='ltr'><strong>alteri</strong></span> <span class='ocrx_word' id='word_1_62' title='bbox 721 1287 829 1351; x_wconf 87' lang='lat' dir='ltr'><strong>alteros</strong></span> <span class='ocrx_word' id='word_1_63' title='bbox 851 1288 1021 1370; x_wconf 84' lang='lat' dir='ltr'><strong>opprimere</strong></span> <span class='ocrx_word' id='word_1_64' title='bbox 1040 1291 1232 1361; x_wconf 89' lang='lat' dir='ltr'><strong>conarentur,</strong></span> <span class='ocrx_word' id='word_1_65' title='bbox 1251 1281 1322 1350; x_wconf 84' lang='lat' dir='ltr'><strong>mox</strong></span> 
     </span>
     <span class='ocr_line' id='line_1_9' title="bbox 158 1388 1321 1472; baseline -0.001 -20"><span class='ocrx_word' id='word_1_66' title='bbox 158 1391 311 1472; x_wconf 78' lang='lat' dir='ltr'><strong>pauciores</strong></span> <span class='ocrx_word' id='word_1_67' title='bbox 336 1391 480 1472; x_wconf 91' lang='lat' dir='ltr'><strong>populum</strong></span> <span class='ocrx_word' id='word_1_68' title='bbox 508 1389 564 1453; x_wconf 91' lang='lat' dir='ltr'><strong>sibi</strong></span> <span class='ocrx_word' id='word_1_69' title='bbox 588 1388 732 1454; x_wconf 90' lang='lat' dir='ltr'><strong>subiicere</strong></span> <span class='ocrx_word' id='word_1_70' title='bbox 749 1397 839 1471; x_wconf 78' lang='lat' dir='ltr'><strong>atqsm</strong></span> <span class='ocrx_word' id='word_1_71' title='bbox 859 1389 1020 1453; x_wconf 89' lang='lat' dir='ltr'><strong>obnoxium</strong></span> <span class='ocrx_word' id='word_1_72' title='bbox 1040 1388 1138 1451; x_wconf 86' lang='lat' dir='ltr'><strong>iacere</strong></span> <span class='ocrx_word' id='word_1_73' title='bbox 1159 1388 1321 1463; x_wconf 85' lang='lat' dir='ltr'><strong>studerent,</strong></span> 
     </span>
     <span class='ocr_line' id='line_1_10' title="bbox 158 1489 1321 1575; baseline -0.002 -20"><span class='ocrx_word' id='word_1_74' title='bbox 158 1511 229 1556; x_wconf 90' lang='lat' dir='ltr'><strong>mox</strong></span> <span class='ocrx_word' id='word_1_75' title='bbox 243 1493 370 1575; x_wconf 91' lang='lat' dir='ltr'><strong>populus</strong></span> <span class='ocrx_word' id='word_1_76' title='bbox 385 1492 528 1555; x_wconf 83' lang='lat' dir='ltr'><strong>invideret</strong></span> <span class='ocrx_word' id='word_1_77' title='bbox 540 1510 703 1574; x_wconf 87' lang='lat' dir='ltr'><strong>paucorum</strong></span> <span class='ocrx_word' id='word_1_78' title='bbox 723 1491 829 1574; x_wconf 91' lang='lat' dir='ltr'><strong>opibus</strong></span> <span class='ocrx_word' id='word_1_79' title='bbox 849 1498 937 1572; x_wconf 89' lang='lat' dir='ltr'><strong>atque</strong></span> <span class='ocrx_word' id='word_1_80' title='bbox 957 1489 1113 1570; x_wconf 83' lang='lat' dir='ltr'><strong>exaequari</strong></span> <span class='ocrx_word' id='word_1_81' title='bbox 1133 1495 1164 1551; x_wconf 90' lang='lat' dir='ltr'><strong>et</strong></span> <span class='ocrx_word' id='word_1_82' title='bbox 1183 1506 1321 1553; x_wconf 90' lang='lat' dir='ltr'><strong>commu-</strong></span> 
     </span>
     <span class='ocr_line' id='line_1_11' title="bbox 157 1592 1321 1676; baseline -0.002 -19"><span class='ocrx_word' id='word_1_83' title='bbox 157 1594 249 1657; x_wconf 89' lang='lat' dir='ltr'><strong>nicari</strong></span> <span class='ocrx_word' id='word_1_84' title='bbox 263 1612 331 1657; x_wconf 88' lang='lat' dir='ltr'><strong>cum</strong></span> <span class='ocrx_word' id='word_1_85' title='bbox 347 1594 484 1657; x_wconf 86' lang='lat' dir='ltr'><strong>omnibus</strong></span> <span class='ocrx_word' id='word_1_86' title='bbox 500 1595 598 1657; x_wconf 87' lang='lat' dir='ltr'><strong>emnia</strong></span> <span class='ocrx_word' id='word_1_87' title='bbox 619 1602 747 1676; x_wconf 88' lang='lat' dir='ltr'><strong>cuperet.</strong></span> <span class='ocrx_word' id='word_1_88' title='bbox 782 1593 858 1656; x_wconf 85' lang='lat' dir='ltr'><strong>llinc</strong></span> <span class='ocrx_word' id='word_1_89' title='bbox 876 1594 908 1656; x_wconf 91' lang='lat' dir='ltr'><strong>iu</strong></span> <span class='ocrx_word' id='word_1_90' title='bbox 927 1594 1010 1656; x_wconf 93' lang='lat' dir='ltr'><strong>omni</strong></span> <span class='ocrx_word' id='word_1_91' title='bbox 1028 1593 1143 1656; x_wconf 81' lang='lat' dir='ltr'><strong>civitate</strong></span> <span class='ocrx_word' id='word_1_92' title='bbox 1164 1592 1268 1655; x_wconf 84' lang='lat' dir='ltr'><strong>turbae</strong></span> <span class='ocrx_word' id='word_1_93' title='bbox 1287 1611 1321 1655; x_wconf 89' lang='lat' dir='ltr'><strong>ac</strong></span> 
     </span>
     <span class='ocr_line' id='line_1_12' title="bbox 158 1694 1322 1778; baseline -0.004 -17"><span class='ocrx_word' id='word_1_94' title='bbox 158 1697 316 1761; x_wconf 87' lang='lat' dir='ltr'><strong>seditiones</strong></span> <span class='ocrx_word' id='word_1_95' title='bbox 330 1696 555 1778; x_wconf 88' lang='lat' dir='ltr'><strong>rempublicam</strong></span> <span class='ocrx_word' id='word_1_96' title='bbox 570 1696 780 1771; x_wconf 76' lang='lat' dir='ltr'><strong>diebahebant,</strong></span> <span class='ocrx_word' id='word_1_97' title='bbox 794 1696 842 1759; x_wconf 88' lang='lat' dir='ltr'><strong>oui</strong></span> <span class='ocrx_word' id='word_1_98' title='bbox 856 1695 935 1759; x_wconf 87' lang='lat' dir='ltr'><strong>maio</strong></span> <span class='ocrx_word' id='word_1_99' title='bbox 954 1713 1049 1777; x_wconf 82' lang='lat' dir='ltr'><strong>quum</strong></span> <span class='ocrx_word' id='word_1_100' title='bbox 1069 1694 1177 1776; x_wconf 88' lang='lat' dir='ltr'><strong>aliquid</strong></span> <span class='ocrx_word' id='word_1_101' title='bbox 1197 1694 1322 1757; x_wconf 90' lang='lat' dir='ltr'><strong>remedii</strong></span> 
     </span>
     <span class='ocr_line' id='line_1_13' title="bbox 158 1798 1320 1881; baseline -0.002 -19"><span class='ocrx_word' id='word_1_102' title='bbox 158 1800 441 1880; x_wconf 85' lang='lat' dir='ltr'><strong>circumspiceretur,</strong></span> <span class='ocrx_word' id='word_1_103' title='bbox 456 1798 492 1862; x_wconf 92' lang='lat' dir='ltr'><strong>iis</strong></span> <span class='ocrx_word' id='word_1_104' title='bbox 506 1799 635 1881; x_wconf 88' lang='lat' dir='ltr'><strong>quidem,</strong></span> <span class='ocrx_word' id='word_1_105' title='bbox 651 1801 703 1881; x_wconf 89' lang='lat' dir='ltr'><strong>qni</strong></span> <span class='ocrx_word' id='word_1_106' title='bbox 714 1801 817 1862; x_wconf 88' lang='lat' dir='ltr'><strong>ceteris</strong></span> <span class='ocrx_word' id='word_1_107' title='bbox 827 1798 1034 1881; x_wconf 88' lang='lat' dir='ltr'><strong>pmdentiores</strong></span> <span class='ocrx_word' id='word_1_108' title='bbox 1047 1805 1139 1872; x_wconf 87' lang='lat' dir='ltr'><strong>erant,</strong></span> <span class='ocrx_word' id='word_1_109' title='bbox 1155 1798 1213 1859; x_wconf 88' lang='lat' dir='ltr'><strong>hcc</strong></span> <span class='ocrx_word' id='word_1_110' title='bbox 1222 1815 1320 1879; x_wconf 82' lang='lat' dir='ltr'><strong>unum</strong></span> 
     </span>
     <span class='ocr_line' id='line_1_14' title="bbox 158 1898 1320 1983; baseline -0.002 -18"><span class='ocrx_word' id='word_1_111' title='bbox 158 1902 286 1965; x_wconf 83' lang='lat' dir='ltr'><strong>maxime</strong></span> <span class='ocrx_word' id='word_1_112' title='bbox 300 1902 445 1983; x_wconf 83' lang='lat' dir='ltr'><strong>placuisse</strong></span> <span class='ocrx_word' id='word_1_113' title='bbox 458 1902 602 1976; x_wconf 90' lang='lat' dir='ltr'><strong>videmus,</strong></span> <span class='ocrx_word' id='word_1_114' title='bbox 618 1907 653 1964; x_wconf 91' lang='lat' dir='ltr'><strong>ut</strong></span> <span class='ocrx_word' id='word_1_115' title='bbox 673 1904 761 1966; x_wconf 92' lang='lat' dir='ltr'><strong>unius</strong></span> <span class='ocrx_word' id='word_1_116' title='bbox 776 1903 831 1965; x_wconf 84' lang='lat' dir='ltr'><strong>viri</strong></span> <span class='ocrx_word' id='word_1_117' title='bbox 844 1902 915 1964; x_wconf 91' lang='lat' dir='ltr'><strong>boni</strong></span> <span class='ocrx_word' id='word_1_118' title='bbox 930 1919 963 1964; x_wconf 89' lang='lat' dir='ltr'><strong>ac</strong></span> <span class='ocrx_word' id='word_1_119' title='bbox 977 1899 1117 1982; x_wconf 89' lang='lat' dir='ltr'><strong>sapientis</strong></span> <span class='ocrx_word' id='word_1_120' title='bbox 1132 1898 1254 1963; x_wconf 89' lang='lat' dir='ltr'><strong>oonsilio</strong></span> <span class='ocrx_word' id='word_1_121' title='bbox 1271 1917 1320 1963; x_wconf 89' lang='lat' dir='ltr'><strong>res</strong></span> 
     </span>
     <span class='ocr_line' id='line_1_15' title="bbox 157 2000 1318 2087; baseline -0.003 -19"><span class='ocrx_word' id='word_1_122' title='bbox 157 2005 274 2086; x_wconf 91' lang='lat' dir='ltr'><strong>publica</strong></span> <span class='ocrx_word' id='word_1_123' title='bbox 288 2004 518 2087; x_wconf 85' lang='lat' dir='ltr'><strong>permitteretur,</strong></span> <span class='ocrx_word' id='word_1_124' title='bbox 532 2022 594 2066; x_wconf 91' lang='lat' dir='ltr'><strong>non</strong></span> <span class='ocrx_word' id='word_1_125' title='bbox 614 2004 733 2085; x_wconf 90' lang='lat' dir='ltr'><strong>quidem</strong></span> <span class='ocrx_word' id='word_1_126' title='bbox 752 2010 787 2068; x_wconf 90' lang='lat' dir='ltr'><strong>ut</strong></span> <span class='ocrx_word' id='word_1_127' title='bbox 806 2012 983 2086; x_wconf 88' lang='lat' dir='ltr'><strong>perpetuum</strong></span> <span class='ocrx_word' id='word_1_128' title='bbox 1002 2002 1160 2084; x_wconf 87' lang='lat' dir='ltr'><strong>imperium</strong></span> <span class='ocrx_word' id='word_1_129' title='bbox 1179 2000 1318 2065; x_wconf 87' lang='lat' dir='ltr'><strong>haberet:</strong></span> 
     </span>
     <span class='ocr_line' id='line_1_16' title="bbox 158 2104 1319 2188; baseline -0.003 -18"><span class='ocrx_word' id='word_1_130' title='bbox 158 2108 188 2170; x_wconf 93' lang='lat' dir='ltr'><strong>id</strong></span> <span class='ocrx_word' id='word_1_131' title='bbox 204 2107 284 2170; x_wconf 88' lang='lat' dir='ltr'><strong>enim</strong></span> <span class='ocrx_word' id='word_1_132' title='bbox 305 2106 485 2170; x_wconf 84' lang='lat' dir='ltr'><strong>Graecorum</strong></span> <span class='ocrx_word' id='word_1_133' title='bbox 504 2107 627 2188; x_wconf 77' lang='lat' dir='ltr'><strong>ingeniis</strong></span> <span class='ocrx_word' id='word_1_134' title='bbox 647 2107 726 2170; x_wconf 90' lang='lat' dir='ltr'><strong>haud</strong></span> <span class='ocrx_word' id='word_1_135' title='bbox 743 2107 899 2170; x_wconf 83' lang='lat' dir='ltr'><strong>terendum</strong></span> <span class='ocrx_word' id='word_1_136' title='bbox 918 2105 1086 2180; x_wconf 80' lang='lat' dir='ltr'><strong>videbatur3</strong></span> <span class='ocrx_word' id='word_1_137' title='bbox 1110 2104 1162 2167; x_wconf 89' lang='lat' dir='ltr'><strong>sed</strong></span> <span class='ocrx_word' id='word_1_138' title='bbox 1182 2111 1216 2166; x_wconf 90' lang='lat' dir='ltr'><strong>ut</strong></span> <span class='ocrx_word' id='word_1_139' title='bbox 1235 2122 1319 2167; x_wconf 91' lang='lat' dir='ltr'><strong>com·</strong></span> 
     </span>
     <span class='ocr_line' id='line_1_17' title="bbox 158 2206 1320 2291; baseline 0 -20"><span class='ocrx_word' id='word_1_140' title='bbox 158 2215 284 2291; x_wconf 88' lang='lat' dir='ltr'><strong>poneret</strong></span> <span class='ocrx_word' id='word_1_141' title='bbox 297 2208 475 2272; x_wconf 88' lang='lat' dir='ltr'><strong>discordiam</strong></span> <span class='ocrx_word' id='word_1_142' title='bbox 490 2209 652 2272; x_wconf 89' lang='lat' dir='ltr'><strong>ordinanda</strong></span> <span class='ocrx_word' id='word_1_143' title='bbox 667 2208 779 2290; x_wconf 73' lang='lat' dir='ltr'><strong>legibus</strong></span> <span class='ocrx_word' id='word_1_144' title='bbox 797 2226 831 2270; x_wconf 90' lang='lat' dir='ltr'><strong>re</strong></span> <span class='ocrx_word' id='word_1_145' title='bbox 849 2208 967 2290; x_wconf 91' lang='lat' dir='ltr'><strong>publica</strong></span> <span class='ocrx_word' id='word_1_146' title='bbox 986 2214 1017 2270; x_wconf 90' lang='lat' dir='ltr'><strong>et</strong></span> <span class='ocrx_word' id='word_1_147' title='bbox 1035 2207 1097 2270; x_wconf 89' lang='lat' dir='ltr'><strong>suis</strong></span> <span class='ocrx_word' id='word_1_148' title='bbox 1117 2206 1223 2288; x_wconf 89' lang='lat' dir='ltr'><strong>cuique</strong></span> <span class='ocrx_word' id='word_1_149' title='bbox 1242 2206 1320 2289; x_wconf 82' lang='lat' dir='ltr'><strong>perti</strong></span> 
     </span>
     <span class='ocr_line' id='line_1_18' title="bbox 158 2308 1320 2393; baseline -0.001 -20"><span class='ocrx_word' id='word_1_150' title='bbox 158 2311 271 2374; x_wconf 85' lang='lat' dir='ltr'><strong>iuribus</strong></span> <span class='ocrx_word' id='word_1_151' title='bbox 286 2316 316 2372; x_wconf 94' lang='lat' dir='ltr'><strong>et</strong></span> <span class='ocrx_word' id='word_1_152' title='bbox 329 2310 504 2374; x_wconf 87' lang='lat' dir='ltr'><strong>muneribus</strong></span> <span class='ocrx_word' id='word_1_153' title='bbox 518 2311 728 2385; x_wconf 85' lang='lat' dir='ltr'><strong>describendis,</strong></span> <span class='ocrx_word' id='word_1_154' title='bbox 742 2320 777 2373; x_wconf 91' lang='lat' dir='ltr'><strong>ut</strong></span> <span class='ocrx_word' id='word_1_155' title='bbox 792 2328 881 2393; x_wconf 85' lang='lat' dir='ltr'><strong>quern</strong></span> <span class='ocrx_word' id='word_1_156' title='bbox 902 2311 1007 2393; x_wconf 91' lang='lat' dir='ltr'><strong>cuique</strong></span> <span class='ocrx_word' id='word_1_157' title='bbox 1028 2310 1128 2372; x_wconf 89' lang='lat' dir='ltr'><strong>locum</strong></span> <span class='ocrx_word' id='word_1_158' title='bbox 1149 2308 1179 2370; x_wconf 92' lang='lat' dir='ltr'><strong>in</strong></span> <span class='ocrx_word' id='word_1_159' title='bbox 1205 2308 1320 2372; x_wconf 74' lang='lat' dir='ltr'><strong>deitate</strong></span> 
     </span>
     <span class='ocr_line' id='line_1_19' title="bbox 158 2411 1321 2494; baseline 0 -19"><span class='ocrx_word' id='word_1_160' title='bbox 158 2420 269 2488; x_wconf 87' lang='lat' dir='ltr'><strong>tenere,</strong></span> <span class='ocrx_word' id='word_1_161' title='bbox 285 2429 361 2492; x_wconf 89' lang='lat' dir='ltr'><strong>quae</strong></span> <span class='ocrx_word' id='word_1_162' title='bbox 375 2418 523 2494; x_wconf 87' lang='lat' dir='ltr'><strong>praestare</strong></span> <span class='ocrx_word' id='word_1_163' title='bbox 538 2411 649 2488; x_wconf 74' lang='lat' dir='ltr'><strong>olida,</strong></span> <span class='ocrx_word' id='word_1_164' title='bbox 669 2413 777 2494; x_wconf 90' lang='lat' dir='ltr'><strong>quibus</strong></span> <span class='ocrx_word' id='word_1_165' title='bbox 791 2413 850 2476; x_wconf 83' lang='lat' dir='ltr'><strong>irui</strong></span> <span class='ocrx_word' id='word_1_166' title='bbox 865 2412 1029 2476; x_wconf 90' lang='lat' dir='ltr'><strong>commodis</strong></span> <span class='ocrx_word' id='word_1_167' title='bbox 1045 2411 1225 2486; x_wconf 80' lang='lat' dir='ltr'><strong>conveniret,</strong></span> <span class='ocrx_word' id='word_1_168' title='bbox 1241 2419 1321 2475; x_wconf 85' lang='lat' dir='ltr'><strong>certa</strong></span> 
     </span>
     <span class='ocr_line' id='line_1_20' title="bbox 159 2514 1319 2598; baseline 0 -21"><span class='ocrx_word' id='word_1_169' title='bbox 159 2521 189 2577; x_wconf 88' lang='lat' dir='ltr'><strong>et</strong></span> <span class='ocrx_word' id='word_1_170' title='bbox 202 2515 347 2596; x_wconf 85' lang='lat' dir='ltr'><strong>aequabili</strong></span> <span class='ocrx_word' id='word_1_171' title='bbox 361 2530 466 2577; x_wconf 89' lang='lat' dir='ltr'><strong>norma</strong></span> <span class='ocrx_word' id='word_1_172' title='bbox 486 2514 668 2578; x_wconf 86' lang='lat' dir='ltr'><strong>definiretur.</strong></span> <span class='ocrx_word' id='word_1_173' title='bbox 702 2516 740 2578; x_wconf 81' lang='lat' dir='ltr'><strong>llt</strong></span> <span class='ocrx_word' id='word_1_174' title='bbox 760 2516 893 2598; x_wconf 85' lang='lat' dir='ltr'><strong>proiecto</strong></span> <span class='ocrx_word' id='word_1_175' title='bbox 913 2515 1026 2578; x_wconf 86' lang='lat' dir='ltr'><strong>civilem</strong></span> <span class='ocrx_word' id='word_1_176' title='bbox 1046 2514 1226 2576; x_wconf 86' lang='lat' dir='ltr'><strong>Graecorum</strong></span> <span class='ocrx_word' id='word_1_177' title='bbox 1245 2531 1319 2595; x_wconf 88' lang='lat' dir='ltr'><strong>pru-</strong></span> 
     </span>
     <span class='ocr_line' id='line_1_21' title="bbox 158 2616 1318 2710; baseline -0.001 -31"><span class='ocrx_word' id='word_1_178' title='bbox 158 2617 297 2710; x_wconf 83' lang='lat' dir='ltr'><strong>dentiam,</strong></span> <span class='ocrx_word' id='word_1_179' title='bbox 312 2617 380 2680; x_wconf 81' lang='lat' dir='ltr'><strong>dcet</strong></span> <span class='ocrx_word' id='word_1_180' title='bbox 394 2617 458 2680; x_wconf 92' lang='lat' dir='ltr'><strong>aliis</strong></span> <span class='ocrx_word' id='word_1_181' title='bbox 472 2617 504 2678; x_wconf 91' lang='lat' dir='ltr'><strong>in</strong></span> <span class='ocrx_word' id='word_1_182' title='bbox 517 2618 606 2680; x_wconf 88' lang='lat' dir='ltr'><strong>rebus</strong></span> <span class='ocrx_word' id='word_1_183' title='bbox 620 2617 698 2681; x_wconf 92' lang='lat' dir='ltr'><strong>haud</strong></span> <span class='ocrx_word' id='word_1_184' title='bbox 713 2635 890 2700; x_wconf 79' lang='lat' dir='ltr'><strong>magnopere</strong></span> <span class='ocrx_word' id='word_1_185' title='bbox 902 2616 1093 2692; x_wconf 82' lang='lat' dir='ltr'><strong>admiremur,</strong></span> <span class='ocrx_word' id='word_1_186' title='bbox 1108 2617 1139 2678; x_wconf 94' lang='lat' dir='ltr'><strong>in</strong></span> <span class='ocrx_word' id='word_1_187' title='bbox 1149 2617 1318 2679; x_wconf 80' lang='lat' dir='ltr'><strong>hortamen</strong></span> 
     </span>
     <span class='ocr_line' id='line_1_22' title="bbox 157 2719 1317 2803; baseline -0.001 -20"><span class='ocrx_word' id='word_1_188' title='bbox 157 2720 334 2783; x_wconf 89' lang='lat' dir='ltr'><strong>laudandam</strong></span> <span class='ocrx_word' id='word_1_189' title='bbox 348 2726 437 2801; x_wconf 86' lang='lat' dir='ltr'><strong>atque</strong></span> <span class='ocrx_word' id='word_1_190' title='bbox 451 2719 662 2783; x_wconf 87' lang='lat' dir='ltr'><strong>recentioribus</strong></span> <span class='ocrx_word' id='word_1_191' title='bbox 684 2721 859 2802; x_wconf 87' lang='lat' dir='ltr'><strong>quibusdam</strong></span> <span class='ocrx_word' id='word_1_192' title='bbox 879 2721 996 2803; x_wconf 92' lang='lat' dir='ltr'><strong>populis</strong></span> <span class='ocrx_word' id='word_1_193' title='bbox 1016 2737 1070 2802; x_wconf 92' lang='lat' dir='ltr'><strong>pro</strong></span> <span class='ocrx_word' id='word_1_194' title='bbox 1090 2719 1227 2799; x_wconf 89' lang='lat' dir='ltr'><strong>exemplo</strong></span> <span class='ocrx_word' id='word_1_195' title='bbox 1246 2737 1317 2801; x_wconf 90' lang='lat' dir='ltr'><strong>pro·</strong></span> 
     </span>
     <span class='ocr_line' id='line_1_23' title="bbox 156 2820 1318 2906; baseline -0.002 -21"><span class='ocrx_word' id='word_1_196' title='bbox 156 2822 324 2904; x_wconf 88' lang='lat' dir='ltr'><strong>ponendam</strong></span> <span class='ocrx_word' id='word_1_197' title='bbox 339 2840 403 2885; x_wconf 89' lang='lat' dir='ltr'><strong>esse</strong></span> <span class='ocrx_word' id='word_1_198' title='bbox 417 2821 590 2897; x_wconf 80' lang='lat' dir='ltr'><strong>dixerimus,</strong></span> <span class='ocrx_word' id='word_1_199' title='bbox 606 2823 687 2903; x_wconf 90' lang='lat' dir='ltr'><strong>quod</strong></span> <span class='ocrx_word' id='word_1_200' title='bbox 700 2822 779 2905; x_wconf 82' lang='lat' dir='ltr'><strong>leges</strong></span> <span class='ocrx_word' id='word_1_201' title='bbox 794 2823 838 2886; x_wconf 92' lang='lat' dir='ltr'><strong>rei</strong></span> <span class='ocrx_word' id='word_1_202' title='bbox 857 2822 991 2906; x_wconf 85' lang='lat' dir='ltr'><strong>publicae</strong></span> <span class='ocrx_word' id='word_1_203' title='bbox 1013 2821 1192 2884; x_wconf 90' lang='lat' dir='ltr'><strong>ordinandae</strong></span> <span class='ocrx_word' id='word_1_204' title='bbox 1212 2820 1318 2884; x_wconf 87' lang='lat' dir='ltr'><strong>melius</strong></span> 
     </span>
     <span class='ocr_line' id='line_1_24' title="bbox 156 2924 1318 3008; baseline 0.001 -21"><span class='ocrx_word' id='word_1_205' title='bbox 156 2924 311 3006; x_wconf 89' lang='lat' dir='ltr'><strong>tutiusque</strong></span> <span class='ocrx_word' id='word_1_206' title='bbox 322 2925 411 2987; x_wconf 81' lang='lat' dir='ltr'><strong>anim</strong></span> <span class='ocrx_word' id='word_1_207' title='bbox 425 2924 566 3006; x_wconf 89' lang='lat' dir='ltr'><strong>sapientia</strong></span> <span class='ocrx_word' id='word_1_208' title='bbox 581 2926 634 2988; x_wconf 86' lang='lat' dir='ltr'><strong>viri</strong></span> <span class='ocrx_word' id='word_1_209' title='bbox 649 2925 784 3001; x_wconf 88' lang='lat' dir='ltr'><strong>consilio,</strong></span> <span class='ocrx_word' id='word_1_210' title='bbox 805 2944 895 3008; x_wconf 87' lang='lat' dir='ltr'><strong>quam</strong></span> <span class='ocrx_word' id='word_1_211' title='bbox 913 2924 1077 2988; x_wconf 83' lang='lat' dir='ltr'><strong>multorum</strong></span> <span class='ocrx_word' id='word_1_212' title='bbox 1093 2924 1250 2988; x_wconf 88' lang='lat' dir='ltr'><strong>hominum</strong></span> <span class='ocrx_word' id='word_1_213' title='bbox 1265 2925 1318 2988; x_wconf 89' lang='lat' dir='ltr'><strong>de·</strong></span> 
     </span>
     <span class='ocr_line' id='line_1_25' title="bbox 155 3026 1319 3109; baseline 0.001 -20"><span class='ocrx_word' id='word_1_214' title='bbox 155 3026 319 3090; x_wconf 84' lang='lat' dir='ltr'><strong>liberationi</strong></span> <span class='ocrx_word' id='word_1_215' title='bbox 333 3027 463 3108; x_wconf 88' lang='lat' dir='ltr'><strong>permitti</strong></span> <span class='ocrx_word' id='word_1_216' title='bbox 476 3027 654 3090; x_wconf 87' lang='lat' dir='ltr'><strong>indicarunt:</strong></span> <span class='ocrx_word' id='word_1_217' title='bbox 669 3028 758 3109; x_wconf 90' lang='lat' dir='ltr'><strong>idque</strong></span> <span class='ocrx_word' id='word_1_218' title='bbox 773 3045 877 3090; x_wconf 85' lang='lat' dir='ltr'><strong>eorum</strong></span> <span class='ocrx_word' id='word_1_219' title='bbox 892 3027 1032 3091; x_wconf 90' lang='lat' dir='ltr'><strong>iudicium</strong></span> <span class='ocrx_word' id='word_1_220' title='bbox 1047 3028 1136 3091; x_wconf 87' lang='lat' dir='ltr'><strong>etiam</strong></span> <span class='ocrx_word' id='word_1_221' title='bbox 1156 3046 1189 3092; x_wconf 90' lang='lat' dir='ltr'><strong>re</strong></span> <span class='ocrx_word' id='word_1_222' title='bbox 1209 3029 1274 3109; x_wconf 91' lang='lat' dir='ltr'><strong>ipsa</strong></span> <span class='ocrx_word' id='word_1_223' title='bbox 1287 3034 1319 3090; x_wconf 92' lang='lat' dir='ltr'><strong>et</strong></span> 
     </span>
     <span class='ocr_line' id='line_1_26' title="bbox 157 3129 1318 3211; baseline 0.001 -19"><span class='ocrx_word' id='word_1_224' title='bbox 157 3136 265 3193; x_wconf 90' lang='lat' dir='ltr'><strong>eventu</strong></span> <span class='ocrx_word' id='word_1_225' title='bbox 279 3129 506 3211; x_wconf 90' lang='lat' dir='ltr'><strong>comprobatum</strong></span> <span class='ocrx_word' id='word_1_226' title='bbox 521 3129 663 3193; x_wconf 89' lang='lat' dir='ltr'><strong>videmus.</strong></span> <span class='ocrx_word' id='word_1_227' title='bbox 694 3130 771 3193; x_wconf 86' lang='lat' dir='ltr'><strong>Satis</strong></span> <span class='ocrx_word' id='word_1_228' title='bbox 791 3137 837 3193; x_wconf 89' lang='lat' dir='ltr'><strong>est</strong></span> <span class='ocrx_word' id='word_1_229' title='bbox 857 3147 952 3194; x_wconf 89' lang='lat' dir='ltr'><strong>unum</strong></span> <span class='ocrx_word' id='word_1_230' title='bbox 973 3130 1114 3193; x_wconf 87' lang='lat' dir='ltr'><strong>Solonem</strong></span> <span class='ocrx_word' id='word_1_231' title='bbox 1133 3147 1318 3195; x_wconf 86' lang='lat' dir='ltr'><strong>commemo·</strong></span> 
     </span>
     <span class='ocr_line' id='line_1_27' title="bbox 154 3231 1317 3315; baseline 0 -20"><span class='ocrx_word' id='word_1_232' title='bbox 154 3251 230 3307; x_wconf 88' lang='lat' dir='ltr'><strong>rare,</strong></span> <span class='ocrx_word' id='word_1_233' title='bbox 244 3231 328 3295; x_wconf 88' lang='lat' dir='ltr'><strong>ouius</strong></span> <span class='ocrx_word' id='word_1_234' title='bbox 341 3231 464 3313; x_wconf 74' lang='lat' dir='ltr'><strong>legiam,</strong></span> <span class='ocrx_word' id='word_1_235' title='bbox 486 3232 522 3295; x_wconf 91' lang='lat' dir='ltr'><strong>iis</strong></span> <span class='ocrx_word' id='word_1_236' title='bbox 538 3232 656 3312; x_wconf 78' lang='lat' dir='ltr'><strong>qudem</strong></span> <span class='ocrx_word' id='word_1_237' title='bbox 677 3240 848 3314; x_wconf 84' lang='lat' dir='ltr'><strong>cautequae</strong></span> <span class='ocrx_word' id='word_1_238' title='bbox 867 3233 905 3295; x_wconf 93' lang='lat' dir='ltr'><strong>ad</strong></span> <span class='ocrx_word' id='word_1_239' title='bbox 924 3233 970 3295; x_wconf 91' lang='lat' dir='ltr'><strong>ius</strong></span> <span class='ocrx_word' id='word_1_240' title='bbox 989 3233 1140 3315; x_wconf 87' lang='lat' dir='ltr'><strong>publicum</strong></span> <span class='ocrx_word' id='word_1_241' title='bbox 1158 3234 1317 3315; x_wconf 84' lang='lat' dir='ltr'><strong>pertinent,</strong></span> 
     </span>
     <span class='ocr_line' id='line_1_28' title="bbox 153 3330 1317 3417; baseline 0 -18"><span class='ocrx_word' id='word_1_242' title='bbox 153 3335 227 3399; x_wconf 86' lang='lat' dir='ltr'><strong>nibil</strong></span> <span class='ocrx_word' id='word_1_243' title='bbox 240 3334 401 3416; x_wconf 88' lang='lat' dir='ltr'><strong>sapientius</strong></span> <span class='ocrx_word' id='word_1_244' title='bbox 415 3330 474 3397; x_wconf 89' lang='lat' dir='ltr'><strong>ulla</strong></span> <span class='ocrx_word' id='word_1_245' title='bbox 488 3341 568 3397; x_wconf 92' lang='lat' dir='ltr'><strong>aetas</strong></span> <span class='ocrx_word' id='word_1_246' title='bbox 583 3334 628 3396; x_wconf 87' lang='lat' dir='ltr'><strong>vel</strong></span> <span class='ocrx_word' id='word_1_247' title='bbox 643 3334 714 3397; x_wconf 90' lang='lat' dir='ltr'><strong>olim</strong></span> <span class='ocrx_word' id='word_1_248' title='bbox 728 3335 773 3398; x_wconf 83' lang='lat' dir='ltr'><strong>rel</strong></span> <span class='ocrx_word' id='word_1_249' title='bbox 784 3335 948 3398; x_wconf 89' lang='lat' dir='ltr'><strong>recentiore</strong></span> <span class='ocrx_word' id='word_1_250' title='bbox 962 3352 1032 3397; x_wconf 92' lang='lat' dir='ltr'><strong>aevo</strong></span> <span class='ocrx_word' id='word_1_251' title='bbox 1046 3334 1127 3410; x_wconf 90' lang='lat' dir='ltr'><strong>vidit,</strong></span> <span class='ocrx_word' id='word_1_252' title='bbox 1140 3336 1317 3417; x_wconf 78' lang='lat' dir='ltr'><strong>quibuscum</strong></span> 
     </span>
     <span class='ocr_line' id='line_1_29' title="bbox 154 3437 1316 3520; baseline 0.002 -20"><span class='ocrx_word' id='word_1_253' title='bbox 154 3437 179 3500; x_wconf 88' lang='lat' dir='ltr'><strong>ai</strong></span> <span class='ocrx_word' id='word_1_254' title='bbox 194 3438 261 3518; x_wconf 86' lang='lat' dir='ltr'><strong>quia</strong></span> <span class='ocrx_word' id='word_1_255' title='bbox 283 3455 332 3499; x_wconf 85' lang='lat' dir='ltr'><strong>eas</strong></span> <span class='ocrx_word' id='word_1_256' title='bbox 347 3438 568 3518; x_wconf 74' lang='lat' dir='ltr'><strong>comparaverit,</strong></span> <span class='ocrx_word' id='word_1_257' title='bbox 584 3455 659 3519; x_wconf 89' lang='lat' dir='ltr'><strong>qnae</strong></span> <span class='ocrx_word' id='word_1_258' title='bbox 673 3437 760 3500; x_wconf 90' lang='lat' dir='ltr'><strong>hodie</strong></span> <span class='ocrx_word' id='word_1_259' title='bbox 773 3437 806 3499; x_wconf 92' lang='lat' dir='ltr'><strong>in</strong></span> <span class='ocrx_word' id='word_1_260' title='bbox 818 3437 987 3501; x_wconf 90' lang='lat' dir='ltr'><strong>numerosis</strong></span> <span class='ocrx_word' id='word_1_261' title='bbox 1002 3437 1194 3502; x_wconf 75' lang='lat' dir='ltr'><strong>conventibus</strong></span> <span class='ocrx_word' id='word_1_262' title='bbox 1209 3456 1316 3520; x_wconf 77' lang='lat' dir='ltr'><strong>magno</strong></span> 
     </span>
     <span class='ocr_line' id='line_1_30' title="bbox 156 3538 1317 3620; baseline 0.003 -18"><span class='ocrx_word' id='word_1_263' title='bbox 156 3557 224 3602; x_wconf 88' lang='lat' dir='ltr'><strong>cunr</strong></span> <span class='ocrx_word' id='word_1_264' title='bbox 238 3539 392 3602; x_wconf 87' lang='lat' dir='ltr'><strong>molimine</strong></span> <span class='ocrx_word' id='word_1_265' title='bbox 405 3538 596 3620; x_wconf 85' lang='lat' dir='ltr'><strong>verberisque</strong></span> <span class='ocrx_word' id='word_1_266' title='bbox 615 3539 779 3602; x_wconf 89' lang='lat' dir='ltr'><strong>multorum</strong></span> <span class='ocrx_word' id='word_1_267' title='bbox 798 3539 980 3603; x_wconf 89' lang='lat' dir='ltr'><strong>orationibus</strong></span> <span class='ocrx_word' id='word_1_268' title='bbox 1001 3540 1176 3615; x_wconf 88' lang='lat' dir='ltr'><strong>suadentur,</strong></span> <span class='ocrx_word' id='word_1_269' title='bbox 1201 3541 1317 3605; x_wconf 59' lang='lat' dir='ltr'><strong>meua·</strong></span> 
     </span>
     <span class='ocr_line' id='line_1_31' title="bbox 155 3641 1317 3725; baseline 0.003 -21"><span class='ocrx_word' id='word_1_270' title='bbox 155 3642 271 3716; x_wconf 89' lang='lat' dir='ltr'><strong>dentur,</strong></span> <span class='ocrx_word' id='word_1_271' title='bbox 286 3641 478 3722; x_wconf 77' lang='lat' dir='ltr'><strong>perferuntur</strong></span> <span class='ocrx_word' id='word_1_272' title='bbox 491 3660 621 3722; x_wconf 84' lang='lat' dir='ltr'><strong>moxque</strong></span> <span class='ocrx_word' id='word_1_273' title='bbox 635 3659 740 3705; x_wconf 88' lang='lat' dir='ltr'><strong>mrsus</strong></span> <span class='ocrx_word' id='word_1_274' title='bbox 754 3641 941 3724; x_wconf 76' lang='lat' dir='ltr'><strong>abrogentur,</strong></span> <span class='ocrx_word' id='word_1_275' title='bbox 957 3642 1065 3705; x_wconf 89' lang='lat' dir='ltr'><strong>videbit</strong></span> <span class='ocrx_word' id='word_1_276' title='bbox 1075 3643 1209 3723; x_wconf 85' lang='lat' dir='ltr'><strong>prolecto</strong></span> <span class='ocrx_word' id='word_1_277' title='bbox 1221 3661 1317 3725; x_wconf 88' lang='lat' dir='ltr'><strong>quan·</strong></span> 
     </span>
     <span class='ocr_line' id='line_1_32' title="bbox 154 3742 1316 3827; baseline -0.001 -19"><span class='ocrx_word' id='word_1_278' title='bbox 154 3752 220 3808; x_wconf 88' lang='lat' dir='ltr'><strong>tnnr</strong></span> <span class='ocrx_word' id='word_1_279' title='bbox 234 3745 360 3807; x_wconf 89' lang='lat' dir='ltr'><strong>intersit.</strong></span> <span class='ocrx_word' id='word_1_280' title='bbox 389 3742 435 3805; x_wconf 79' lang='lat' dir='ltr'><strong>An</strong></span> <span class='ocrx_word' id='word_1_281' title='bbox 455 3762 526 3807; x_wconf 84' lang='lat' dir='ltr'><strong>vero</strong></span> <span class='ocrx_word' id='word_1_282' title='bbox 546 3744 610 3807; x_wconf 83' lang='lat' dir='ltr'><strong>fieri</strong></span> <span class='ocrx_word' id='word_1_283' title='bbox 628 3745 761 3826; x_wconf 89' lang='lat' dir='ltr'><strong>potuisse</strong></span> <span class='ocrx_word' id='word_1_284' title='bbox 782 3746 946 3820; x_wconf 86' lang='lat' dir='ltr'><strong>credemus,</strong></span> <span class='ocrx_word' id='word_1_285' title='bbox 967 3753 1002 3808; x_wconf 91' lang='lat' dir='ltr'><strong>ut</strong></span> <span class='ocrx_word' id='word_1_286' title='bbox 1018 3745 1136 3809; x_wconf 89' lang='lat' dir='ltr'><strong>Solonis</strong></span> <span class='ocrx_word' id='word_1_287' title='bbox 1155 3744 1221 3808; x_wconf 91' lang='lat' dir='ltr'><strong>illae</strong></span> <span class='ocrx_word' id='word_1_288' title='bbox 1239 3747 1316 3827; x_wconf 72' lang='lat' dir='ltr'><strong>leges</strong></span> 
     </span>
     <span class='ocr_line' id='line_1_33' title="bbox 154 3844 1317 3930; baseline 0.001 -19"><span class='ocrx_word' id='word_1_289' title='bbox 154 3850 243 3911; x_wconf 90' lang='lat' dir='ltr'><strong>etiam</strong></span> <span class='ocrx_word' id='word_1_290' title='bbox 257 3848 289 3909; x_wconf 94' lang='lat' dir='ltr'><strong>in</strong></span> <span class='ocrx_word' id='word_1_291' title='bbox 303 3847 491 3911; x_wconf 78' lang='lat' dir='ltr'><strong>sandonibus</strong></span> <span class='ocrx_word' id='word_1_292' title='bbox 511 3847 708 3929; x_wconf 90' lang='lat' dir='ltr'><strong>probarentur</strong></span> <span class='ocrx_word' id='word_1_293' title='bbox 728 3844 1013 3930; x_wconf 81' lang='lat' dir='ltr'><strong>perferrenturquei</strong></span> <span class='ocrx_word' id='word_1_294' title='bbox 1031 3867 1107 3929; x_wconf 91' lang='lat' dir='ltr'><strong>quae</strong></span> <span class='ocrx_word' id='word_1_295' title='bbox 1127 3864 1221 3930; x_wconf 89' lang='lat' dir='ltr'><strong>quum</strong></span> <span class='ocrx_word' id='word_1_296' title='bbox 1242 3851 1317 3912; x_wconf 91' lang='lat' dir='ltr'><strong>latae</strong></span> 
     </span>
     <span class='ocr_line' id='line_1_34' title="bbox 156 3949 1316 4034; baseline 0.002 -20"><span class='ocrx_word' id='word_1_297' title='bbox 156 3957 263 4025; x_wconf 79' lang='lat' dir='ltr'><strong>essent</strong></span> <span class='ocrx_word' id='word_1_298' title='bbox 279 3950 468 4034; x_wconf 87' lang='lat' dir='ltr'><strong>populusque</strong></span> <span class='ocrx_word' id='word_1_299' title='bbox 482 3951 519 4014; x_wconf 92' lang='lat' dir='ltr'><strong>ad</strong></span> <span class='ocrx_word' id='word_1_300' title='bbox 534 3966 582 4013; x_wconf 88' lang='lat' dir='ltr'><strong>eas</strong></span> <span class='ocrx_word' id='word_1_301' title='bbox 604 3949 800 4014; x_wconf 82' lang='lat' dir='ltr'><strong>observandas</strong></span> <span class='ocrx_word' id='word_1_302' title='bbox 819 3951 883 4013; x_wconf 89' lang='lat' dir='ltr'><strong>iure</strong></span> <span class='ocrx_word' id='word_1_303' title='bbox 903 3952 1027 4014; x_wconf 91' lang='lat' dir='ltr'><strong>iurando</strong></span> <span class='ocrx_word' id='word_1_304' title='bbox 1047 3950 1207 4015; x_wconf 87' lang='lat' dir='ltr'><strong>obstrictus</strong></span> <span class='ocrx_word' id='word_1_305' title='bbox 1229 3959 1316 4024; x_wconf 86' lang='lat' dir='ltr'><strong>esset,</strong></span> 
     </span>
    </p>
   </div>
   <div class='ocr_carea' id='block_1_4' title="bbox 153 4053 1425 4143">
    <p class='ocr_par' dir='ltr' id='par_1_4' title="bbox 153 4053 1425 4143">
     <span class='ocr_line' id='line_1_35' title="bbox 153 4053 1425 4143; baseline -0.002 -24"><span class='ocrx_word' id='word_1_306' title='bbox 153 4053 394 4135; x_wconf 81' lang='lat' dir='ltr'><strong>vituperabantur</strong></span> <span class='ocrx_word' id='word_1_307' title='bbox 406 4060 507 4117; x_wconf 90' lang='lat' dir='ltr'><strong>tamen</strong></span> <span class='ocrx_word' id='word_1_308' title='bbox 522 4072 539 4116; x_wconf 90' lang='lat' dir='ltr'><strong>a</strong></span> <span class='ocrx_word' id='word_1_309' title='bbox 553 4053 664 4129; x_wconf 73' lang='lat' dir='ltr'><strong>multia,</strong></span> <span class='ocrx_word' id='word_1_310' title='bbox 687 4055 739 4136; x_wconf 92' lang='lat' dir='ltr'><strong>qul</strong></span> <span class='ocrx_word' id='word_1_311' title='bbox 756 4054 855 4117; x_wconf 85' lang='lat' dir='ltr'><strong>minus</strong></span> <span class='ocrx_word' id='word_1_312' title='bbox 876 4070 965 4136; x_wconf 84' lang='lat' dir='ltr'><strong>quarn</strong></span> <span class='ocrx_word' id='word_1_313' title='bbox 983 4064 1171 4138; x_wconf 82' lang='lat' dir='ltr'><strong>sperauerant</strong></span> <span class='ocrx_word' id='word_1_314' title='bbox 1191 4054 1262 4119; x_wconf 84' lang='lat' dir='ltr'><strong>iuris</strong></span> <span class='ocrx_word' id='word_1_315' title='bbox 1282 4075 1318 4119; x_wconf 90' lang='lat' dir='ltr'><strong>ac</strong></span> <span class='ocrx_word' id='word_1_316' title='bbox 1418 4134 1425 4143; x_wconf 34' lang='lat'><strong>·</strong></span> 
     </span>
    </p>
   </div>
   <div class='ocr_carea' id='block_1_5' title="bbox 154 4156 1317 4552">
    <p class='ocr_par' dir='ltr' id='par_1_5' title="bbox 154 4156 1317 4552">
     <span class='ocr_line' id='line_1_36' title="bbox 154 4156 1316 4238; baseline 0.003 -19"><span class='ocrx_word' id='word_1_317' title='bbox 154 4156 308 4238; x_wconf 78' lang='lat' dir='ltr'><strong>potestatis</strong></span> <span class='ocrx_word' id='word_1_318' title='bbox 321 4157 378 4219; x_wconf 86' lang='lat' dir='ltr'><strong>sibi</strong></span> <span class='ocrx_word' id='word_1_319' title='bbox 393 4174 569 4220; x_wconf 89' lang='lat' dir='ltr'><strong>conoessum</strong></span> <span class='ocrx_word' id='word_1_320' title='bbox 583 4176 650 4220; x_wconf 87' lang='lat' dir='ltr'><strong>esse</strong></span> <span class='ocrx_word' id='word_1_321' title='bbox 669 4158 816 4232; x_wconf 90' lang='lat' dir='ltr'><strong>viderent,</strong></span> <span class='ocrx_word' id='word_1_322' title='bbox 835 4159 916 4221; x_wconf 90' lang='lat' dir='ltr'><strong>uude</strong></span> <span class='ocrx_word' id='word_1_323' title='bbox 935 4158 1060 4235; x_wconf 66' lang='lat' dir='ltr'><strong>lamna,</strong></span> <span class='ocrx_word' id='word_1_324' title='bbox 1080 4166 1115 4223; x_wconf 90' lang='lat' dir='ltr'><strong>ut</strong></span> <span class='ocrx_word' id='word_1_325' title='bbox 1128 4179 1199 4223; x_wconf 90' lang='lat' dir='ltr'><strong>mcx</strong></span> <span class='ocrx_word' id='word_1_326' title='bbox 1213 4176 1316 4223; x_wconf 77' lang='lat' dir='ltr'><strong>moru-</strong></span> 
     </span>
     <span class='ocr_line' id='line_1_37' title="bbox 155 4258 1315 4345; baseline 0.005 -25"><span class='ocrx_word' id='word_1_327' title='bbox 155 4258 292 4320; x_wconf 81' lang='lat' dir='ltr'><strong>desrente</strong></span> <span class='ocrx_word' id='word_1_328' title='bbox 305 4259 451 4324; x_wconf 87' lang='lat' dir='ltr'><strong>discordia</strong></span> <span class='ocrx_word' id='word_1_329' title='bbox 464 4261 555 4324; x_wconf 91' lang='lat' dir='ltr'><strong>homo</strong></span> <span class='ocrx_word' id='word_1_330' title='bbox 571 4260 691 4324; x_wconf 83' lang='lat' dir='ltr'><strong>callidus</strong></span> <span class='ocrx_word' id='word_1_331' title='bbox 709 4266 738 4322; x_wconf 86' lang='lat' dir='ltr'><strong>et</strong></span> <span class='ocrx_word' id='word_1_332' title='bbox 756 4260 897 4324; x_wconf 74' lang='lat' dir='ltr'><strong>laoderus</strong></span> <span class='ocrx_word' id='word_1_333' title='bbox 916 4261 1086 4326; x_wconf 87' lang='lat' dir='ltr'><strong>Pisistratus</strong></span> <span class='ocrx_word' id='word_1_334' title='bbox 1107 4263 1315 4345; x_wconf 82' lang='lat' dir='ltr'><strong>opprimendae</strong></span> 
     </span>
     <span class='ocr_line' id='line_1_38' title="bbox 155 4352 1316 4450; baseline 0.004 -27"><span class='ocrx_word' id='word_1_335' title='bbox 155 4359 334 4443; x_wconf 86' lang='lat' dir='ltr'><strong>aliquamdiu</strong></span> <span class='ocrx_word' id='word_1_336' title='bbox 349 4352 490 4426; x_wconf 85' lang='lat' dir='ltr'><strong>libertatis</strong></span> <span class='ocrx_word' id='word_1_337' title='bbox 511 4364 762 4447; x_wconf 84' lang='lat' dir='ltr'><strong>opportunitatem</strong></span> <span class='ocrx_word' id='word_1_338' title='bbox 781 4363 1000 4428; x_wconf 89' lang='lat' dir='ltr'><strong>nancisceretur</strong></span> <span class='ocrx_word' id='word_1_339' title='bbox 1025 4383 1149 4448; x_wconf 90' lang='lat' dir='ltr'><strong>remque</strong></span> <span class='ocrx_word' id='word_1_340' title='bbox 1167 4366 1316 4450; x_wconf 88' lang='lat' dir='ltr'><strong>publicam</strong></span> 
     </span>
     <span class='ocr_line' id='line_1_39' title="bbox 155 4464 1317 4552; baseline 0.003 -24"><span class='ocrx_word' id='word_1_341' title='bbox 155 4465 188 4528; x_wconf 89' lang='lat' dir='ltr'><strong>in</strong></span> <span class='ocrx_word' id='word_1_342' title='bbox 201 4480 286 4529; x_wconf 87' lang='lat' dir='ltr'><strong>suam</strong></span> <span class='ocrx_word' id='word_1_343' title='bbox 300 4472 478 4547; x_wconf 74' lang='lat' dir='ltr'><strong>peeetatem</strong></span> <span class='ocrx_word' id='word_1_344' title='bbox 491 4468 645 4550; x_wconf 75' lang='lat' dir='ltr'><strong>redigeret.</strong></span> <span class='ocrx_word' id='word_1_345' title='bbox 671 4464 734 4530; x_wconf 78' lang='lat' dir='ltr'><strong>Sed</strong></span> <span class='ocrx_word' id='word_1_346' title='bbox 752 4467 826 4532; x_wconf 84' lang='lat' dir='ltr'><strong>baec</strong></span> <span class='ocrx_word' id='word_1_347' title='bbox 846 4468 996 4550; x_wconf 89' lang='lat' dir='ltr'><strong>persequi,</strong></span> <span class='ocrx_word' id='word_1_348' title='bbox 1017 4476 1048 4532; x_wconf 91' lang='lat' dir='ltr'><strong>et</strong></span> <span class='ocrx_word' id='word_1_349' title='bbox 1062 4487 1121 4552; x_wconf 89' lang='lat' dir='ltr'><strong>quo</strong></span> <span class='ocrx_word' id='word_1_350' title='bbox 1136 4471 1227 4533; x_wconf 90' lang='lat' dir='ltr'><strong>modo</strong></span> <span class='ocrx_word' id='word_1_351' title='bbox 1247 4475 1317 4551; x_wconf 90' lang='lat' dir='ltr'><strong>post</strong></span> 
     </span>
    </p>
   </div>
   <div class='ocr_carea' id='block_1_6' title="bbox 0 0 1650 5142">
    <p class='ocr_par' dir='ltr' id='par_1_6' title="bbox 0 0 1650 5142">
     <span class='ocr_line' id='line_1_40' title="bbox 0 0 1650 5142; baseline 0 1"><span class='ocrx_word' id='word_1_352' title='bbox 0 0 1650 5142; x_wconf 95' lang='lat' dir='ltr'><strong> </strong></span> 
     </span>
    </p>
   </div>
  </div>
 </body>
</html>
