3154 5138
609 508 805 607 m„

119 701 260 775 Orellius,
275 699 422 773 bloserus,
437 697 585 774 Nobbius,
606 718 733 781 quorum
748 698 916 780 patientiam
931 699 1066 780 equidem
1080 700 1180 765 mirari
1195 722 1283 784 quom

119 805 226 871 imitari
241 802 340 866 malm.
355 801 521 865 -Contra
536 802 737 866 coniunctivus
753 802 944 883 corrigendus
958 810 1022 865 erat
1035 802 1066 864 in
1080 803 1136 880 bis,
1153 825 1225 886 quae
1239 806 1283 869 le-

118 905 409 991 portarentur:
437 906 594 966 accessit
618 905 724 967 etiam
749 905 819 967 ista
845 904 968 985 opinio
995 906 1162 981 tortasse,
1189 909 1282 989 quod

118 1010 257 1074 bomini
277 1006 417 1070 bomine
437 1007 527 1068 nihil
547 1007 731 1087 pulchrius
746 1008 918 1070 videatur.
948 1007 1101 1071 Posterius
1115 1010 1282 1074 membrum

118 1114 190 1176 nibil
203 1111 265 1174 uisi
279 1108 508 1191 descriptionem
524 1109 584 1171 sive
599 1109 910 1191 circumloquutionem
925 1110 1012 1171 babet
1026 1111 1104 1185 eius,
1126 1130 1201 1192 quae
1215 1122 1282 1177 anto

117 1215 279 1295 significata
293 1221 347 1285 est,
362 1210 527 1292 opinionis3
547 1211 620 1272 baec
633 1219 730 1273 autem
745 1212 846 1294 opinio
862 1220 917 1275 est
930 1231 1045 1293 reapse,
1061 1231 1123 1275 non
1138 1216 1283 1294 cogitatur

117 1326 231 1380 tautum
251 1334 330 1390 esse,
355 1314 470 1394 eisque,
490 1332 615 1394 quorum
634 1322 680 1375 est
697 1333 730 1377 ea
750 1315 865 1395 opinio,
884 1315 996 1378 videtur
1008 1334 1112 1396 reapse
1126 1317 1198 1380 nibil
1212 1319 1281 1398 pul·

117 1421 218 1482 ebrius
233 1418 365 1491 bomine,
380 1433 443 1478 non
458 1416 585 1478 sumitur
598 1424 711 1478 tautum
726 1436 742 1478 a
757 1416 870 1479 dicente
884 1426 935 1480 aut
949 1418 1110 1493 coniicitur,
1124 1418 1163 1481 ita
1178 1419 1221 1481 eis
1235 1419 1279 1481 vi·

116 1522 188 1585 derb
225 1519 340 1595 Quodsi
354 1537 442 1600 quem
460 1519 529 1581 illud
545 1520 701 1580 tortasse
716 1517 881 1593 conturbet,
899 1526 987 1600 atque
1002 1537 1036 1579 eo
1053 1518 1280 1597 coniunctivum,

116 1626 198 1687 utin
219 1642 253 1685 re
273 1623 382 1685 incerta
400 1621 545 1702 positum,
570 1621 645 1683 tucri
665 1628 801 1694 conetur,
816 1654 858 1665 -
872 1620 1108 1702 quandoquidem
1126 1620 1199 1683 nibil
1218 1632 1278 1686 tum

116 1727 250 1808 ineptum
269 1733 329 1800 est,
352 1724 432 1805 quod
449 1741 513 1785 non
530 1723 583 1785 uni
602 1731 652 1786 aut
670 1722 751 1785 alteri
770 1723 960 1801 grammatico
979 1722 1094 1803 placere
1107 1722 1219 1799 videm,
1235 1760 1278 1772 —-

116 1830 184 1891 illud
201 1831 360 1890 fortasse
374 1834 487 1889 tantum
502 1824 669 1888 adverbum
685 1825 840 1887 accessit
854 1826 989 1905 pertinet,
1002 1844 1065 1887 non
1080 1825 1115 1887 ad
1128 1827 1277 1907 opinionis

116 1931 355 2012 descriptionem.
387 1928 601 2009 Reponendum
616 1934 662 1989 est
679 1926 768 2005 igitur
786 1935 836 1989 aut
849 1926 1000 2003 ridetur,
1019 1936 1080 2003 aut,
1099 1929 1178 2009 quod
1193 1929 1276 2010 oqui-

115 2035 182 2095 dem
197 2033 296 2095 verius
310 2041 394 2114 puto,
410 2030 601 2093 videbatur.
631 2028 705 2091 Nam
719 2028 848 2109 loquitur
859 2029 959 2091 Cicero
972 2030 1008 2091 de
1019 2030 1147 2110 antiquis
1158 2039 1276 2111 tempo-

114 2137 212 2210 ribus,
233 2153 325 2216 quum
339 2133 469 2214 primum
483 2131 619 2195 homines
634 2132 757 2193 deorum
773 2132 881 2211 figuras
900 2133 1009 2212 lingere
1028 2141 1200 2213 coeperunt:
1223 2152 1275 2195 so·

114 2240 175 2301 lmt
189 2248 287 2301 autem
301 2237 474 2318 plerumque
490 2243 518 2297 et
528 2233 623 2296 Latini
634 2242 663 2296 et
674 2234 775 2297 Graeci
789 2243 819 2296 et
832 2242 980 2297 nostrates
995 2254 1112 2316 quoque
1127 2235 1158 2297 iu
1173 2254 1274 2298 earum

114 2360 214 2405 renum
237 2338 530 2410 commemoratione,
551 2356 625 2417 quae
644 2354 705 2398 nou
724 2337 821 2400 solum
842 2338 958 2400 luerunt
972 2338 1067 2418 aliquo
1086 2337 1185 2418 priore
1198 2346 1275 2400 tom·

112 2464 196 2526 pore,
211 2443 264 2505 sod
280 2441 439 2505 etiamnum
453 2450 524 2503 sunt
534 2459 569 2503 ac
582 2438 752 2520 perdurant,
767 2448 872 2514 umen,
886 2439 935 2501 ubi
950 2439 1022 2501 boec
1033 2440 1274 2503 commemoratio

114 2544 320 2608 tantummodo
335 2563 435 2606 rerum
450 2542 521 2604 olim
541 2542 682 2605 laetarum
697 2540 829 2604 relationi
850 2541 988 2604 inseritur
1001 2542 1038 2604 ad
1053 2561 1175 2622 eamque
1190 2562 1273 2606 com-

113 2649 251 2730 plendam
266 2646 406 2728 pertinet,
419 2644 483 2708 illas
500 2663 617 2727 quoque
630 2645 710 2726 ipsas
726 2655 862 2724 unquam
877 2652 1037 2725 quactum,
1053 2663 1142 2725 quum
1158 2645 1274 2708 haeres

112 2756 298 2832 gererentur,
318 2747 440 2823 luerint,
459 2765 521 2809 nou
541 2755 678 2826 tanquam
694 2766 767 2828 quae
782 2747 942 2809 etiamnum
958 2747 1032 2821 sint,
1052 2747 1111 2809 hoc
1124 2757 1168 2809 est
1187 2766 1274 2828 prae-

113 2853 201 2915 terito
220 2870 284 2913 uon
304 2850 449 2932 praesenti
467 2849 549 2912 verbi
570 2858 703 2930 tempore
726 2866 967 2911 commemorare.
990 2883 1031 2894 -
1060 2848 1131 2911 ltem
1150 2848 1274 2911 vitiosus

114 2954 318 3017 coniunctivus
338 2958 384 3014 est
404 2971 428 3013 c
444 2950 495 3024 31,
511 2950 566 3013 85:
591 2950 630 3011 lu
654 2951 721 3013 bac
746 2950 793 3011 ita
812 2951 976 3031 exposita
995 2952 1172 3014 sententia
1192 2961 1275 3014 sunt

114 3058 173 3139 qui
188 3056 408 3128 existiment,
423 3053 515 3134 quod
530 3053 591 3115 ille
605 3053 750 3115 inscitia
765 3053 868 3134 plane
881 3053 1049 3135 loquendi
1066 3055 1202 3129 lecerit,
1220 3058 1272 3117 le·
1296 3071 1328 3123 17

114 3161 208 3223 cisse
223 3157 403 3221 consulto.
432 3156 506 3219 Nam
522 3155 651 3218 lecerit
665 3164 727 3218 tum
739 3154 857 3218 demum
870 3155 926 3217 dici
940 3165 1063 3237 poterat,
1075 3157 1101 3219 si
1116 3177 1150 3219 ex
1161 3176 1275 3234 eorum,

114 3264 150 3325 cle
165 3263 275 3345 quibus
290 3279 389 3323 sermo
404 3268 462 3332 est,
478 3266 576 3321 mente
591 3258 660 3321 illud
675 3258 831 3321 diceretur:
851 3259 931 3339 quod
946 3268 1048 3323 contra
1062 3279 1127 3323 esso
1141 3269 1272 3341 apparet

114 3366 157 3428 llli
172 3366 252 3427 enim
265 3363 401 3427 consulto
412 3361 581 3442 Epicurum,
596 3378 657 3422 non
667 3370 790 3442 propter
802 3361 946 3424 inscitiam
962 3361 1001 3424 ita
1012 3362 1115 3425 fecisse
1125 3363 1274 3444 putabant,

114 3485 244 3548 quorum
256 3463 389 3547 opinioni
400 3484 417 3526 a
428 3464 511 3526 Cotta
525 3463 565 3537 id,
580 3462 659 3545 quod
674 3481 722 3525 res
733 3470 788 3538 est,
804 3464 972 3545 opponitur,
986 3464 1089 3527 iecisse
1103 3466 1183 3528 illum
1197 3466 1274 3540 ideo,

113 3570 284 3651 quispiane
302 3567 384 3649 loqui
404 3566 538 3629 nesciret
574 3565 767 3628 Scribendum
786 3574 833 3627 est
850 3566 937 3646 igitur
955 3568 1095 3630 lecerat.
1121 3603 1163 3613 -
1190 3568 1273 3630 ldom

113 3691 206 3753 genus
221 3671 281 3734 vitii
296 3670 332 3734 ab
342 3669 478 3732 Emostio
492 3676 625 3731 notatum
641 3676 686 3730 est
696 3686 721 3729 c
738 3669 784 3742 15,
797 3669 847 3743 41,
862 3668 912 3730 ubi
923 3668 1038 3732 codices
1053 3678 1167 3750 praeter
1181 3684 1274 3733 unum

114 3794 220 3838 omnes
241 3774 286 3836 sic
301 3772 423 3835 babent:
442 3772 477 3834 in
497 3772 653 3834 seeundo
673 3776 789 3832 autom
805 3769 932 3847 (libro)
948 3771 1023 3834 vult
1038 3771 1183 3851 Orphei,
1197 3772 1273 3834 llu-

114 3878 203 3951 saei,
223 3875 374 3939 Hesiodi
395 3874 609 3954 Homerique
628 3872 777 3935 labellas
796 3873 1028 3936 accomodare
1046 3874 1088 3936 ad
1108 3893 1160 3949 ea,
1185 3893 1274 3955 quae

113 3982 194 4061 ipse
212 3978 328 4060 primo
348 3975 443 4038 libro
463 3976 504 4039 de
522 3976 593 4038 diis
615 3975 877 4038 immortalibus
897 3976 1035 4038 dixerit
1065 3977 1159 4039 lmmo
1175 3976 1274 4040 dire·

112 4090 181 4146 rat.
195 4081 275 4162 qnod
290 4078 327 4143 ab
341 4079 477 4142 Emestio
492 4079 730 4141 commendatum
744 4087 917 4160 rocepemnt
930 4079 1118 4142 Heindorlius
1133 4088 1163 4143 et
1175 4080 1274 4142 Mose·

112 4203 165 4246 rus
185 4183 217 4245 in
232 4182 277 4244 ed.
298 4180 421 4243 minore.
461 4180 535 4243 Nam
550 4180 629 4262 quod
644 4179 768 4244 Orellius
789 4202 806 4243 e
821 4180 975 4263 Chrysippi
993 4189 1091 4244 mente
1110 4182 1181 4244 haec
1199 4182 1274 4243 dicta

111 4286 186 4360 vult,
201 4284 239 4347 ad
253 4304 296 4359 ea,
311 4302 386 4365 quae
399 4283 497 4365 primo
511 4283 585 4346 bbro
600 4304 616 4347 a
631 4304 663 4347 se
678 4284 830 4366 proposita
845 4294 955 4359 essent,
969 4286 1108 4348 lectorem
1123 4285 1274 4347 remitten-

112 4388 167 4460 tis,
192 4386 222 4448 id
241 4386 273 4447 in
290 4386 348 4448 boc
366 4385 483 4465 quidem
501 4387 734 4450 conformatione
753 4387 894 4449 orationis
912 4386 991 4448 nullo
1012 4387 1102 4453 modo
1122 4384 1275 4465 probabile

112 4498 170 4553 est.
195 4486 331 4550 Nobbius
347 4486 513 4564 dixlerlit
528 4488 654 4569 scripsit,
670 4488 778 4551 soibcet
791 4488 976 4551 indicativum
988 4487 1127 4568 probans,
1143 4486 1179 4547 de
1190 4485 1274 4564 plus·
