3164 5138
667 468 707 530 57

580 554 783 567 υ

131 655 288 719 remansisse
302 655 463 729 diceretur,
478 676 504 718 r.
519 657 568 719 96.
590 653 671 733 Πῶς
691 651 802 743 φησίν,
824 657 864 719 ait
882 655 1066 729 scholiastes,
1086 647 1210 737 ἔμεινεν
1230 649 1264 719 tr

36 786 37 791 ¹
125 755 165 844 τῷ
187 749 319 843 πίθῳῆ
348 753 466 835 diatim
492 754 564 823 ἐστὶ
590 757 651 845 γὰρ
673 758 771 826 τοῦτο
798 755 837 824 ἐν
862 751 1100 845 ἀνθρώποις.
1124 759 1205 837 (illud
1231 753 1264 822 dv

126 859 164 945 aqi
180 854 272 944 πίθῳ
286 862 365 925 idem
381 863 549 942 significare
563 864 641 937 dicit,
657 874 743 944 atque
758 857 792 926 ἐν
807 855 1025 944 ἀνθρώποις.)
1048 858 1145 925 τοῦτο
1157 857 1195 924 οὲ
1205 856 1263 924 καὶ

126 960 259 1043 deposcis
280 957 298 1028 ὁ
320 957 555 1049 ἀρχιοινοχόος
577 964 637 1029 τοῦ
662 960 825 1047 βασιλέως
849 955 1029 1048 προῦτεινε.
1075 959 1182 1048 epoto
1203 953 1264 1028 οὖν

127 1162 251 1251 ἐξῆλθεν.
309 1170 479 1233 Consanum
510 1172 729 1251 grammaticum
764 1170 879 1233 aliunde
909 1169 1058 1231 novimus:
1092 1170 1263 1250 pincernam

126 1270 219 1348 regium
232 1272 322 1334 luisse
336 1273 399 1334 hoc
413 1293 484 1347 uno,
498 1274 528 1335 ni
540 1273 632 1348 iallor,
646 1273 712 1335 loco
726 1273 859 1352 legimus.
887 1271 916 1332 ls
932 1264 1113 1352 προτάσεις
1133 1272 1261 1351 scripsit,

125 1373 147 1433 h.
168 1393 189 1434 e.
211 1376 410 1453 quaestiones,
438 1370 707 1460 (προτεινομένας
727 1367 917 1458 ἐρωτήσεις,
950 1381 982 1434 ut
1003 1373 1110 1435 Suidas
1136 1375 1201 1451 ait),
1227 1376 1262 1437 de

127 1473 241 1543 homeri,
266 1477 392 1539 Hesiodi
411 1479 593 1558 aliorumque
618 1486 770 1558 poetarum
789 1477 862 1540 locis
882 1475 1108 1549 difficilioribus,
1134 1477 1170 1537 ad
1190 1496 1262 1556 quas

124 1594 280 1657 responsum
295 1588 343 1640 est
357 1580 397 1641 ab
412 1581 595 1653 Aristarcho,
616 1580 698 1641 cuius
713 1578 780 1641 lihri
804 1573 891 1662 πρὸς
911 1569 1065 1656 Κομανόν
1088 1578 1212 1639 citantur
1233 1581 1263 1641 in

124 1681 199 1741 schol.
216 1682 251 1743 ad
270 1682 302 1743 ll.
331 1679 355 1756 l,
375 1683 427 1744 97.
448 1683 482 1755 lt,
502 1683 573 1745 798.
594 1682 692 1756 xxiv,
711 1684 780 1744 110.
824 1683 918 1761 litque
937 1681 1007 1742 hinc
1029 1681 1156 1743 sortasse
1176 1682 1262 1743 etiam

125 1782 181 1845 hee
195 1776 283 1857 λύσις
303 1784 398 1863 petita
416 1794 476 1847 est:
502 1804 600 1864 spem,
621 1802 694 1864 quae
715 1784 744 1845 in
764 1782 842 1843 dolio
857 1783 1042 1855 remanserit,
1063 1803 1128 1844 esse
1153 1793 1263 1846 metum

124 1886 394 1965 despectationern
424 1887 579 1950 melorum.
623 1886 738 1948 Scilicet
762 1884 837 1946 mala
863 1904 879 1946 e
904 1884 983 1947 dolio
1013 1886 1121 1948 emissa
1151 1888 1261 1968 passim

125 1984 311 2067 cicumregari
333 1996 365 2050 et
386 1988 523 2051 invadere
541 1990 693 2051 mortales:
720 1987 796 2067 apud
811 1988 867 2048 hos
883 1994 979 2049 autem
998 2008 1065 2049 esse
1079 1989 1169 2070 Spem
1184 1991 1261 2052 illam

125 2088 291 2163 humorem,
323 2091 355 2153 h.
379 2110 405 2152 e.
433 2098 574 2171 perpetuo
600 2110 652 2153 eos
679 2098 870 2151 venturorum
896 2090 1040 2151 malorum
1064 2093 1264 2171 expectatione

124 2197 242 2272 matema
265 2194 348 2273 angi.
391 2194 596 2273 Ingeniosam,
621 2203 653 2255 ut
673 2192 771 2253 omnia
791 2191 964 2263 Aristarchi,
986 2193 1062 2253 hanc
1084 2186 1263 2257 isiotrense

125 2311 196 2356 remo
215 2297 345 2377 negabit:
365 2316 461 2358 veram
476 2316 556 2371 esse,
575 2304 724 2377 praestare
744 2293 879 2373 equidem
894 2311 957 2354 non
980 2293 1082 2355 audeo.
1126 2294 1184 2357 Sed
1200 2297 1263 2358 talia

124 2398 239 2477 persequi
253 2398 312 2460 hoc
328 2398 396 2460 loco
411 2399 491 2472 nolo,
504 2406 534 2459 et
548 2398 605 2460 diri
621 2397 677 2459 ianr
690 2397 765 2469 alibi,
780 2395 849 2475 quid
864 2396 936 2456 mihi
956 2397 992 2458 de
1007 2396 1151 2458 Hesiodea
1170 2398 1263 2463 sabula

125 2499 324 2579 rideretur24).
381 2500 465 2562 Nunc
498 2500 585 2579 igitur
618 2517 708 2561 unani
738 2506 850 2560 tantum
884 2499 1121 2561 commemorabo
1153 2501 1264 2563 Seleuci

123 2603 283 2678 grammatici
309 2602 522 2676 coniecturam,
548 2602 598 2681 qui
623 2623 649 2663 r.
670 2600 711 2663 96
737 2620 791 2681 pro
812 2620 862 2673 eo,
890 2602 968 2681 quod
994 2601 1135 2681 scriptum
1155 2611 1213 2675 est,
1229 2598 1263 2666 ἕν
1283 2622 1312 2672 15

125 2692 300 2786 ἀρρήκτοισι
326 2697 472 2784 δόμοισι,
487 2702 592 2784 reponi
608 2703 699 2764 voluit
724 2695 758 2764 ἐν
780 2693 973 2787 ἀρρήκτοισι
996 2697 1152 2777 mitiores,
1176 2723 1263 2784 quam

126 2806 322 2869 correctionem
343 2824 437 2886 neque
461 2806 655 2868 necessariam
685 2823 780 2885 neque
805 2805 876 2866 adeo
904 2804 1085 2885 probabilem
1106 2824 1171 2867 esse
1203 2824 1264 2867 non

125 2924 187 2985 opos
204 2917 247 2969 est
265 2927 426 2988 exponere.
470 2907 604 2970 Ceterum
620 2926 711 2986 quum
731 2906 828 2969 omnis
843 2908 914 2969 haec
933 2907 969 2968 de
982 2906 1118 2969 Pandora
1139 2909 1265 2970 narratio

123 3009 187 3088 apud
207 3010 367 3089 Origenem
392 3010 538 3089 descripta
565 3009 611 3083 sit,
637 3018 732 3071 contr.
759 3009 833 3071 Cels.
852 3009 901 3083 lv,
927 3009 977 3071 38.
1000 3019 1072 3072 tom.
1092 3010 1158 3071 11111
1177 3030 1207 3091 p.
1224 3011 1264 3073 58

124 3111 233 3187 Lomm,
248 3112 372 3174 omissis
387 3120 483 3174 tamen
499 3111 592 3173 trihus
608 3112 751 3183 versibus,
768 3110 817 3191 qui
833 3120 903 3172 sunt
915 3111 1049 3184 'to—72,
1066 3131 1194 3193 unoque,
1216 3114 1264 3193 qui

124 3222 159 3275 est
171 3214 217 3289 93,
232 3233 298 3277 non
313 3214 412 3293 inepte
426 3214 530 3293 aliquis
545 3212 713 3285 coniecerit,
737 3213 879 3275 diversam
894 3214 930 3274 ab
946 3214 1001 3275 hac
1019 3223 1120 3276 nostra
1135 3215 1266 3295 Operum

125 3316 311 3378 recensionem
323 3314 442 3394 Origeni
456 3315 487 3377 in
501 3313 638 3377 manibus
655 3314 754 3377 luisse.
797 3315 835 3374 Et
848 3333 965 3375 versum
988 3313 1029 3374 93
1048 3315 1165 3393 quidem
1181 3316 1265 3379 etiam

125 3419 226 3481 oodims
242 3417 362 3480 llesiodi
376 3435 438 3479 non
457 3417 542 3496 pauci
557 3416 708 3489 omittunt,
728 3434 783 3477 nec
803 3415 928 3477 dubitari
947 3423 1055 3495 potest,
1071 3418 1140 3496 quin
1161 3438 1195 3479 er
1211 3418 1264 3481 00.

125 3514 192 3591 xlx,
212 3520 274 3583 360
294 3522 421 3582 insertus
441 3518 480 3581 sit
499 3519 535 3580 ab
556 3517 652 3597 aliquo
673 3517 893 3597 interpolatore,
914 3517 963 3596 qui
978 3537 1003 3577 v.
1019 3517 1060 3579 92
1079 3537 1134 3599 pro
1154 3517 1264 3604 κῆρας,

124 3624 192 3700 quod
205 3624 290 3685 unice
303 3640 403 3683 rerum
423 3628 483 3693 est,
499 3617 599 3703 γῆρας
612 3620 734 3698 legeret3
754 3627 813 3682 tres
828 3626 925 3681 autem
945 3619 1114 3699 superiores
1133 3621 1219 3684 etiam
1235 3622 1265 3683 in

124 3720 280 3804 Theogonis
293 3726 431 3805 leguntur
446 3743 470 3784 v.
487 3722 666 3795 erl-573,
681 3722 759 3785 unde
773 3722 831 3785 huc
846 3721 990 3801 assumpti
1006 3720 1147 3795 ridentur,
1162 3724 1265 3803 primis

124 3832 223 3889 ustum
246 3827 341 3890 verbis
367 3825 496 3907 paullum
522 3824 696 3898 immutatis,
723 3824 831 3885 scilicet
856 3842 914 3903 quo
940 3823 1039 3886 minus
1064 3843 1167 3888 manca
1192 3828 1266 3891 loret

125 3930 248 3992 mnodo.
292 3928 390 4008 Neque
411 3926 481 3988 illud
501 3944 564 3987 non
583 3926 790 3988 advertendum
805 3934 864 3999 est,
884 3924 955 4003 nilu'l
974 3926 1060 4004 plane
1080 3927 1115 3989 sd
1136 3928 1266 3989 hostros

126 4048 214 4093 remo
229 4052 246 4093 a
261 4031 366 4093 Proelo
381 4036 552 4091 annotatum
568 4045 642 4089 esse.

199 4133 337 4215 Sequitur
350 4133 435 4195 locus
451 4130 487 4192 de
502 4129 631 4210 quinque
646 4128 787 4192 aetatibus
802 4129 917 4209 generis
932 4129 1060 4205 humani,
1075 4150 1101 4193 a.
1114 4151 1139 4192 v.
1159 4131 1218 4192 100
1231 4129 1266 4190 ad

127 4234 188 4307 tot,
201 4236 333 4299 omnium
348 4238 482 4307 tortasse,
496 4233 547 4313 qui
557 4232 589 4294 in
604 4232 748 4313 Operibus
760 4241 839 4310 sunt,
855 4230 1075 4294 recentissimus
1092 4232 1185 4313 etqui
1200 4249 1266 4292 cum

189 4459 228 4525 ll)
244 4458 272 4510 ln
284 4460 385 4512 dissert.
398 4460 429 4511 de
442 4458 564 4529 Pandora,
577 4474 634 4512 ann.
649 4457 713 4510 1853
726 4458 785 4510 odit
798 4475 821 4529 p.
836 4456 876 4510 16,
901 4456 1003 4532 (opusc.
1014 4454 1037 4507 ll
1049 4472 1074 4522 p.
1085 4453 1153 4517 282.)
