3284 5152
664 487 815 588 *ffl-

159 682 299 758 pognont.
315 674 358 737 Gi.
374 672 477 738 Baehr.
493 675 529 738 ad
543 675 650 738 Herod.
666 674 689 751 l,
705 674 725 737 5
739 695 768 758 p.
788 675 827 740 13
841 677 888 739 ed.
908 692 967 740 sac.
1001 675 1035 737 ln
1054 672 1134 737 lonis
1153 681 1253 738 autem
1272 693 1323 739 re·

159 778 327 858 sponsione,
342 796 370 839 ι.
388 776 459 851 352,

364 878 481 963 Φοίβῳ
505 874 583 963 γυνή
605 880 751 961 γεγῶσα·
771 873 816 964 μὴ
839 870 911 962 λέγ’,
933 866 960 943 oi
981 873 1064 963 ξένη,

161 1018 255 1080 multo
270 1017 362 1099 magis
377 1017 524 1099 Euripidis
539 1018 661 1098 eiusque
675 1017 826 1093 similium,
842 1037 930 1099 quam
945 1019 1058 1101 priscae
1069 1015 1172 1079 aetatis
1182 1015 1323 1110 iudicium

159 1138 309 1201 agnoscas.
339 1120 377 1181 Et
391 1138 429 1182 ne
440 1119 589 1202 Euripidis
604 1119 724 1200 quidem
739 1129 832 1182 aetate
847 1120 971 1183 deorum
986 1139 1053 1183 cum
1066 1118 1239 1181 mortalibus
1250 1135 1323 1180 con·

160 1221 277 1284 cubitus
291 1240 413 1303 prorsus
427 1220 609 1284 incredibiles
623 1221 709 1303 vulgo
726 1223 803 1285 visos
819 1242 884 1285 esse
894 1223 1028 1304 exempla
1043 1220 1187 1303 quaedam
1199 1219 1324 1281 demon·

161 1330 265 1397 suant,
281 1323 376 1404 qualia
390 1324 421 1385 in
435 1323 591 1406 Antiquitt.
604 1341 699 1404 graec.
715 1323 750 1385 ΙΙ.
767 1344 796 1404 p.
812 1324 870 1387 148
883 1321 1191 1387 commemoravimus.
1215 1320 1324 1384 Creusa

162 1434 264 1489 autem
279 1444 372 1508 ιιιιιιιιι
388 1426 466 1500 dicit,
482 1444 508 1487 r.
526 1426 598 1500 ³54,

362 1557 420 1625 καὶ
442 1555 553 1625 παῖδά
575 1553 603 1643 γ’
618 1554 708 1627 isses
728 1559 778 1646 τῷ
798 1559 872 1647 θεῷ
894 1555 1008 1653 tdnoa
1030 1554 1170 1643 πατρός·

161 1717 223 1763 ιιοιι
238 1699 365 1763 affirmat
379 1699 475 1763 solum
491 1699 570 1782 quod
586 1704 653 1764 ante
675 1700 788 1764 dixerat
808 1720 862 1784 per
883 1694 921 1783 γέ
938 1698 1126 1782 particulam,
1147 1696 1231 1761 onius
1251 1715 1324 1779 pro·

161 1802 257 1884 prium
271 1802 330 1864 vim
341 1802 450 1864 rectius
466 1803 703 1877 asserentium,
716 1804 779 1866 iere
800 1811 834 1866 ut
853 1812 972 1867 nostrae
991 1803 1040 1885 ja,
1062 1820 1166 1884 quam,
1186 1810 1220 1864 ut
1239 1799 1325 1864 multi

161 1905 272 1977 volunt,
288 1903 480 1967 restrictiram
498 1904 763 1987 (nenigstens)
786 1905 939 1969 dicendam
954 1922 1019 1967 esso
1037 1903 1180 1980 arbitror3
1197 1903 1249 1967 sod
1270 1903 1324 1966 ad·

162 2005 205 2070 dil
217 2006 305 2069 simul
320 2025 373 2088 per
389 2004 445 2069 καί
458 2004 566 2086 aliquid
581 2006 722 2088 amplius:
738 1991 827 2088 quin
842 2011 881 2086 (r.
897 2007 1023 2083 immo)
1040 2008 1152 2070 ctiam
1167 2023 1323 2088 puerum

163 2107 306 2190 peperit
319 2141 370 2183 -‚
388 2109 551 2190 quomodo
567 2103 627 2170 καί
642 2142 681 2156 -
698 2102 736 2191 γέ
757 2127 819 2171 non
834 2127 900 2173 raro
915 2109 973 2173 dici
985 2109 1183 2173 Blomlieldius
1196 2107 1325 2171 ostendit

164 2210 200 2276 ad
214 2211 346 2292 Aeschyl.
363 2210 443 2273 Pers.
459 2229 486 2272 v.
503 2209 574 2272 266.
592 2211 628 2272 ci.
644 2210 755 2292 Pliuglr.
772 2212 808 2274 ad
822 2211 893 2275 Eur.
909 2211 978 2276 ileo.
1000 2230 1026 2274 ι.
1040 2208 1119 2274 976.
1150 2210 1191 2272 lle
1211 2204 1325 2293 λάθρᾳ

164 2324 261 2376 autem
277 2314 367 2376 altera
381 2311 490 2394 syllaba
503 2312 645 2393 producta
660 2312 764 2376 monui
779 2313 836 2376 iam
856 2314 893 2378 ad
913 2314 1029 2377 Isaeum
1049 2333 1079 2396 p.
1102 2312 1172 2384 412,
1193 2311 1323 2375 dativum

141 2422 142 2426 ’
164 2435 229 2479 esse
249 2414 382 2479 adiectiri
398 2414 523 2477 obsoleti
532 2408 669 2494 λάθρος,
686 2416 828 2497 quamob
844 2432 962 2481 censam
978 2436 991 2478 ι
1008 2413 1253 2479 subscribendum
1269 2421 1324 2478 est

163 2519 295 2600 Neglerit
309 2519 367 2581 hoo
380 2517 547 2581 Badhomus
563 2516 684 2580 alteram
699 2518 827 2582 formam
842 2519 983 2590 scribens,
999 2537 1073 2601 quae
1087 2518 1146 2599 pro'
1160 2517 1324 2580 accusativo

163 2623 238 2704 plur.
254 2628 350 2685 neutr.
364 2618 494 2683 eiusdem
505 2618 636 2681 adiectivi
647 2619 778 2683 habenda
793 2630 848 2696 est,
864 2640 919 2685 nec
932 2619 1111 2685 admittenda
1121 2619 1151 2682 in
1167 2638 1262 2691 serso,
1277 2620 1325 2681 ni·

163 2724 189 2787 si
202 2723 227 2786 si
242 2731 372 2785 metrum
388 2722 508 2784 alteram
525 2721 664 2802 syllabam
681 2722 788 2804 corripi
803 2733 853 2786 aut
867 2723 997 2806 postulat
1011 2731 1062 2786 aul
1076 2722 1195 2803 petitur.

249 2826 362 2888 Rursus
383 2824 437 2887 lon
457 2823 545 2886 fldem
564 2842 597 2885 se
617 2823 743 2887 Creusae
763 2826 857 2889 verbis
877 2826 984 2890 habere
1003 2842 1123 2906 negans,
1145 2815 1204 2886 oris
1226 2814 1326 2894 ἔστιν,

164 2928 261 3011 inquit
274 2948 301 2990 v.
318 2928 391 2999 355,
406 2942 476 2990 non
492 2931 548 2989 est
562 2934 600 2988 ut
616 2925 723 3002 diois3
739 2946 802 2991 rem
817 2927 1015 2991 incredibilem
1038 2934 1067 2990 et
1086 2944 1162 3008 quae
1182 2926 1245 2990 lieri
1264 2942 1327 2989 non

163 3032 293 3115 potuerit
307 3030 361 3093 sihi
377 3028 467 3093 rideri
482 3028 657 3110 significans.
677 3029 727 3095 Sic
737 3030 816 3093 enim
831 3031 1007 3113 plerumque
1017 3031 1090 3093 hoec
1100 3028 1228 3092 formula
1237 3046 1326 3092 usur-

163 3140 260 3217 palor,
273 3151 332 3212 quo
347 3149 437 3195 sensu
452 3132 540 3194 latine
554 3131 663 3194 dixeris
683 3132 915 3196 nullomodo.
945 3133 989 3195 Cf.
1012 3132 1103 3213 Soph.
1115 3132 1182 3193 Ant.
1202 3151 1229 3194 r.
1246 3130 1325 3194 289:
1454 3188 1458 3199 .

163 3225 284 3321 ἢτοὸς
306 3231 427 3309 κακούς
447 3231 611 3315 τιμῶντας
633 3225 766 3320 εἰσορᾷς
787 3228 905 3311 &eodm
928 3225 986 3298 οὖν
1001 3226 1099 3300 ἔστιν.
1121 3235 1192 3297 Ειιι.
1207 3233 1282 3297 died.
1297 3252 1324 3296 ι.

165 3337 242 3401 388:
264 3337 314 3412 τίς
335 3334 393 3421 γῆν
413 3327 533 3399 ἄσυλον
554 3333 610 3399 καὶ
632 3330 752 3416 δόμους
773 3330 943 3418 λχτγγιλαυς
961 3332 1051 3414 ξένος
1071 3331 1249 3419 παρασχών
1269 3329 1325 3419 dli·

166 3452 263 3505 σεται
283 3429 406 3517 rodpds
428 3431 547 3516 δέμαςς
570 3428 629 3499 οὐκ
650 3430 748 3502 ἔστιν.
786 3437 891 3501 Electr.
914 3457 940 3499 r.
962 3438 1058 3501 1059:
1082 3428 1147 3517 r’ipo
1168 3432 1322 3513 sidocus,

167 3540 283 3623 μῆτερ,
306 3526 370 3600 εἶτ’
393 3531 496 3619 ἔρξαις
515 3535 638 3615 eosdm
666 3521 725 3603 odie
747 3531 845 3603 inser.
882 3539 915 3602 ln
936 3539 1079 3621 proximis
1099 3550 1198 3602 autem
1220 3540 1326 3615 serbis

166 3629 285 3722 ἀνδρὸς
299 3629 431 3702 ἀδικίαν
446 3630 644 3716 αἰσχύνεται,
662 3641 825 3704 accusativo
835 3657 900 3702 rem
913 3640 1066 3721 significari
1078 3639 1220 3715 ridemus,
1237 3659 1327 3724 quom

165 3750 285 3824 turpem
305 3740 360 3804 sini
379 3749 410 3804 et
430 3740 598 3822 pudendam
620 3742 667 3804 illa
686 3742 849 3817 existimet,
873 3761 933 3825 qno
953 3758 1043 3807 sensu
1063 3743 1133 3806 alias
1149 3743 1263 3806 delirus
1277 3750 1329 3806 aut

166 3845 248 3909 solus
267 3847 320 3907 aut
340 3862 408 3907 cum
429 3843 647 3924 praepositione
669 3834 731 3907 ἐπί
750 3844 821 3929 poni
838 3844 924 3907 solet.
954 3845 1012 3909 Sed
1027 3846 1209 3910 accusativus
1223 3846 1349 3926 eodem*

167 3947 257 4010 modo
272 3954 433 4029 usurpatur
448 3946 561 4008 intrav.
575 3945 652 4009 381:
670 3939 858 4025 αἰσχύνεται
872 3942 912 4010 cd
925 3943 1066 4031 πρᾶγμα.
1089 3948 1238 4032 Aristoph.
1250 3948 1327 4012 Plut.

167 4068 195 4112 ι.
210 4050 288 4112 774:
304 4040 503 4126 αἰσχύνομαι
520 4041 557 4111 ds’
571 4043 632 4123 τοὶς
646 4042 791 4129 ἐμαυτοῦ
804 4043 986 4135 συμφοράς,
1001 4055 1032 4114 et
1046 4050 1113 4114 alibi
1126 4052 1254 4135 saepius.
1276 4051 1330 4115 list

169 4151 258 4232 igitur
275 4153 307 4214 in
327 4150 498 4215 huiusmodi
520 4149 660 4232 exemplis
682 4142 900 4229 αἰσχύνεσθαι
920 4152 939 4215 ἰ
959 4171 989 4234 q.
1005 4144 1328 4240 αλσχρόνήγιῖσθαιι

171 4261 275 4316 conum
295 4251 345 4316 nbi
364 4271 433 4317 com
447 4253 611 4317 accusativo
627 4270 770 4334 personae
785 4253 982 4329 construitur,
1001 4262 1036 4319 ut
1049 4275 1077 4318 r.
1096 4255 1193 4319 tons:
1213 4249 1330 4335 otopd-
1393 4268 1400 4275 ·

169 4373 271 4436 νομαι
298 4349 358 4417 τὸν
383 4350 571 4436 πολύυμνον
598 4349 699 4433 θοόν,
731 4356 829 4439 pudor
858 4374 927 4420 oum
957 4357 1131 4421 verecundis
1155 4358 1330 4423 coniunctus

172 4455 361 4538 sunnone.
499 4511 503 4529 .
