<?xml version="1.0" encoding="UTF-8"?>
<!DOCTYPE html PUBLIC "-//W3C//DTD XHTML 1.0 Transitional//EN"
    "http://www.w3.org/TR/xhtml1/DTD/xhtml1-transitional.dtd">
<html xmlns="http://www.w3.org/1999/xhtml" xml:lang="en" lang="en">
 <head>
  <title>
</title>
<meta http-equiv="Content-Type" content="text/html;charset=utf-8" />
  <meta name='ocr-system' content='tesseract 3.04.00' />
  <meta name='ocr-capabilities' content='ocr_page ocr_carea ocr_par ocr_line ocrx_word'/>
</head>
<body>
  <div class='ocr_page' id='page_1' title='image "./opusculaacademi00schogoog_0301.png"; bbox 0 0 3154 5138; ppageno 0'>
   <div class='ocr_carea' id='block_1_1' title="bbox 753 408 911 502">
    <p class='ocr_par' dir='ltr' id='par_1_1' title="bbox 753 408 911 502">
     <span class='ocr_line' id='line_1_1' title="bbox 753 408 911 502; baseline 0.006 -1"><span class='ocrx_word' id='word_1_1' title='bbox 753 408 763 425; x_wconf 74' lang='grc'><strong>“</strong></span> <span class='ocrx_word' id='word_1_2' title='bbox 847 439 911 502; x_wconf 80' lang='lat' dir='ltr'><strong>roo</strong></span> 
     </span>
    </p>
   </div>
   <div class='ocr_carea' id='block_1_2' title="bbox 258 624 1571 3984">
    <p class='ocr_par' dir='ltr' id='par_1_2' title="bbox 304 624 1441 811">
     <span class='ocr_line' id='line_1_2' title="bbox 305 624 1438 707; baseline 0.004 -22"><span class='ocrx_word' id='word_1_3' title='bbox 305 624 383 685; x_wconf 91' lang='lat' dir='ltr'><strong>enim</strong></span> <span class='ocrx_word' id='word_1_4' title='bbox 397 625 483 706; x_wconf 87' lang='lat' dir='ltr'><strong>plane</strong></span> <span class='ocrx_word' id='word_1_5' title='bbox 496 625 669 700; x_wconf 84' lang='lat' dir='ltr'><strong>necessaria,</strong></span> <span class='ocrx_word' id='word_1_6' title='bbox 684 625 773 707; x_wconf 79' lang='lat' dir='ltr'><strong>idque</strong></span> <span class='ocrx_word' id='word_1_7' title='bbox 787 634 847 689; x_wconf 86' lang='lat' dir='ltr'><strong>tam</strong></span> <span class='ocrx_word' id='word_1_8' title='bbox 861 625 1017 707; x_wconf 88' lang='lat' dir='ltr'><strong>perspicue</strong></span> <span class='ocrx_word' id='word_1_9' title='bbox 1030 624 1087 689; x_wconf 89' lang='lat' dir='ltr'><strong>iam</strong></span> <span class='ocrx_word' id='word_1_10' title='bbox 1103 625 1140 689; x_wconf 87' lang='lat' dir='ltr'><strong>ab</strong></span> <span class='ocrx_word' id='word_1_11' title='bbox 1149 625 1316 690; x_wconf 86' lang='lat' dir='ltr'><strong>Heindorllo</strong></span> <span class='ocrx_word' id='word_1_12' title='bbox 1326 624 1438 689; x_wconf 87' lang='lat' dir='ltr'><strong>demon·</strong></span> 
     </span>
     <span class='ocr_line' id='line_1_3' title="bbox 304 726 1441 811; baseline 0.004 -22"><span class='ocrx_word' id='word_1_13' title='bbox 304 734 427 790; x_wconf 87' lang='lat' dir='ltr'><strong>stratum</strong></span> <span class='ocrx_word' id='word_1_14' title='bbox 449 737 507 804; x_wconf 91' lang='lat' dir='ltr'><strong>est,</strong></span> <span class='ocrx_word' id='word_1_15' title='bbox 525 736 560 791; x_wconf 84' lang='lat' dir='ltr'><strong>ut</strong></span> <span class='ocrx_word' id='word_1_16' title='bbox 577 726 669 791; x_wconf 88' lang='lat' dir='ltr'><strong>mirer</strong></span> <span class='ocrx_word' id='word_1_17' title='bbox 685 746 747 791; x_wconf 92' lang='lat' dir='ltr'><strong>non</strong></span> <span class='ocrx_word' id='word_1_18' title='bbox 766 748 939 810; x_wconf 76' lang='lat' dir='ltr'><strong>persuasum</strong></span> <span class='ocrx_word' id='word_1_19' title='bbox 958 748 1025 793; x_wconf 86' lang='lat' dir='ltr'><strong>esse</strong></span> <span class='ocrx_word' id='word_1_20' title='bbox 1044 728 1164 805; x_wconf 88' lang='lat' dir='ltr'><strong>Orellio,</strong></span> <span class='ocrx_word' id='word_1_21' title='bbox 1182 731 1233 811; x_wconf 87' lang='lat' dir='ltr'><strong>qui</strong></span> <span class='ocrx_word' id='word_1_22' title='bbox 1250 730 1344 793; x_wconf 88' lang='lat' dir='ltr'><strong>nescio</strong></span> <span class='ocrx_word' id='word_1_23' title='bbox 1362 748 1441 811; x_wconf 85' lang='lat' dir='ltr'><strong>quam</strong></span> 
     </span>
    </p>

    <p class='ocr_par' dir='ltr' id='par_1_3' title="bbox 258 831 1571 3762">
     <span class='ocr_line' id='line_1_4' title="bbox 258 831 1441 913; baseline -0.002 -18"><span class='ocrx_word' id='word_1_24' title='bbox 258 846 288 896; x_wconf 80' lang='lat' dir='ltr'><strong>rc</strong></span> <span class='ocrx_word' id='word_1_25' title='bbox 306 832 497 896; x_wconf 80' lang='lat' dir='ltr'>urbanitatem</span> <span class='ocrx_word' id='word_1_26' title='bbox 517 832 549 895; x_wconf 92' lang='lat' dir='ltr'><strong>in</strong></span> <span class='ocrx_word' id='word_1_27' title='bbox 567 833 680 913; x_wconf 74' lang='lat' dir='ltr'><strong>rudgata</strong></span> <span class='ocrx_word' id='word_1_28' title='bbox 698 832 821 894; x_wconf 83' lang='lat' dir='ltr'><strong>lectione</strong></span> <span class='ocrx_word' id='word_1_29' title='bbox 839 832 894 894; x_wconf 88' lang='lat' dir='ltr'><strong>sibi</strong></span> <span class='ocrx_word' id='word_1_30' title='bbox 914 831 1043 895; x_wconf 83' lang='lat' dir='ltr'><strong>invenire</strong></span> <span class='ocrx_word' id='word_1_31' title='bbox 1061 832 1142 894; x_wconf 82' lang='lat' dir='ltr'><strong>visus</strong></span> <span class='ocrx_word' id='word_1_32' title='bbox 1161 842 1220 907; x_wconf 88' lang='lat' dir='ltr'><strong>est,</strong></span> <span class='ocrx_word' id='word_1_33' title='bbox 1244 851 1360 913; x_wconf 76' lang='lat' dir='ltr'><strong>mmqus</strong></span> <span class='ocrx_word' id='word_1_34' title='bbox 1376 833 1441 895; x_wconf 75' lang='lat' dir='ltr'><strong>tomi</strong></span> 
     </span>
     <span class='ocr_line' id='line_1_5' title="bbox 304 933 1444 1016; baseline 0 -20"><span class='ocrx_word' id='word_1_35' title='bbox 304 933 351 997; x_wconf 87' lang='lat' dir='ltr'><strong>his</strong></span> <span class='ocrx_word' id='word_1_36' title='bbox 371 934 469 997; x_wconf 86' lang='lat' dir='ltr'><strong>verbis</strong></span> <span class='ocrx_word' id='word_1_37' title='bbox 489 943 620 998; x_wconf 87' lang='lat' dir='ltr'><strong>conatur.</strong></span> <span class='ocrx_word' id='word_1_38' title='bbox 655 935 764 1010; x_wconf 76' lang='lat' dir='ltr'><strong>,Erant</strong></span> <span class='ocrx_word' id='word_1_39' title='bbox 780 935 947 1016; x_wconf 84' lang='lat' dir='ltr'><strong>Epicurei“,</strong></span> <span class='ocrx_word' id='word_1_40' title='bbox 970 935 1079 1016; x_wconf 89' lang='lat' dir='ltr'><strong>inquit,</strong></span> <span class='ocrx_word' id='word_1_41' title='bbox 1101 935 1168 1016; x_wconf 86' lang='lat' dir='ltr'><strong>„qui</strong></span> <span class='ocrx_word' id='word_1_42' title='bbox 1193 934 1304 1015; x_wconf 89' lang='lat' dir='ltr'><strong>pudore</strong></span> <span class='ocrx_word' id='word_1_43' title='bbox 1327 933 1444 1015; x_wconf 82' lang='lat' dir='ltr'><strong>quodam</strong></span> 
     </span>
     <span class='ocr_line' id='line_1_6' title="bbox 304 1036 1445 1120; baseline 0.001 -22"><span class='ocrx_word' id='word_1_44' title='bbox 304 1036 445 1099; x_wconf 83' lang='lat' dir='ltr'><strong>commoti</strong></span> <span class='ocrx_word' id='word_1_45' title='bbox 460 1046 600 1118; x_wconf 75' lang='lat' dir='ltr'><strong>negarent</strong></span> <span class='ocrx_word' id='word_1_46' title='bbox 612 1038 741 1118; x_wconf 80' lang='lat' dir='ltr'><strong>Epicuro</strong></span> <span class='ocrx_word' id='word_1_47' title='bbox 756 1039 900 1120; x_wconf 78' lang='lat' dir='ltr'><strong>placuisse</strong></span> <span class='ocrx_word' id='word_1_48' title='bbox 914 1039 1077 1102; x_wconf 80' lang='lat' dir='ltr'><strong>obscoenus</strong></span> <span class='ocrx_word' id='word_1_49' title='bbox 1093 1039 1261 1119; x_wconf 84' lang='lat' dir='ltr'><strong>voluptates.</strong></span> <span class='ocrx_word' id='word_1_50' title='bbox 1290 1036 1445 1100; x_wconf 74' lang='lat' dir='ltr'><strong>salsissima</strong></span> 
     </span>
     <span class='ocr_line' id='line_1_7' title="bbox 302 1131 1447 1226; baseline 0.002 -25"><span class='ocrx_word' id='word_1_51' title='bbox 302 1147 399 1201; x_wconf 90' lang='lat' dir='ltr'><strong>autem</strong></span> <span class='ocrx_word' id='word_1_52' title='bbox 414 1131 564 1226; x_wconf 75' lang='grc' dir='ltr'><strong>εἰρωνείᾳ</strong></span> <span class='ocrx_word' id='word_1_53' title='bbox 583 1141 735 1219; x_wconf 90' lang='lat' dir='ltr'><strong>(nimirum</strong></span> <span class='ocrx_word' id='word_1_54' title='bbox 754 1142 826 1205; x_wconf 88' lang='lat' dir='ltr'><strong>baec</strong></span> <span class='ocrx_word' id='word_1_55' title='bbox 840 1150 886 1205; x_wconf 90' lang='lat' dir='ltr'><strong>est</strong></span> <span class='ocrx_word' id='word_1_56' title='bbox 901 1142 1063 1218; x_wconf 82' lang='lat' dir='ltr'><strong>urbanitas)</strong></span> <span class='ocrx_word' id='word_1_57' title='bbox 1084 1140 1229 1221; x_wconf 75' lang='lat' dir='ltr'><strong>significat</strong></span> <span class='ocrx_word' id='word_1_58' title='bbox 1242 1139 1351 1203; x_wconf 72' lang='lat' dir='ltr'><strong>lulius</strong></span> <span class='ocrx_word' id='word_1_59' title='bbox 1362 1139 1447 1203; x_wconf 72' lang='lat' dir='ltr'><strong>Velle</strong></span> 
     </span>
     <span class='ocr_line' id='line_1_8' title="bbox 301 1240 1447 1326; baseline 0.003 -24"><span class='ocrx_word' id='word_1_60' title='bbox 301 1240 376 1317; x_wconf 93' lang='lat' dir='ltr'><strong>ium,</strong></span> <span class='ocrx_word' id='word_1_61' title='bbox 396 1243 446 1323; x_wconf 86' lang='lat' dir='ltr'><strong>qui</strong></span> <span class='ocrx_word' id='word_1_62' title='bbox 460 1243 584 1306; x_wconf 85' lang='lat' dir='ltr'><strong>fidenter</strong></span> <span class='ocrx_word' id='word_1_63' title='bbox 597 1262 682 1324; x_wconf 77' lang='lat' dir='ltr'><strong>agere</strong></span> <span class='ocrx_word' id='word_1_64' title='bbox 696 1244 810 1307; x_wconf 76' lang='lat' dir='ltr'><strong>solebat</strong></span> <span class='ocrx_word' id='word_1_65' title='bbox 825 1247 928 1326; x_wconf 88' lang='lat' dir='ltr'><strong>(supra</strong></span> <span class='ocrx_word' id='word_1_66' title='bbox 943 1248 972 1321; x_wconf 59' lang='lat' dir='ltr'><strong>d.</strong></span> <span class='ocrx_word' id='word_1_67' title='bbox 991 1243 1055 1322; x_wconf 76' lang='lat'><strong>18),</strong></span> <span class='ocrx_word' id='word_1_68' title='bbox 1069 1262 1255 1325; x_wconf 80' lang='lat' dir='ltr'><strong>nequaqmm</strong></span> <span class='ocrx_word' id='word_1_69' title='bbox 1269 1244 1359 1306; x_wconf 82' lang='lat' dir='ltr'><strong>luisse</strong></span> <span class='ocrx_word' id='word_1_70' title='bbox 1372 1262 1388 1305; x_wconf 91' lang='lat' dir='ltr'><strong>e</strong></span> <span class='ocrx_word' id='word_1_71' title='bbox 1400 1260 1447 1321; x_wconf 72' lang='lat' dir='ltr'><strong>ge·</strong></span> 
     </span>
     <span class='ocr_line' id='line_1_9' title="bbox 302 1345 1450 1427; baseline 0.001 -21"><span class='ocrx_word' id='word_1_72' title='bbox 302 1363 372 1407; x_wconf 88' lang='lat' dir='ltr'><strong>nere</strong></span> <span class='ocrx_word' id='word_1_73' title='bbox 386 1345 436 1408; x_wconf 90' lang='lat' dir='ltr'><strong>illo</strong></span> <span class='ocrx_word' id='word_1_74' title='bbox 450 1346 663 1426; x_wconf 78' lang='lat' dir='ltr'>Epicureorum</span> <span class='ocrx_word' id='word_1_75' title='bbox 677 1346 766 1409; x_wconf 89' lang='lat' dir='ltr'><strong>nimis</strong></span> <span class='ocrx_word' id='word_1_76' title='bbox 781 1347 995 1427; x_wconf 77' lang='lat' dir='ltr'><strong>religiosorum.</strong></span> <span class='ocrx_word' id='word_1_77' title='bbox 1022 1346 1167 1422; x_wconf 79' lang='lat' dir='ltr'><strong>Quocirca</strong></span> <span class='ocrx_word' id='word_1_78' title='bbox 1181 1345 1271 1409; x_wconf 61' lang='lat' dir='ltr'><strong>mam</strong></span> <span class='ocrx_word' id='word_1_79' title='bbox 1286 1350 1314 1423; x_wconf 61' lang='lat' dir='ltr'><strong>d.</strong></span> <span class='ocrx_word' id='word_1_80' title='bbox 1332 1345 1384 1408; x_wconf 84' lang='lat'><strong>13:</strong></span> <span class='ocrx_word' id='word_1_81' title='bbox 1397 1363 1450 1407; x_wconf 89' lang='lat' dir='ltr'><strong>an·</strong></span> 
     </span>
     <span class='ocr_line' id='line_1_10' title="bbox 303 1436 1571 1530; baseline 0 -21"><span class='ocrx_word' id='word_1_82' title='bbox 303 1465 410 1511; x_wconf 88' lang='lat' dir='ltr'><strong>nuere</strong></span> <span class='ocrx_word' id='word_1_83' title='bbox 424 1457 457 1511; x_wconf 87' lang='lat' dir='ltr'><strong>te</strong></span> <span class='ocrx_word' id='word_1_84' title='bbox 473 1448 603 1511; x_wconf 82' lang='lat' dir='ltr'><strong>rideo.“</strong></span> <span class='ocrx_word' id='word_1_85' title='bbox 632 1449 718 1530; x_wconf 78' lang='lat' dir='ltr'><strong>Atqui</strong></span> <span class='ocrx_word' id='word_1_86' title='bbox 732 1450 791 1512; x_wconf 94' lang='lat' dir='ltr'><strong>hoc</strong></span> <span class='ocrx_word' id='word_1_87' title='bbox 811 1449 928 1530; x_wconf 90' lang='lat' dir='ltr'><strong>quidem</strong></span> <span class='ocrx_word' id='word_1_88' title='bbox 947 1467 1102 1513; x_wconf 77' lang='lat' dir='ltr'><strong>annuere</strong></span> <span class='ocrx_word' id='word_1_89' title='bbox 1120 1449 1193 1511; x_wconf 86' lang='lat' dir='ltr'>nihil</span> <span class='ocrx_word' id='word_1_90' title='bbox 1212 1448 1288 1511; x_wconf 82' lang='lat' dir='ltr'><strong>eliud</strong></span> <span class='ocrx_word' id='word_1_91' title='bbox 1307 1446 1449 1528; x_wconf 76' lang='lat' dir='ltr'><strong>significat,</strong></span> <span class='ocrx_word' id='word_1_92' title='bbox 1557 1436 1571 1529; x_wconf 74' lang='lat'>]</span> 
     </span>
     <span class='ocr_line' id='line_1_11' title="bbox 303 1549 1452 1633; baseline -0.004 -19"><span class='ocrx_word' id='word_1_93' title='bbox 303 1570 390 1632; x_wconf 79' lang='lat' dir='ltr'><strong>quem</strong></span> <span class='ocrx_word' id='word_1_94' title='bbox 406 1552 489 1615; x_wconf 84' lang='lat' dir='ltr'><strong>lateri</strong></span> <span class='ocrx_word' id='word_1_95' title='bbox 504 1552 656 1626; x_wconf 78' lang='lat' dir='ltr'><strong>Voltcium,</strong></span> <span class='ocrx_word' id='word_1_96' title='bbox 677 1554 753 1615; x_wconf 87' lang='lat' dir='ltr'><strong>dicta</strong></span> <span class='ocrx_word' id='word_1_97' title='bbox 771 1570 839 1615; x_wconf 87' lang='lat' dir='ltr'><strong>esse</strong></span> <span class='ocrx_word' id='word_1_98' title='bbox 857 1552 894 1615; x_wconf 91' lang='lat' dir='ltr'><strong>ab</strong></span> <span class='ocrx_word' id='word_1_99' title='bbox 913 1552 1038 1633; x_wconf 84' lang='lat' dir='ltr'><strong>Epicuro</strong></span> <span class='ocrx_word' id='word_1_100' title='bbox 1059 1570 1133 1632; x_wconf 86' lang='lat' dir='ltr'><strong>quae</strong></span> <span class='ocrx_word' id='word_1_101' title='bbox 1152 1549 1311 1613; x_wconf 85' lang='lat' dir='ltr'><strong>adversarii</strong></span> <span class='ocrx_word' id='word_1_102' title='bbox 1330 1550 1452 1630; x_wconf 74' lang='lat' dir='ltr'><strong>culpent:</strong></span> 
     </span>
     <span class='ocr_line' id='line_1_12' title="bbox 302 1652 1453 1736; baseline -0.003 -21"><span class='ocrx_word' id='word_1_103' title='bbox 302 1654 448 1734; x_wconf 79' lang='lat' dir='ltr'><strong>pudeatne</strong></span> <span class='ocrx_word' id='word_1_104' title='bbox 466 1654 566 1734; x_wconf 88' lang='lat' dir='ltr'><strong>ipsum</strong></span> <span class='ocrx_word' id='word_1_105' title='bbox 589 1654 705 1718; x_wconf 89' lang='lat' dir='ltr'><strong>illorum</strong></span> <span class='ocrx_word' id='word_1_106' title='bbox 729 1673 767 1717; x_wconf 88' lang='lat' dir='ltr'><strong>au</strong></span> <span class='ocrx_word' id='word_1_107' title='bbox 792 1672 853 1717; x_wconf 92' lang='lat' dir='ltr'><strong>non</strong></span> <span class='ocrx_word' id='word_1_108' title='bbox 877 1656 999 1736; x_wconf 87' lang='lat' dir='ltr'><strong>pudeat,</strong></span> <span class='ocrx_word' id='word_1_109' title='bbox 1023 1673 1058 1716; x_wconf 82' lang='lat' dir='ltr'><strong>ex</strong></span> <span class='ocrx_word' id='word_1_110' title='bbox 1079 1654 1139 1716; x_wconf 91' lang='lat' dir='ltr'><strong>boc</strong></span> <span class='ocrx_word' id='word_1_111' title='bbox 1160 1660 1238 1716; x_wconf 89' lang='lat' dir='ltr'><strong>nutu</strong></span> <span class='ocrx_word' id='word_1_112' title='bbox 1259 1652 1378 1732; x_wconf 75' lang='lat' dir='ltr'><strong>intelligi</strong></span> <span class='ocrx_word' id='word_1_113' title='bbox 1396 1668 1453 1713; x_wconf 92' lang='lat' dir='ltr'><strong>non</strong></span> 
     </span>
     <span class='ocr_line' id='line_1_13' title="bbox 302 1732 1571 1838; baseline -0.002 -20"><span class='ocrx_word' id='word_1_114' title='bbox 302 1764 408 1835; x_wconf 82' lang='lat' dir='ltr'><strong>potest</strong></span> <span class='ocrx_word' id='word_1_115' title='bbox 433 1755 544 1819; x_wconf 89' lang='lat' dir='ltr'><strong>Nostro</strong></span> <span class='ocrx_word' id='word_1_116' title='bbox 560 1766 657 1821; x_wconf 86' lang='lat' dir='ltr'><strong>autem</strong></span> <span class='ocrx_word' id='word_1_117' title='bbox 671 1757 751 1829; x_wconf 91' lang='lat' dir='ltr'><strong>loco,</strong></span> <span class='ocrx_word' id='word_1_118' title='bbox 767 1757 793 1820; x_wconf 87' lang='lat' dir='ltr'><strong>si</strong></span> <span class='ocrx_word' id='word_1_119' title='bbox 808 1757 953 1820; x_wconf 88' lang='lat' dir='ltr'><strong>omittitur</strong></span> <span class='ocrx_word' id='word_1_120' title='bbox 966 1756 1106 1838; x_wconf 85' lang='lat' dir='ltr'><strong>particula</strong></span> <span class='ocrx_word' id='word_1_121' title='bbox 1120 1755 1269 1836; x_wconf 77' lang='lat' dir='ltr'><strong>negativa,</strong></span> <span class='ocrx_word' id='word_1_122' title='bbox 1285 1755 1385 1818; x_wconf 82' lang='lat' dir='ltr'><strong>Cicero</strong></span> <span class='ocrx_word' id='word_1_123' title='bbox 1399 1771 1455 1816; x_wconf 93' lang='lat' dir='ltr'><strong>non</strong></span> <span class='ocrx_word' id='word_1_124' title='bbox 1564 1732 1571 1807; x_wconf 77' lang='lat' dir='ltr'><strong>i</strong></span> 
     </span>
     <span class='ocr_line' id='line_1_14' title="bbox 300 1854 1571 1940; baseline -0.002 -21"><span class='ocrx_word' id='word_1_125' title='bbox 300 1858 359 1921; x_wconf 91' lang='lat' dir='ltr'><strong>hoc</strong></span> <span class='ocrx_word' id='word_1_126' title='bbox 371 1858 461 1933; x_wconf 88' lang='lat' dir='ltr'><strong>dicet,</strong></span> <span class='ocrx_word' id='word_1_127' title='bbox 482 1859 561 1940; x_wconf 88' lang='lat' dir='ltr'><strong>quod</strong></span> <span class='ocrx_word' id='word_1_128' title='bbox 577 1858 702 1922; x_wconf 83' lang='lat' dir='ltr'><strong>Orellius</strong></span> <span class='ocrx_word' id='word_1_129' title='bbox 717 1859 791 1934; x_wconf 88' lang='lat' dir='ltr'><strong>vult,</strong></span> <span class='ocrx_word' id='word_1_130' title='bbox 807 1879 873 1922; x_wconf 91' lang='lat' dir='ltr'><strong>esse</strong></span> <span class='ocrx_word' id='word_1_131' title='bbox 887 1860 964 1921; x_wconf 89' lang='lat' dir='ltr'><strong>inter</strong></span> <span class='ocrx_word' id='word_1_132' title='bbox 976 1858 1152 1940; x_wconf 86' lang='lat' dir='ltr'><strong>Epicureos,</strong></span> <span class='ocrx_word' id='word_1_133' title='bbox 1167 1876 1247 1939; x_wconf 88' lang='lat' dir='ltr'><strong>ques</strong></span> <span class='ocrx_word' id='word_1_134' title='bbox 1261 1854 1395 1938; x_wconf 78' lang='lat' dir='ltr'><strong>magistri</strong></span> <span class='ocrx_word' id='word_1_135' title='bbox 1407 1874 1455 1917; x_wconf 78' lang='lat' dir='ltr'><strong>ro·</strong></span> <span class='ocrx_word' id='word_1_136' title='bbox 1560 1863 1571 1901; x_wconf 71' lang='lat' dir='ltr'><strong>l</strong></span> 
     </span>
     <span class='ocr_line' id='line_1_15' title="bbox 302 1958 1568 2043; baseline -0.002 -21"><span class='ocrx_word' id='word_1_137' title='bbox 302 1980 368 2023; x_wconf 92' lang='lat' dir='ltr'><strong>cum</strong></span> <span class='ocrx_word' id='word_1_138' title='bbox 388 1962 508 2041; x_wconf 87' lang='lat' dir='ltr'><strong>pudeat,</strong></span> <span class='ocrx_word' id='word_1_139' title='bbox 528 1981 634 2043; x_wconf 89' lang='lat' dir='ltr'><strong>nempe</strong></span> <span class='ocrx_word' id='word_1_140' title='bbox 652 1961 824 2036; x_wconf 91' lang='lat' dir='ltr'><strong>nonnullos,</strong></span> <span class='ocrx_word' id='word_1_141' title='bbox 845 1963 897 2025; x_wconf 90' lang='lat' dir='ltr'><strong>sed</strong></span> <span class='ocrx_word' id='word_1_142' title='bbox 915 1962 1025 2043; x_wconf 87' lang='lat' dir='ltr'><strong>pudere</strong></span> <span class='ocrx_word' id='word_1_143' title='bbox 1045 1980 1161 2035; x_wconf 87' lang='lat' dir='ltr'><strong>earum,</strong></span> <span class='ocrx_word' id='word_1_144' title='bbox 1181 1967 1303 2041; x_wconf 87' lang='lat' dir='ltr'><strong>praeter</strong></span> <span class='ocrx_word' id='word_1_145' title='bbox 1316 1958 1458 2031; x_wconf 73' lang='lat' dir='ltr'><strong>vellelum,</strong></span> <span class='ocrx_word' id='word_1_146' title='bbox 1559 1964 1568 1997; x_wconf 68' lang='lat'>⁵</span> 
     </span>
     <span class='ocr_line' id='line_1_16' title="bbox 302 2063 1461 2145; baseline -0.002 -20"><span class='ocrx_word' id='word_1_147' title='bbox 302 2082 415 2126; x_wconf 87' lang='lat' dir='ltr'><strong>omnes.</strong></span> <span class='ocrx_word' id='word_1_148' title='bbox 445 2063 584 2145; x_wconf 84' lang='lat' dir='ltr'><strong>Reliqui</strong></span> <span class='ocrx_word' id='word_1_149' title='bbox 599 2063 678 2125; x_wconf 88' lang='lat' dir='ltr'><strong>enim</strong></span> <span class='ocrx_word' id='word_1_150' title='bbox 693 2063 837 2138; x_wconf 91' lang='lat' dir='ltr'><strong>dicuntur,</strong></span> <span class='ocrx_word' id='word_1_151' title='bbox 853 2064 902 2144; x_wconf 91' lang='lat' dir='ltr'><strong>qui</strong></span> <span class='ocrx_word' id='word_1_152' title='bbox 917 2064 1012 2144; x_wconf 72' lang='lat' dir='ltr'><strong>aliqua</strong></span> <span class='ocrx_word' id='word_1_153' title='bbox 1026 2064 1071 2126; x_wconf 86' lang='lat' dir='ltr'><strong>vel</strong></span> <span class='ocrx_word' id='word_1_154' title='bbox 1084 2080 1190 2143; x_wconf 78' lang='lat' dir='ltr'><strong>magna</strong></span> <span class='ocrx_word' id='word_1_155' title='bbox 1204 2063 1251 2125; x_wconf 84' lang='lat' dir='ltr'><strong>vel</strong></span> <span class='ocrx_word' id='word_1_156' title='bbox 1265 2063 1371 2143; x_wconf 77' lang='lat' dir='ltr'><strong>exigua</strong></span> <span class='ocrx_word' id='word_1_157' title='bbox 1382 2069 1461 2143; x_wconf 85' lang='lat' dir='ltr'><strong>parte</strong></span> 
     </span>
     <span class='ocr_line' id='line_1_17' title="bbox 301 2162 1571 2246; baseline -0.001 -19"><span class='ocrx_word' id='word_1_158' title='bbox 301 2173 418 2245; x_wconf 83' lang='lat' dir='ltr'><strong>excepta</strong></span> <span class='ocrx_word' id='word_1_159' title='bbox 437 2166 652 2246; x_wconf 87' lang='lat' dir='ltr'><strong>relinquuntm:</strong></span> <span class='ocrx_word' id='word_1_160' title='bbox 672 2173 810 2246; x_wconf 81' lang='lat' dir='ltr'><strong>exceptus</strong></span> <span class='ocrx_word' id='word_1_161' title='bbox 830 2174 925 2228; x_wconf 84' lang='lat' dir='ltr'><strong>autem</strong></span> <span class='ocrx_word' id='word_1_162' title='bbox 946 2184 1025 2228; x_wconf 89' lang='lat' dir='ltr'><strong>nunc</strong></span> <span class='ocrx_word' id='word_1_163' title='bbox 1044 2182 1120 2228; x_wconf 77' lang='lat' dir='ltr'><strong>untes</strong></span> <span class='ocrx_word' id='word_1_164' title='bbox 1134 2164 1344 2228; x_wconf 77' lang='lat' dir='ltr'><strong>Velleiusest:</strong></span> <span class='ocrx_word' id='word_1_165' title='bbox 1363 2162 1460 2243; x_wconf 80' lang='lat' dir='ltr'><strong>reliqui</strong></span> <span class='ocrx_word' id='word_1_166' title='bbox 1567 2174 1571 2209; x_wconf 63' lang='lat' dir='ltr'><strong>t</strong></span> 
     </span>
     <span class='ocr_line' id='line_1_18' title="bbox 300 2266 1569 2350; baseline -0.001 -21"><span class='ocrx_word' id='word_1_167' title='bbox 300 2286 370 2347; x_wconf 80' lang='lat' dir='ltr'><strong>ergo</strong></span> <span class='ocrx_word' id='word_1_168' title='bbox 391 2286 497 2330; x_wconf 86' lang='lat' dir='ltr'><strong>omnes</strong></span> <span class='ocrx_word' id='word_1_169' title='bbox 515 2276 593 2331; x_wconf 83' lang='lat' dir='ltr'><strong>sunt</strong></span> <span class='ocrx_word' id='word_1_170' title='bbox 632 2267 743 2330; x_wconf 81' lang='lat' dir='ltr'><strong>Omnes</strong></span> <span class='ocrx_word' id='word_1_171' title='bbox 762 2286 831 2330; x_wconf 81' lang='lat' dir='ltr'><strong>vero</strong></span> <span class='ocrx_word' id='word_1_172' title='bbox 851 2267 1025 2347; x_wconf 83' lang='lat' dir='ltr'><strong>Epicureos,</strong></span> <span class='ocrx_word' id='word_1_173' title='bbox 1044 2275 1159 2350; x_wconf 84' lang='lat' dir='ltr'><strong>praeter</strong></span> <span class='ocrx_word' id='word_1_174' title='bbox 1178 2266 1339 2342; x_wconf 77' lang='lat' dir='ltr'><strong>vellelum,</strong></span> <span class='ocrx_word' id='word_1_175' title='bbox 1357 2266 1463 2348; x_wconf 88' lang='lat' dir='ltr'><strong>pudere</strong></span> <span class='ocrx_word' id='word_1_176' title='bbox 1560 2268 1569 2309; x_wconf 68' lang='lat'><strong>&#39;-</strong></span> 
     </span>
     <span class='ocr_line' id='line_1_19' title="bbox 300 2369 1571 2450; baseline -0.003 -18"><span class='ocrx_word' id='word_1_177' title='bbox 300 2370 424 2432; x_wconf 88' lang='lat' dir='ltr'><strong>istarum</strong></span> <span class='ocrx_word' id='word_1_178' title='bbox 443 2388 562 2445; x_wconf 83' lang='lat' dir='ltr'><strong>vocum,</strong></span> <span class='ocrx_word' id='word_1_179' title='bbox 580 2369 660 2431; x_wconf 89' lang='lat' dir='ltr'><strong>bunc</strong></span> <span class='ocrx_word' id='word_1_180' title='bbox 676 2387 770 2432; x_wconf 87' lang='lat' dir='ltr'><strong>unum</strong></span> <span class='ocrx_word' id='word_1_181' title='bbox 789 2388 852 2432; x_wconf 90' lang='lat' dir='ltr'><strong>non</strong></span> <span class='ocrx_word' id='word_1_182' title='bbox 871 2369 996 2450; x_wconf 90' lang='lat' dir='ltr'><strong>pudere,</strong></span> <span class='ocrx_word' id='word_1_183' title='bbox 1014 2370 1044 2431; x_wconf 93' lang='lat' dir='ltr'><strong>id</strong></span> <span class='ocrx_word' id='word_1_184' title='bbox 1064 2371 1198 2450; x_wconf 83' lang='lat' dir='ltr'><strong>prolecto</strong></span> <span class='ocrx_word' id='word_1_185' title='bbox 1214 2369 1323 2433; x_wconf 89' lang='lat' dir='ltr'><strong>Cicero</strong></span> <span class='ocrx_word' id='word_1_186' title='bbox 1343 2387 1383 2431; x_wconf 92' lang='lat' dir='ltr'><strong>ne</strong></span> <span class='ocrx_word' id='word_1_187' title='bbox 1400 2386 1461 2431; x_wconf 84' lang='lat' dir='ltr'><strong>cunr</strong></span> <span class='ocrx_word' id='word_1_188' title='bbox 1565 2377 1571 2417; x_wconf 62' lang='grc' dir='ltr'><strong><em>ὲ</em></strong></span> 
     </span>
     <span class='ocr_line' id='line_1_20' title="bbox 300 2469 1571 2553; baseline -0.002 -19"><span class='ocrx_word' id='word_1_189' title='bbox 300 2471 394 2535; x_wconf 80' lang='lat' dir='ltr'><strong>ironic</strong></span> <span class='ocrx_word' id='word_1_190' title='bbox 414 2471 531 2553; x_wconf 89' lang='lat' dir='ltr'><strong>quidem</strong></span> <span class='ocrx_word' id='word_1_191' title='bbox 555 2471 650 2534; x_wconf 89' lang='lat' dir='ltr'><strong>dicere</strong></span> <span class='ocrx_word' id='word_1_192' title='bbox 674 2469 779 2551; x_wconf 84' lang='lat' dir='ltr'><strong>potuit</strong></span> <span class='ocrx_word' id='word_1_193' title='bbox 816 2470 915 2552; x_wconf 90' lang='lat' dir='ltr'><strong>ltaque</strong></span> <span class='ocrx_word' id='word_1_194' title='bbox 933 2471 1073 2546; x_wconf 77' lang='lat' dir='ltr'><strong>Ouellica,</strong></span> <span class='ocrx_word' id='word_1_195' title='bbox 1097 2472 1122 2533; x_wconf 90' lang='lat' dir='ltr'><strong>si</strong></span> <span class='ocrx_word' id='word_1_196' title='bbox 1142 2472 1256 2535; x_wconf 85' lang='lat' dir='ltr'><strong>addere</strong></span> <span class='ocrx_word' id='word_1_197' title='bbox 1280 2472 1467 2553; x_wconf 74' lang='lat' dir='ltr'><strong>negationem</strong></span> <span class='ocrx_word' id='word_1_198' title='bbox 1563 2474 1571 2515; x_wconf 73' lang='lat' dir='ltr'><strong>l</strong></span> 
     </span>
     <span class='ocr_line' id='line_1_21' title="bbox 300 2572 1571 2656; baseline -0.001 -21"><span class='ocrx_word' id='word_1_199' title='bbox 300 2574 397 2637; x_wconf 80' lang='lat' dir='ltr'><strong>invitis</strong></span> <span class='ocrx_word' id='word_1_200' title='bbox 418 2573 568 2638; x_wconf 81' lang='lat' dir='ltr'><strong>codicibus</strong></span> <span class='ocrx_word' id='word_1_201' title='bbox 588 2572 750 2649; x_wconf 84' lang='lat' dir='ltr'><strong>dubitabat,</strong></span> <span class='ocrx_word' id='word_1_202' title='bbox 770 2583 820 2636; x_wconf 83' lang='lat' dir='ltr'><strong>eut</strong></span> <span class='ocrx_word' id='word_1_203' title='bbox 837 2574 1039 2654; x_wconf 88' lang='lat' dir='ltr'><strong>aliquorum</strong></span> <span class='ocrx_word' id='word_1_204' title='bbox 1057 2593 1112 2655; x_wconf 89' lang='lat' dir='ltr'><strong>pre</strong></span> <span class='ocrx_word' id='word_1_205' title='bbox 1133 2573 1382 2656; x_wconf 86' lang='lat' dir='ltr'><strong>reliquorum,</strong></span> <span class='ocrx_word' id='word_1_206' title='bbox 1402 2591 1465 2636; x_wconf 88' lang='lat' dir='ltr'><strong>cum</strong></span> <span class='ocrx_word' id='word_1_207' title='bbox 1567 2581 1571 2611; x_wconf 76' lang='lat'>¹</span> 
     </span>
     <span class='ocr_line' id='line_1_22' title="bbox 300 2675 1569 2759; baseline -0.001 -22"><span class='ocrx_word' id='word_1_208' title='bbox 300 2675 426 2738; x_wconf 88' lang='lat' dir='ltr'><strong>Boberio</strong></span> <span class='ocrx_word' id='word_1_209' title='bbox 442 2676 581 2749; x_wconf 84' lang='lat' dir='ltr'><strong>seribere,</strong></span> <span class='ocrx_word' id='word_1_210' title='bbox 600 2675 747 2738; x_wconf 89' lang='lat' dir='ltr'><strong>autetiam</strong></span> <span class='ocrx_word' id='word_1_211' title='bbox 768 2694 834 2739; x_wconf 88' lang='lat' dir='ltr'><strong>cum</strong></span> <span class='ocrx_word' id='word_1_212' title='bbox 849 2676 965 2739; x_wconf 84' lang='lat' dir='ltr'><strong>Davisio</strong></span> <span class='ocrx_word' id='word_1_213' title='bbox 986 2695 1051 2739; x_wconf 87' lang='lat' dir='ltr'><strong>eam</strong></span> <span class='ocrx_word' id='word_1_214' title='bbox 1069 2676 1277 2757; x_wconf 74' lang='lat' dir='ltr'><strong>negationem,</strong></span> <span class='ocrx_word' id='word_1_215' title='bbox 1299 2697 1378 2759; x_wconf 85' lang='lat' dir='ltr'><strong>quae</strong></span> <span class='ocrx_word' id='word_1_216' title='bbox 1395 2693 1471 2739; x_wconf 91' lang='lat' dir='ltr'><strong>nunc</strong></span> <span class='ocrx_word' id='word_1_217' title='bbox 1563 2678 1569 2689; x_wconf 85' lang='grc'><em>“</em></span> 
     </span>
     <span class='ocr_line' id='line_1_23' title="bbox 299 2778 1571 2860; baseline 0.003 -19"><span class='ocrx_word' id='word_1_218' title='bbox 299 2787 424 2841; x_wconf 85' lang='lat' dir='ltr'><strong>estante</strong></span> <span class='ocrx_word' id='word_1_219' title='bbox 439 2778 611 2852; x_wconf 89' lang='lat' dir='ltr'><strong>arbitror,</strong></span> <span class='ocrx_word' id='word_1_220' title='bbox 631 2785 824 2859; x_wconf 86' lang='lat' dir='ltr'><strong>transponere</strong></span> <span class='ocrx_word' id='word_1_221' title='bbox 839 2787 905 2841; x_wconf 88' lang='lat' dir='ltr'><strong>ante</strong></span> <span class='ocrx_word' id='word_1_222' title='bbox 920 2780 1051 2860; x_wconf 89' lang='lat' dir='ltr'><strong>pudeat</strong></span> <span class='ocrx_word' id='word_1_223' title='bbox 1065 2779 1203 2855; x_wconf 77' lang='lat' dir='ltr'><strong>debebat,</strong></span> <span class='ocrx_word' id='word_1_224' title='bbox 1224 2788 1262 2843; x_wconf 91' lang='lat' dir='ltr'><strong>ut</strong></span> <span class='ocrx_word' id='word_1_225' title='bbox 1277 2779 1405 2843; x_wconf 85' lang='lat' dir='ltr'><strong>Velleius</strong></span> <span class='ocrx_word' id='word_1_226' title='bbox 1424 2784 1471 2840; x_wconf 85' lang='lat' dir='ltr'><strong>aut</strong></span> <span class='ocrx_word' id='word_1_227' title='bbox 1570 2832 1571 2845; x_wconf 68' lang='lat'><strong>,</strong></span> 
     </span>
     <span class='ocr_line' id='line_1_24' title="bbox 299 2880 1571 2962; baseline 0 -19"><span class='ocrx_word' id='word_1_228' title='bbox 299 2900 365 2943; x_wconf 81' lang='lat' dir='ltr'><strong>ctam</strong></span> <span class='ocrx_word' id='word_1_229' title='bbox 381 2880 529 2962; x_wconf 87' lang='lat' dir='ltr'><strong>plerisque</strong></span> <span class='ocrx_word' id='word_1_230' title='bbox 540 2881 690 2960; x_wconf 78' lang='lat' dir='ltr'><strong>Epicureis</strong></span> <span class='ocrx_word' id='word_1_231' title='bbox 701 2888 751 2943; x_wconf 90' lang='lat' dir='ltr'><strong>aut</strong></span> <span class='ocrx_word' id='word_1_232' title='bbox 762 2899 828 2944; x_wconf 87' lang='lat' dir='ltr'><strong>cum</strong></span> <span class='ocrx_word' id='word_1_233' title='bbox 840 2881 980 2945; x_wconf 86' lang='lat' dir='ltr'><strong>omnibus</strong></span> <span class='ocrx_word' id='word_1_234' title='bbox 995 2883 1089 2945; x_wconf 84' lang='lat' dir='ltr'><strong>lacere</strong></span> <span class='ocrx_word' id='word_1_235' title='bbox 1099 2881 1263 2946; x_wconf 85' lang='lat' dir='ltr'><strong>dicaretur.</strong></span> <span class='ocrx_word' id='word_1_236' title='bbox 1291 2884 1355 2947; x_wconf 86' lang='lat' dir='ltr'><strong>Sed</strong></span> <span class='ocrx_word' id='word_1_237' title='bbox 1367 2884 1472 2946; x_wconf 85' lang='lat' dir='ltr'><strong>boram</strong></span> <span class='ocrx_word' id='word_1_238' title='bbox 1568 2890 1571 2927; x_wconf 48' lang='grc' dir='ltr'>ἓ</span> 
     </span>
     <span class='ocr_line' id='line_1_25' title="bbox 300 2982 1472 3065; baseline 0 -19"><span class='ocrx_word' id='word_1_239' title='bbox 300 2983 442 3046; x_wconf 78' lang='lat' dir='ltr'><strong>utrumvis</strong></span> <span class='ocrx_word' id='word_1_240' title='bbox 462 2982 595 3045; x_wconf 85' lang='lat' dir='ltr'><strong>Lambini</strong></span> <span class='ocrx_word' id='word_1_241' title='bbox 615 2982 811 3045; x_wconf 88' lang='lat' dir='ltr'><strong>emendationi</strong></span> <span class='ocrx_word' id='word_1_242' title='bbox 834 2984 1074 3064; x_wconf 90' lang='lat' dir='ltr'><strong>postponendum</strong></span> <span class='ocrx_word' id='word_1_243' title='bbox 1098 3002 1165 3046; x_wconf 87' lang='lat' dir='ltr'><strong>esse</strong></span> <span class='ocrx_word' id='word_1_244' title='bbox 1189 2985 1396 3065; x_wconf 82' lang='lat' dir='ltr'><strong>persuadebit</strong></span> <span class='ocrx_word' id='word_1_245' title='bbox 1413 2986 1472 3047; x_wconf 88' lang='lat' dir='ltr'><strong>lor-</strong></span> 
     </span>
     <span class='ocr_line' id='line_1_26' title="bbox 300 3084 1475 3169; baseline 0.003 -22"><span class='ocrx_word' id='word_1_246' title='bbox 300 3093 377 3147; x_wconf 86' lang='lat' dir='ltr'><strong>tasse</strong></span> <span class='ocrx_word' id='word_1_247' title='bbox 396 3085 469 3148; x_wconf 77' lang='lat' dir='ltr'><strong>elius</strong></span> <span class='ocrx_word' id='word_1_248' title='bbox 488 3084 545 3146; x_wconf 88' lang='lat' dir='ltr'><strong>loci</strong></span> <span class='ocrx_word' id='word_1_249' title='bbox 564 3085 759 3166; x_wconf 77' lang='lat' dir='ltr'><strong>comparatio,</strong></span> <span class='ocrx_word' id='word_1_250' title='bbox 778 3085 828 3148; x_wconf 88' lang='lat' dir='ltr'><strong>ubi</strong></span> <span class='ocrx_word' id='word_1_251' title='bbox 847 3086 917 3148; x_wconf 89' lang='lat' dir='ltr'><strong>item</strong></span> <span class='ocrx_word' id='word_1_252' title='bbox 936 3104 1014 3150; x_wconf 90' lang='lat' dir='ltr'><strong>unus</strong></span> <span class='ocrx_word' id='word_1_253' title='bbox 1031 3084 1152 3148; x_wconf 86' lang='lat' dir='ltr'><strong>Velleius</strong></span> <span class='ocrx_word' id='word_1_254' title='bbox 1172 3086 1307 3168; x_wconf 82' lang='lat' dir='ltr'><strong>reliquis</strong></span> <span class='ocrx_word' id='word_1_255' title='bbox 1323 3085 1475 3169; x_wconf 73' lang='lat' dir='ltr'><strong>Epicureis</strong></span> 
     </span>
     <span class='ocr_line' id='line_1_27' title="bbox 299 3186 1476 3262; baseline 0.001 -13"><span class='ocrx_word' id='word_1_256' title='bbox 299 3186 449 3249; x_wconf 87' lang='lat' dir='ltr'><strong>dissimilia</strong></span> <span class='ocrx_word' id='word_1_257' title='bbox 464 3205 530 3249; x_wconf 89' lang='lat' dir='ltr'><strong>esse</strong></span> <span class='ocrx_word' id='word_1_258' title='bbox 549 3186 667 3262; x_wconf 84' lang='lat' dir='ltr'><strong>dieitur,</strong></span> <span class='ocrx_word' id='word_1_259' title='bbox 686 3186 720 3261; x_wconf 91' lang='lat' dir='ltr'><strong>ll,</strong></span> <span class='ocrx_word' id='word_1_260' title='bbox 736 3186 787 3261; x_wconf 76' lang='lat'><strong>29,</strong></span> <span class='ocrx_word' id='word_1_261' title='bbox 803 3188 857 3249; x_wconf 80' lang='lat'><strong>74:</strong></span> <span class='ocrx_word' id='word_1_262' title='bbox 884 3207 949 3251; x_wconf 89' lang='lat' dir='ltr'><strong>nec</strong></span> <span class='ocrx_word' id='word_1_263' title='bbox 966 3207 1048 3251; x_wconf 82' lang='lat' dir='ltr'><strong>vero</strong></span> <span class='ocrx_word' id='word_1_264' title='bbox 1074 3189 1143 3251; x_wconf 90' lang='lat' dir='ltr'><strong>boc</strong></span> <span class='ocrx_word' id='word_1_265' title='bbox 1167 3187 1207 3251; x_wconf 92' lang='lat' dir='ltr'><strong>in</strong></span> <span class='ocrx_word' id='word_1_266' title='bbox 1230 3199 1268 3253; x_wconf 90' lang='lat' dir='ltr'><strong>te</strong></span> <span class='ocrx_word' id='word_1_267' title='bbox 1288 3188 1476 3261; x_wconf 83' lang='lat' dir='ltr'><strong>convenit,</strong></span> 
     </span>
     <span class='ocr_line' id='line_1_28' title="bbox 299 3288 1571 3357; baseline 0.002 -6"><span class='ocrx_word' id='word_1_268' title='bbox 299 3306 405 3351; x_wconf 89' lang='lat' dir='ltr'><strong>unam</strong></span> <span class='ocrx_word' id='word_1_269' title='bbox 421 3288 581 3351; x_wconf 89' lang='lat' dir='ltr'><strong>moribus</strong></span> <span class='ocrx_word' id='word_1_270' title='bbox 596 3288 808 3352; x_wconf 84' lang='lat' dir='ltr'><strong>domesticis</strong></span> <span class='ocrx_word' id='word_1_271' title='bbox 828 3308 867 3352; x_wconf 90' lang='lat' dir='ltr'><strong>ac</strong></span> <span class='ocrx_word' id='word_1_272' title='bbox 885 3298 1095 3354; x_wconf 89' lang='lat' dir='ltr'><strong>nostrorum</strong></span> <span class='ocrx_word' id='word_1_273' title='bbox 1110 3290 1311 3356; x_wconf 91' lang='lat' dir='ltr'><strong>bominum</strong></span> <span class='ocrx_word' id='word_1_274' title='bbox 1328 3292 1478 3357; x_wconf 84' lang='lat' dir='ltr'><strong>urbani·</strong></span> <span class='ocrx_word' id='word_1_275' title='bbox 1568 3298 1571 3337; x_wconf 83' lang='lat'><strong>¹</strong></span> 
     </span>
     <span class='ocr_line' id='line_1_29' title="bbox 298 3390 1481 3474; baseline 0.004 -22"><span class='ocrx_word' id='word_1_276' title='bbox 298 3399 369 3452; x_wconf 90' lang='lat' dir='ltr'><strong>tate</strong></span> <span class='ocrx_word' id='word_1_277' title='bbox 394 3390 569 3467; x_wconf 89' lang='lat' dir='ltr'><strong>limatum,</strong></span> <span class='ocrx_word' id='word_1_278' title='bbox 595 3391 657 3453; x_wconf 88' lang='lat' dir='ltr'><strong>sed</strong></span> <span class='ocrx_word' id='word_1_279' title='bbox 676 3408 776 3471; x_wconf 89' lang='lat' dir='ltr'><strong>quum</strong></span> <span class='ocrx_word' id='word_1_280' title='bbox 802 3391 837 3454; x_wconf 93' lang='lat' dir='ltr'><strong>in</strong></span> <span class='ocrx_word' id='word_1_281' title='bbox 855 3392 1017 3474; x_wconf 87' lang='lat' dir='ltr'><strong>reliquos</strong></span> <span class='ocrx_word' id='word_1_282' title='bbox 1037 3402 1197 3467; x_wconf 84' lang='lat' dir='ltr'><strong>vestros,</strong></span> <span class='ocrx_word' id='word_1_283' title='bbox 1227 3404 1311 3459; x_wconf 90' lang='lat' dir='ltr'><strong>tum</strong></span> <span class='ocrx_word' id='word_1_284' title='bbox 1339 3395 1378 3458; x_wconf 89' lang='lat' dir='ltr'><strong>in</strong></span> <span class='ocrx_word' id='word_1_285' title='bbox 1404 3412 1481 3458; x_wconf 88' lang='lat' dir='ltr'><strong>eum</strong></span> 
     </span>
     <span class='ocr_line' id='line_1_30' title="bbox 298 3492 1571 3578; baseline 0.003 -23"><span class='ocrx_word' id='word_1_286' title='bbox 298 3492 460 3567; x_wconf 82' lang='lat' dir='ltr'><strong>maxime,</strong></span> <span class='ocrx_word' id='word_1_287' title='bbox 476 3495 534 3574; x_wconf 88' lang='lat' dir='ltr'><strong>qui</strong></span> <span class='ocrx_word' id='word_1_288' title='bbox 550 3494 617 3578; x_wconf 83' lang='lat' dir='ltr'><strong>ista</strong></span> <span class='ocrx_word' id='word_1_289' title='bbox 632 3493 779 3575; x_wconf 82' lang='lat' dir='ltr'><strong>peperit</strong></span> <span class='ocrx_word' id='word_1_290' title='bbox 807 3494 851 3558; x_wconf 77' lang='lat' dir='ltr'><strong>lte</strong></span> <span class='ocrx_word' id='word_1_291' title='bbox 861 3496 940 3557; x_wconf 89' lang='lat' dir='ltr'><strong>enim</strong></span> <span class='ocrx_word' id='word_1_292' title='bbox 954 3496 1003 3558; x_wconf 88' lang='lat' dir='ltr'><strong>bic</strong></span> <span class='ocrx_word' id='word_1_293' title='bbox 1015 3497 1100 3559; x_wconf 89' lang='lat' dir='ltr'><strong>locus</strong></span> <span class='ocrx_word' id='word_1_294' title='bbox 1111 3494 1302 3561; x_wconf 88' lang='lat' dir='ltr'><strong>scribendus</strong></span> <span class='ocrx_word' id='word_1_295' title='bbox 1316 3507 1380 3561; x_wconf 86' lang='lat' dir='ltr'><strong>est:</strong></span> <span class='ocrx_word' id='word_1_296' title='bbox 1396 3497 1481 3578; x_wconf 71' lang='lat' dir='ltr'><strong>vulgo</strong></span> <span class='ocrx_word' id='word_1_297' title='bbox 1570 3504 1571 3539; x_wconf 64' lang='lat' dir='ltr'><strong>l</strong></span> 
     </span>
     <span class='ocr_line' id='line_1_31' title="bbox 298 3595 1483 3677; baseline 0.005 -21"><span class='ocrx_word' id='word_1_298' title='bbox 298 3595 335 3657; x_wconf 91' lang='lat' dir='ltr'><strong>in</strong></span> <span class='ocrx_word' id='word_1_299' title='bbox 349 3604 381 3657; x_wconf 86' lang='lat' dir='ltr'><strong>te</strong></span> <span class='ocrx_word' id='word_1_300' title='bbox 396 3614 502 3658; x_wconf 90' lang='lat' dir='ltr'><strong>unum</strong></span> <span class='ocrx_word' id='word_1_301' title='bbox 523 3595 698 3671; x_wconf 84' lang='lat' dir='ltr'><strong>convenit,</strong></span> <span class='ocrx_word' id='word_1_302' title='bbox 717 3598 797 3677; x_wconf 86' lang='lat' dir='ltr'><strong>quod</strong></span> <span class='ocrx_word' id='word_1_303' title='bbox 811 3596 858 3660; x_wconf 89' lang='lat' dir='ltr'><strong>alii</strong></span> <span class='ocrx_word' id='word_1_304' title='bbox 872 3597 955 3661; x_wconf 83' lang='lat' dir='ltr'><strong>aliter</strong></span> <span class='ocrx_word' id='word_1_305' title='bbox 968 3599 1137 3673; x_wconf 88' lang='lat' dir='ltr'><strong>emendare,</strong></span> <span class='ocrx_word' id='word_1_306' title='bbox 1150 3601 1307 3666; x_wconf 86' lang='lat' dir='ltr'><strong>nonnulli</strong></span> <span class='ocrx_word' id='word_1_307' title='bbox 1322 3601 1419 3666; x_wconf 88' lang='lat' dir='ltr'><strong>etiam</strong></span> <span class='ocrx_word' id='word_1_308' title='bbox 1432 3598 1483 3664; x_wconf 86' lang='lat' dir='ltr'><strong>de·</strong></span> 
     </span>
     <span class='ocr_line' id='line_1_32' title="bbox 298 3698 741 3762; baseline 0.005 -4"><span class='ocrx_word' id='word_1_309' title='bbox 298 3698 416 3761; x_wconf 82' lang='lat' dir='ltr'><strong>tendere</strong></span> <span class='ocrx_word' id='word_1_310' title='bbox 430 3701 536 3761; x_wconf 79' lang='lat' dir='ltr'><strong>frustra</strong></span> <span class='ocrx_word' id='word_1_311' title='bbox 552 3699 647 3761; x_wconf 90' lang='lat' dir='ltr'><strong>conati</strong></span> <span class='ocrx_word' id='word_1_312' title='bbox 662 3709 741 3762; x_wconf 81' lang='lat' dir='ltr'><strong>sunt</strong></span> 
     </span>
    </p>

    <p class='ocr_par' dir='ltr' id='par_1_4' title="bbox 382 3799 1488 3884">
     <span class='ocr_line' id='line_1_33' title="bbox 382 3799 1488 3884; baseline 0.005 -23"><span class='ocrx_word' id='word_1_313' title='bbox 382 3799 461 3863; x_wconf 88' lang='lat' dir='ltr'><strong>llaec</strong></span> <span class='ocrx_word' id='word_1_314' title='bbox 479 3801 636 3863; x_wconf 87' lang='lat' dir='ltr'><strong>hactenus:</strong></span> <span class='ocrx_word' id='word_1_315' title='bbox 655 3800 713 3862; x_wconf 86' lang='lat' dir='ltr'><strong>ism</strong></span> <span class='ocrx_word' id='word_1_316' title='bbox 733 3820 766 3864; x_wconf 87' lang='lat' dir='ltr'><strong>ea</strong></span> <span class='ocrx_word' id='word_1_317' title='bbox 785 3803 979 3883; x_wconf 81' lang='lat' dir='ltr'><strong>proponenda</strong></span> <span class='ocrx_word' id='word_1_318' title='bbox 993 3813 1077 3878; x_wconf 86' lang='lat' dir='ltr'><strong>eunt,</strong></span> <span class='ocrx_word' id='word_1_319' title='bbox 1101 3822 1174 3884; x_wconf 85' lang='lat' dir='ltr'><strong>quae</strong></span> <span class='ocrx_word' id='word_1_320' title='bbox 1199 3806 1244 3869; x_wconf 86' lang='lat' dir='ltr'><strong>ad</strong></span> <span class='ocrx_word' id='word_1_321' title='bbox 1267 3806 1402 3872; x_wconf 80' lang='lat' dir='ltr'><strong>crastini</strong></span> <span class='ocrx_word' id='word_1_322' title='bbox 1422 3803 1488 3870; x_wconf 73' lang='lat' dir='ltr'><strong>testi</strong></span> 
     </span>
    </p>

    <p class='ocr_par' dir='ltr' id='par_1_5' title="bbox 297 3901 803 3984">
     <span class='ocr_line' id='line_1_34' title="bbox 297 3901 803 3984; baseline 0.004 -21"><span class='ocrx_word' id='word_1_323' title='bbox 297 3901 517 3964; x_wconf 84' lang='lat' dir='ltr'><strong>celebrationem</strong></span> <span class='ocrx_word' id='word_1_324' title='bbox 533 3901 688 3984; x_wconf 89' lang='lat' dir='ltr'><strong>pertinent.</strong></span> <span class='ocrx_word' id='word_1_325' title='bbox 703 3937 745 3949; x_wconf 94' lang='lat'><strong>—-</strong></span> <span class='ocrx_word' id='word_1_326' title='bbox 759 3938 803 3949; x_wconf 89' lang='lat'><em>-</em></span> 
     </span>
    </p>
   </div>
   <div class='ocr_carea' id='block_1_3' title="bbox 381 4003 1257 4086">
    <p class='ocr_par' dir='ltr' id='par_1_6' title="bbox 381 4003 1257 4086">
     <span class='ocr_line' id='line_1_35' title="bbox 381 4003 1257 4086; baseline 0.011 -21"><span class='ocrx_word' id='word_1_327' title='bbox 381 4003 473 4066; x_wconf 87' lang='lat' dir='ltr'><strong>Serib.</strong></span> <span class='ocrx_word' id='word_1_328' title='bbox 491 4004 735 4086; x_wconf 79' lang='lat' dir='ltr'><strong>Gryphiswaldiae</strong></span> <span class='ocrx_word' id='word_1_329' title='bbox 748 4005 824 4086; x_wconf 89' lang='lat' dir='ltr'><strong>prid.</strong></span> <span class='ocrx_word' id='word_1_330' title='bbox 839 4004 882 4068; x_wconf 90' lang='lat' dir='ltr'><strong>ld.</strong></span> <span class='ocrx_word' id='word_1_331' title='bbox 898 4006 1004 4070; x_wconf 83' lang='lat' dir='ltr'><strong>Octob.</strong></span> <span class='ocrx_word' id='word_1_332' title='bbox 1018 4007 1257 4076; x_wconf 65' lang='lat' dir='ltr'><strong>succulum</strong></span> 
     </span>
    </p>
   </div>
   <div class='ocr_carea' id='block_1_4' title="bbox 737 4234 1019 4248">
    <p class='ocr_par' dir='ltr' id='par_1_7' title="bbox 737 4234 1019 4248">
     <span class='ocr_line' id='line_1_36' title="bbox 737 4234 1019 4248; baseline 0.014 -3"><span class='ocrx_word' id='word_1_333' title='bbox 737 4234 1019 4248; x_wconf 51' lang='lat' dir='ltr'><strong>m</strong></span> 
     </span>
    </p>
   </div>
   <div class='ocr_carea' id='block_1_5' title="bbox 0 0 1582 5138">
    <p class='ocr_par' dir='ltr' id='par_1_8' title="bbox 0 0 1582 5138">
     <span class='ocr_line' id='line_1_37' title="bbox 0 0 1582 5138; baseline 0 1"><span class='ocrx_word' id='word_1_334' title='bbox 0 0 1582 5138; x_wconf 95' lang='lat' dir='ltr'><strong> </strong></span> 
     </span>
    </p>
   </div>
  </div>
 </body>
</html>
