3164 5138
654 506 695 573 te

116 691 319 781 ἀρτοπώλισιν
336 696 454 779 aliaque
467 694 598 760 eiusdem
612 697 726 777 generis
741 697 889 778 plebecula
904 698 1145 764 circumforaneo:
1160 720 1255 784 prop·
1275 721 1305 771 rc

115 810 151 863 ter
173 801 278 863 bande·
297 801 478 862 commissas
504 818 715 881 saepenumero
741 795 869 885 κύφωνι
895 809 925 862 et
943 799 1051 885 τροχῷ
1075 805 1255 886 mstigatum

115 912 155 965 aut
165 903 335 965 verberatum
350 901 571 982 mulcatumqne
586 911 614 963 et
627 909 760 963 vexatum
774 903 810 965 ab
825 903 879 978 iis,
900 904 1007 983 quibus
1027 905 1157 970 lraudem
1179 909 1256 971 lece·

114 1013 162 1068 at:
181 1024 235 1086 tpro
252 1004 381 1086 pertinet
406 1002 475 1065 illud
499 996 605 1087 κόμην
630 996 776 1084 πώγωνά
801 996 834 1066 τ’
860 1000 1093 1087 ἐκτετιλμένος.
1146 1008 1255 1072 Servus

114 1108 185 1168 luent
197 1126 231 1169 an
244 1105 410 1181 libertinus,
424 1106 494 1167 nibil
509 1104 577 1167 lacit
591 1106 627 1167 ad
643 1125 716 1168 rem.
760 1107 861 1170 Potuit
875 1108 954 1171 enim
975 1119 1003 1171 ct
1023 1128 1124 1172 servus
1139 1110 1257 1174 institor

113 1227 174 1282 esse,
187 1218 213 1271 et
224 1208 391 1283 libertinus,
408 1210 530 1271 dumne
545 1208 615 1270 civis
630 1217 718 1283 esset,
733 1218 856 1290 propter
865 1211 1005 1273 maleficia
1020 1231 1145 1293 corpore
1159 1214 1254 1294 plecti.

113 1311 225 1374 Emdcm
249 1321 354 1393 posteo
386 1312 423 1374 ad
453 1329 572 1392 magnas
599 1330 673 1391 opes
702 1312 870 1392 pervenisse
895 1314 1006 1377 nemini
1031 1314 1139 1378 mirum
1165 1316 1255 1379 rideri

112 1421 207 1493 potest,
231 1414 280 1495 qui
304 1415 463 1477 libertinos
490 1414 626 1476 homines
649 1414 810 1477 ditissimos
832 1436 1043 1499 saepenumero
1071 1420 1163 1481 laetos
1191 1439 1257 1482 esse

113 1517 265 1579 maluerit
310 1518 351 1579 Ut
376 1536 439 1579 uno
459 1516 547 1579 verbo
572 1517 680 1593 dicam,
699 1516 764 1580 talis
785 1520 844 1582 lere
863 1522 984 1582 Artemo
1005 1521 1176 1601 cogitandus
1200 1531 1255 1595 est,

114 1618 210 1698 qualem
227 1618 401 1700 Crispinum
425 1620 515 1682 istum
534 1638 569 1681 ex
589 1619 721 1682 iuvenale
745 1622 961 1701 cognoscimus.
1009 1622 1083 1687 Nam
1103 1624 1255 1705 Crispinus

114 1739 219 1801 quoque,
233 1742 325 1802 quum
341 1742 449 1785 servus
464 1730 551 1795 esset,
567 1728 673 1800 (σαντα
688 1723 800 1805 Canopi
811 1725 904 1799 luni,
920 1725 973 1804 26)
992 1725 1151 1789 libertatem
1167 1734 1197 1788 et
1210 1728 1255 1789 di·

113 1822 181 1885 rltias
193 1835 291 1886 nactus
306 1834 370 1899 est,
388 1826 495 1907 quibus
510 1825 545 1886 ad
561 1824 703 1886 luxuriam
719 1834 748 1887 et
762 1826 911 1888 mollitiem
928 1828 1101 1892 abutebatur
1116 1834 1256 1891 αοιιίανοι

114 1925 192 2003 dipltr's
211 1928 387 1990 medentibus
410 1946 518 1989 oerum
544 1926 701 1999 veretr'loter,
727 1928 786 1988 lere
808 1939 842 1990 ut
861 1931 980 1991 Artemo
1003 1925 1123 2015 χρύσεα
1145 1928 1256 2017 φορῶν

114 2023 289 2111 καθέρματα
321 2040 354 2092 et
377 2024 574 2114 σκιαδίσκην
595 2020 805 2115 ἐλεφαντίνην
821 2041 948 2110 gestans.
992 2031 1086 2095 Porro
1102 2035 1256 2116 Crispinus

115 2131 269 2195 institoriam
290 2143 451 2214 quaestum
471 2136 590 2206 lecerat,
603 2132 711 2194 siluros
729 2133 855 2194 vendens
876 2133 947 2210 (lur.
968 2133 1013 2208 lV,
1029 2134 1095 2212 33),
1112 2137 1252 2215 quemad-

113 2234 215 2297 modum
233 2238 427 2300 Artemonem
450 2254 566 2317 quoque
587 2237 617 2297 in
637 2233 724 2296 simili
744 2253 850 2313 genere
874 2244 1046 2317 occupatum
1070 2236 1252 2315 agnovimus.

114 2334 222 2416 lienique
241 2339 316 2401 sicut
338 2338 508 2419 Crispinum
527 2337 667 2400 luvenalis
693 2336 789 2398 servili
815 2344 843 2398 et
861 2337 984 2400 barbaro
1007 2338 1108 2401 habitu
1130 2339 1252 2412 inducit,

111 2441 192 2516 patrio
201 2459 320 2522 papyro
337 2445 513 2502 succinctum
532 2440 581 2513 lV,
597 2440 652 2513 24,
672 2439 710 2501 ita
724 2439 877 2501 Artemoni
898 2440 934 2502 ab
948 2443 1129 2504 Anacreonte
1143 2441 1254 2504 servilis

114 2539 287 2619 etbarbarus,
310 2543 345 2606 ni
361 2543 458 2617 lallor,
477 2543 598 2604 vestitus
618 2541 762 2604 tribuitur.
807 2542 939 2605 Primum
959 2538 1130 2628 βερβέριον
1148 2563 1253 2625 quent·

113 2661 183 2721 qnam
196 2646 261 2725 quid
277 2647 323 2707 sit
336 2663 391 2725 pro
404 2655 484 2707 certo
500 2645 555 2707 dici
569 2663 630 2707 non
645 2652 753 2725 potest,
767 2663 868 2707 rocem
884 2652 982 2706 tamen
993 2645 1147 2708 barbaram
1163 2648 1254 2709 luisse

112 2742 199 2820 iudico,
212 2756 240 2809 et
253 2748 423 2828 significum
438 2747 538 2826 capitis
554 2747 701 2828 quoddam
717 2756 930 2827 tegumentum,
951 2747 1058 2827 pileum
1073 2758 1124 2809 aut
1138 2750 1253 2810 mitram

111 2844 259 2912 ablsianis
279 2850 387 2912 nescio
407 2850 512 2930 quibus
536 2860 586 2912 aut
604 2850 766 2911 Thracibus
785 2849 915 2912 Abderae
934 2849 1036 2912 vicinis
1054 2849 1160 2929 gestari
1181 2849 1253 2911 soll·

110 2956 169 3022 um,
186 2972 314 3033 eamque
328 2954 453 3014 tortasse
472 2951 501 3012 in
516 2952 606 3031 apicis
622 2953 747 3014 lormem
762 2971 887 3033 superne
902 2952 1091 3014 constrictam
1110 2961 1138 3014 et
1152 2971 1253 3014 coarc-

109 3058 193 3128 tatam,
219 3049 461 3140 ἐσφηκωμένον
492 3047 654 3135 κάλυμμα.
706 3054 781 3117 Nam
808 3055 843 3116 de
868 3055 1001 3134 corpon's
1026 3055 1145 3127 amictu,
1174 3054 1252 3134 quod

109 3156 166 3216 resti
181 3168 260 3219 arcte
287 3158 547 3237 constringeretur,
570 3155 662 3217 nolim
681 3156 740 3218 hoc
759 3175 825 3217 cum
847 3156 970 3235 Berglrlo
993 3156 1137 3237 accipere,
1163 3175 1253 3236 quum

110 3257 164 3335 quia
183 3254 342 3339 κάλυμμα
367 3261 546 3342 frequentius
573 3266 650 3320 certe
672 3257 708 3319 de
737 3257 839 3338 capitis
868 3265 1035 3336 tegumento
1058 3259 1175 3332 dicitur,
1203 3258 1252 3334 (cl.

109 3359 243 3442 tmuph.
267 3363 388 3442 Lysistr.
408 3382 435 3422 v.
456 3362 526 3423 530.
548 3362 632 3438 532.)
653 3370 715 3423 turn
736 3360 802 3440 quia
824 3359 859 3421 de
878 3360 1011 3440 corporis
1031 3360 1138 3421 amictu
1157 3359 1188 3421 in
1204 3379 1252 3421 se-

110 3465 252 3539 quentibus
271 3465 386 3526 demum
403 3472 489 3543 poeta
508 3463 645 3544 loquitur.
690 3456 827 3530 Ξύλινοι
850 3452 1054 3544 ἀστράγαλοι
1072 3463 1149 3524 haud
1167 3462 1253 3524 dubie

109 3567 224 3629 tessellae
244 3576 317 3629 sunt
336 3566 456 3646 ligneae,
480 3585 535 3646 pro
559 3565 638 3629 bacis
657 3574 707 3628 aut
725 3565 849 3645 gemmis
873 3564 1017 3626 inaurium
1041 3585 1056 3627 a
1077 3566 1252 3646 pauperibus

109 3681 263 3750 usurpatae.
306 3669 343 3731 Et
361 3668 506 3731 inaurium
525 3688 614 3732 usum
633 3669 664 3731 iu
680 3668 793 3731 Asianis
813 3668 948 3749 gentibus
969 3668 1056 3730 ctiam
1076 3669 1153 3749 apud
1172 3669 1251 3731 riros

110 3770 263 3836 obtinuisse
284 3772 433 3845 norimuS,
460 3791 549 3853 quum
578 3773 655 3853 apud
679 3768 805 3833 Graecos
828 3773 926 3834 lorea
948 3770 1116 3833 mulieribus
1139 3778 1252 3832 tantum

108 3882 288 3948 gestarentur.
332 3876 374 3937 Cl.
395 3876 469 3937 Plin.
490 3876 524 3937 H.
545 3875 580 3936 N.
600 3874 653 3950 itt,
674 3873 724 3947 37,
747 3876 797 3936 50.
847 3875 984 3954 Sequitur
1002 3874 1091 3935 vestis
1110 3872 1250 3946 colloces,

110 3992 172 4053 quae
190 3987 219 4040 et
239 3979 303 4059 ipsa
319 3979 437 4041 Graecis
457 3979 606 4053 inusitata,
627 3982 707 4056 (nam
725 3970 897 4062 διφθέρας
910 3994 999 4038 nemo
1015 3977 1157 4053 obiciet)
1173 3975 1251 4057 apud

34 4110 36 4171 ρ
109 4074 236 4143 barbaros
252 4081 411 4142 nonnullos
432 4082 462 4142 in
478 4099 534 4143 usu
549 4081 639 4147 luisse
658 4080 784 4154 videtur,
800 4080 876 4143 velut
890 4078 967 4159 apud
982 4077 1089 4171 Persas
1104 4087 1176 4140 teste
1190 4078 1250 4141 He·

110 4181 201 4247 rodoto
223 4183 238 4245 1
260 4202 324 4263 cap.
347 4184 397 4245 tt.
434 4183 600 4249 Artemonis
622 4193 718 4244 autem
740 4183 827 4246 vestis
851 4200 942 4262 quum
966 4170 1085 4262 εἴλυμα
1106 4173 1253 4257 ἀσπίδος

111 4282 188 4347 luisse
209 4286 336 4361 dicotur,
359 4304 420 4348 non
442 4305 474 4347 ea
496 4286 577 4366 pellis
600 4286 753 4365 cogitanda
774 4286 899 4358 ridetur,
922 4303 996 4365 quae
1015 4283 1129 4363 inipso
1150 4283 1250 4362 clypeo

34 4366 36 4423 l
112 4385 203 4450 luerat:
222 4390 295 4451 baec
314 4388 391 4450 enim
413 4396 443 4449 ct
461 4389 588 4455 crassior
607 4389 686 4451 haud
705 4387 791 4450 dubie
810 4388 877 4459 luit,
897 4404 986 4467 quam
1007 4392 1039 4445 ut
1058 4385 1148 4447 vestis
1168 4402 1202 4443 ex
1217 4402 1250 4445 ea

34 4500 36 4585 ρ
112 4492 200 4553 confici
217 4500 334 4573 posset,
352 4509 451 4573 neque
467 4500 545 4555 recte
564 4483 682 4575 εἴλυμα
704 4490 760 4554 dici
773 4489 883 4573 potuit,
905 4507 996 4569 quum
1015 4505 1078 4549 non
1093 4484 1253 4549 circumdet

34 4742 36 4867 l
