3276 5144
691 454 814 549 33⁷.-

180 653 275 708 tremo
296 652 378 707 metu
398 662 522 725 corpora
544 644 601 706 isto
622 660 712 707 sensu
731 643 788 705 dici
808 642 939 724 potuisse
960 643 1202 719 noucredo.¹1l.
1231 643 1342 709 Euani-

180 756 300 810 mantur
324 764 395 809 sane
417 754 499 809 metu
524 746 675 809 homiues:
702 764 799 827 neque
819 754 919 808 umen
939 747 997 809 hoc
1017 766 1052 808 eo
1067 747 1161 808 valere
1175 754 1282 826 potest,
1307 754 1342 809 ut

180 851 235 932 ipsi
250 850 322 912 nibil
337 850 394 912 nisi
409 868 542 930 corpora,
564 849 674 912 nedum
690 859 723 912 ut
738 856 869 911 extremo
885 857 967 911 metu
983 867 1105 931 corpora
1119 867 1185 910 esse
1200 849 1341 924 dicantur,

181 954 260 1033 quod
281 952 349 1032 quid
370 961 416 1014 est
437 953 531 1026 aliud,
553 971 641 1032 quam
663 970 785 1033 corpora
804 970 922 1013 summo
945 960 1027 1014 metu
1048 952 1147 1033 plena,
1171 951 1202 1013 in
1221 969 1341 1015 summo

180 1064 264 1118 metu
280 1052 449 1118 versantia?
491 1055 587 1117 lictus
609 1056 687 1118 enim
703 1062 809 1117 natura
823 1072 875 1115 sna
891 1071 952 1115 non
967 1055 1099 1135 corporis
1114 1053 1165 1116 sed
1181 1054 1271 1117 animi
1286 1062 1342 1131 est,

181 1166 211 1221 et
227 1159 278 1238 qui
292 1146 496 1219 exanimantur
512 1166 602 1231 metu,
618 1159 694 1220 hanc
710 1164 808 1219 tamen
823 1164 901 1218 certe
916 1157 1007 1218 animi
1022 1157 1193 1238 partemin
1207 1177 1265 1238 qua
1280 1177 1344 1219 me-

180 1269 231 1323 tus
245 1261 363 1335 residet,
378 1279 438 1321 uon
453 1261 602 1333 amittunt,
619 1280 708 1342 quam
723 1260 748 1322 si
763 1259 933 1321 amitterent
943 1277 1083 1339 moraque
1094 1278 1218 1339 corpora
1230 1260 1343 1337 tierent,

181 1381 219 1425 ue
234 1370 365 1425 metuere
381 1362 499 1443 quidem
515 1364 643 1445 amplius
657 1371 788 1444 possent.
820 1362 922 1442 ltaque
940 1380 1083 1442 perquam
1098 1362 1255 1445 probabilis
1270 1363 1344 1427 mihi

182 1465 296 1528 videtur
310 1484 415 1528 eorum
431 1466 611 1539 coniectura,
633 1467 683 1546 qui
703 1482 860 1547 corpora
881 1483 898 1525 a
912 1463 1035 1526 librariis
1050 1484 1086 1526 ex
1101 1474 1254 1545 torpore
1268 1466 1344 1529 lacta

181 1568 315 1631 credunt.
342 1569 455 1643 Quodsi
470 1570 557 1631 etiam
574 1577 765 1631 extremus
780 1575 896 1631 metus
910 1567 1064 1639 scribatur,
1079 1568 1277 1631 nominativus
1288 1588 1345 1650 pro
1368 1558 1371 1561 ’

182 1670 316 1745 ablativo,
336 1690 397 1733 uon
415 1681 495 1733 certe
513 1673 613 1751 inepta
630 1671 731 1732 evadet
747 1670 899 1743 sententia,
920 1678 955 1732 ut
974 1688 1023 1731 res
1039 1670 1214 1733 novissimae
1229 1678 1343 1734 metus-

181 1792 239 1855 que
262 1782 411 1837 extremus
441 1776 522 1855 quasi
552 1773 681 1855 quodam
711 1781 831 1853 torpore
857 1773 949 1835 aciem
975 1772 1184 1835 Britannorum
1209 1773 1344 1837 defixisse

183 1876 327 1939 dicantur.

268 1979 336 2059 Cap.
348 1978 477 2051 XXXVI,
491 1979 523 2042 3:
537 1979 684 2059 mie'quo
699 1985 894 2056 equestres
908 1997 947 2040 ca
963 1977 1058 2039 enim
1073 1997 1213 2059 pugnae
1227 1978 1344 2043 facies

183 2088 275 2158 erat,
291 2100 397 2161 quum
413 2099 495 2162 egra
510 2082 576 2144 diu
591 2088 654 2142 aut
668 2087 793 2140 stante
806 2080 918 2141 simul
932 2098 1105 2160 equorum
1122 2082 1367 2162 corporibus·

183 2184 471 2265 impellerentur.
501 2182 745 2265 Corruptissimae
767 2181 879 2261 periodi
894 2191 1007 2263 partem
1022 2183 1152 2264 priorem
1170 2184 1288 2246 Wexius
1302 2186 1345 2247 sic

157 2288 309 2371 ⁴retinuit,
324 2290 363 2349 'ut
382 2286 536 2349 scriberet:
566 2285 787 2366 minimeque
808 2302 925 2365 aequa
943 2286 1086 2347 nostris
1110 2286 1179 2347 iam
1199 2304 1344 2366 pugnae

183 2391 302 2454 iacies
317 2399 407 2464 erat,
424 2408 548 2470 eamque
562 2389 797 2451 emendationem
814 2386 941 2450 Kritzius
956 2396 1101 2468 sequutus
1117 2396 1170 2462 est,
1185 2389 1283 2450 addito
1300 2395 1345 2451 la-

184 2512 253 2555 men
267 2495 442 2573 pronomine
457 2511 498 2554 ea
513 2498 581 2555 ante
595 2490 765 2553 adverbium
780 2490 859 2552 iam.
889 2492 991 2571 Neque
1007 2509 1061 2553 nos
1076 2491 1170 2553 Wexii
1184 2491 1344 2553 sollertiam

183 2613 244 2658 non
257 2614 375 2658 summa
389 2594 474 2657 laude
488 2595 606 2675 dignam
620 2612 790 2656 censemus:
807 2593 955 2655 nescimus
966 2602 1076 2667 umen,
1089 2612 1129 2654 an
1141 2594 1190 2657 illo
1205 2595 1346 2657 adiectivo

184 2716 297 2779 aequa
312 2697 497 2779 supersederi
511 2698 650 2778 potuerit.
685 2696 760 2758 Nam
775 2698 807 2758 in
820 2698 956 2759 codicum
971 2697 1117 2778 scriptura
1131 2705 1344 2776 equestres,

183 2800 266 2864 cuius
281 2800 413 2863 vocabub
427 2801 573 2881 posterior
587 2818 654 2880 pars
669 2799 795 2862 dubitari
811 2799 857 2861 vix
871 2807 980 2881 potest,
996 2800 1068 2881 quin
1081 2807 1161 2861 recte
1172 2806 1285 2862 mutata
1296 2801 1344 2875 sit,

182 2904 312 2986 priorem
323 2895 440 2983 'partem
457 2923 494 2965 ex
507 2904 638 2983 repetitis
652 2902 726 2964 falso
740 2901 845 2964 litteris
859 2903 1017 2984 postremis
1029 2902 1162 2965 vocabuli
1172 2903 1347 2966 anteceden-

182 3005 221 3068 tis
236 3013 332 3068 ortam
348 3024 412 3067 esso
428 3005 564 3068 credibile
579 3014 633 3067 est.
664 3004 776 3066 Deinde
791 3024 844 3086 pro
859 3024 901 3067 ea
921 3006 1017 3067 enim
1032 3006 1200 3088 scripserim
1216 3006 1346 3069 eedem.

4 3118 6 3131 '
103 3102 109 3110 ’
182 3108 318 3173 Alterum
333 3109 503 3170 membrum
518 3127 573 3170 nec
588 3107 708 3169 Wexius
722 3116 803 3169 recte
818 3108 990 3169 emendasse
1007 3108 1127 3182 videtur,
1148 3109 1199 3190 qui
1213 3109 1346 3190 scripsit:

182 3231 261 3276 cum
282 3230 389 3293 aegre
407 3211 475 3274 iarn
496 3212 560 3275 diu
578 3218 662 3273 ante
684 3218 830 3272 stantes
845 3246 897 3287 —-‚
913 3229 1009 3292 neque
1024 3212 1163 3286 Kritzius,
1179 3212 1231 3293 qui
1245 3211 1347 3275 edidit:

181 3333 291 3396 quum
306 3333 410 3395 aegre
426 3316 522 3378 olivo
536 3315 737 3378 adstantes.
768 3311 937 3393 Quamqum
952 3313 1061 3387 olivo,
1077 3314 1157 3395 quod
1174 3314 1348 3377 vocabulum

180 3420 243 3487 ianr
264 3417 311 3479 alii
335 3436 399 3479 uon
416 3419 502 3498 pauci
522 3418 553 3480 in
572 3417 635 3478 diu
655 3417 746 3477 latere
765 3415 910 3488 viderunt,
933 3416 1007 3478 mibi
1027 3436 1145 3498 quoque
1164 3435 1268 3481 verum
1283 3436 1348 3481 esse

180 3520 312 3583 videtur:
333 3519 386 3582 sed
404 3520 556 3581 adstare
578 3518 650 3579 clivo
673 3517 772 3578 minus
791 3524 870 3579 recte
891 3516 1002 3579 dictum
1025 3528 1108 3598 puto,
1130 3520 1239 3602 quippe
1254 3539 1348 3601 quum

180 3639 246 3686 non
259 3622 318 3683 hoc
330 3621 473 3684 Romanis
488 3619 674 3703 propositum
689 3617 788 3691 luerit,
805 3627 838 3681 ut
852 3628 963 3683 starent
978 3622 1053 3701 apud
1069 3621 1187 3697 clivum,
1203 3624 1255 3684 sed
1269 3623 1348 3686 utin

179 3725 291 3791 clivum
311 3725 493 3786 eniterentur
512 3723 674 3803 hostesque
699 3739 764 3802 per
790 3723 930 3785 acclive
955 3724 1077 3804 iugum
1096 3724 1199 3788 velut
1218 3725 1347 3788 insur-

179 3836 329 3912 gentes,
356 3834 389 3888 ut
401 3826 520 3888 Tacitus
540 3825 580 3887 ait
601 3845 625 3886 o
643 3824 694 3897 35,
722 3824 750 3897 2,
778 3824 845 3887 inde
866 3825 1023 3907 pellerent:
1049 3828 1244 3907 quamobrem
1259 3829 1348 3890 etiam

178 3962 387 3976 ....--—-—.--..-

262 4032 304 4096 ll)
321 4030 473 4098 Quaruquam
486 4030 523 4081 sie
535 4030 611 4081 etiam
622 4029 715 4081 llotlrio
729 4036 755 4080 et
767 4035 824 4097 port
836 4044 891 4080 eum
902 4027 1011 4082 Nisseno
1024 4048 1048 4100 p.
1060 4031 1110 4083 219
1121 4032 1247 4100 placuisse
1260 4033 1347 4085 video:

178 4116 722 4189 „llloseeLeiberindergrdssten
735 4115 888 4180 Banguiss
906 4116 1005 4168 haben
1018 4118 1347 4170 eineScblaclrtrcibo

179 4203 391 4269 aulgestellt‚
414 4202 473 4253 wie
491 4203 559 4253 elue
576 4201 665 4253 todto
682 4198 879 4264 Priutretue,
898 4200 927 4251 in
946 4203 1007 4259 ,der
1023 4203 1096 4254 lein
1116 4203 1250 4268 animus,
1272 4205 1348 4255 lein

179 4295 291 4359 pectus
314 4287 381 4338 ist.“
404 4285 512 4337 Probari
532 4287 596 4337 bone
617 4286 853 4351 interpretationem
878 4288 1012 4352 opinantur
1030 4289 1107 4341 etiam
1124 4289 1263 4342 Horatiano
1282 4289 1348 4356 loco,

178 4376 228 4441 Bp.
242 4371 335 4437 1,l‚tt:
348 4371 392 4423 Tu
408 4389 466 4423 non
478 4388 595 4438 eorpus
608 4386 682 4423 eras
694 4373 763 4424 sine
775 4380 916 4439 pectore.
930 4400 963 4413 -
976 4371 1093 4427 licitatus
1105 4376 1131 4427 in
1143 4375 1226 4427 altera
1238 4375 1348 4427 editione

178 4457 386 4516 emendationem
397 4473 477 4511 meam
492 4457 633 4524 edoptavit.
