3164 5138
116 643 226 713 aarum
251 658 351 703 rernm
377 640 578 704 'l'roianmm
612 638 742 701 conditio
772 639 949 721 babituaqoe
978 640 1143 703 animorum
1174 639 1277 703 obret-

115 754 239 808 welttr.

196 847 273 909 biira
301 856 330 908 et
357 845 537 909 incredibilis
566 843 709 926 quaedam
733 844 929 908 Troianorum
960 845 1102 925 cupiditas
1131 845 1280 925 pugnandi

114 952 200 1014 etiarn
216 949 295 1012 libro
308 948 346 1010 ll
359 967 417 1011 nos
432 948 564 1011 advertit
608 947 702 1009 Antea
717 947 805 1021 enim,
819 966 910 1029 quum
926 947 1112 1010 conuenisset
1126 948 1162 1010 de
1176 949 1279 1029 singn-

112 1054 165 1116 lari
179 1051 342 1115 mamm
352 1048 507 1112 Alexandri
521 1056 550 1110 et
560 1047 689 1122 Menelai,
703 1066 764 1110 non
776 1050 867 1111 modo
883 1067 1061 1130 magnopere
1073 1069 1177 1113 omnes
1188 1051 1279 1131 gavisu

114 1176 177 1219 erse
191 1156 342 1227 dicuntur,
357 1152 438 1232 qnod
452 1150 496 1212 sio
506 1151 680 1230 gravissimo
694 1150 770 1214 bello
785 1153 874 1214 finem
889 1152 1004 1232 imponi
1019 1172 1109 1233 posse
1119 1162 1280 1235 sperarent,

112 1259 160 1331 lli,
179 1259 253 1320 111.
273 1256 347 1331 tte,
366 1256 418 1317 sed
438 1262 629 1334 posteaquam
650 1260 808 1335 superatus
823 1254 984 1318 Alexander
997 1275 1013 1317 a
1028 1256 1171 1331 Menelao,
1189 1256 1279 1317 morti

114 1370 214 1424 autem
236 1358 360 1421 Veneris
378 1356 485 1420 auxilio
505 1364 622 1437 ereptus
637 1366 697 1427 est,
713 1363 827 1419 tantum
842 1357 933 1419 luisse
946 1357 1070 1436 legimus
1081 1357 1279 1421 Troianorum

114 1466 144 1526 in
154 1462 356 1526 Alexandrum
370 1459 482 1534 odium,
495 1467 529 1521 ut
542 1459 668 1521 libenter
682 1475 760 1533 eum,
776 1460 801 1520 si
816 1460 991 1540 potuissent,
1007 1459 1132 1522 dedituri
1145 1460 1279 1535 trissant,

116 1566 160 1641 ill,
175 1567 239 1628 451
257 1582 339 1644 squ„
358 1561 576 1643 postulantique
595 1560 699 1623 deinde
713 1563 939 1641 Agamemnoni,
955 1583 980 1623 r.
996 1564 1073 1638 456,
1087 1571 1122 1625 ut
1139 1581 1174 1624 ex
1193 1570 1279 1643 pacto

117 1669 258 1731 lielenarn
278 1665 381 1728 decri
400 1664 537 1738 reddant,
550 1681 639 1726 nemo
656 1664 834 1744 obloquitur.
877 1666 978 1745 Neque
992 1684 1063 1728 sane
1078 1665 1200 1729 dubium
1215 1683 1281 1726 esse

116 1780 229 1854 poma,
249 1769 331 1850 quin,
357 1767 408 1848 qni
428 1767 472 1829 rel
495 1766 647 1829 interfecto
668 1765 830 1829 Alexandro
845 1767 975 1831 laetaturi
989 1769 1034 1830 rel
1053 1769 1091 1831 ad
1114 1769 1280 1831 dedendum

117 1874 211 1956 parati
226 1871 367 1945 tumeam,
382 1870 548 1950 prationem
562 1868 665 1931 saltem
686 1868 864 1948 implendam
879 1889 945 1933 esse
967 1870 1179 1935 consenserint.
1223 1869 1281 1932 Sed

117 1996 183 2040 ecoe
196 1975 353 2038 Pandarus
368 1980 465 2052 sprota
479 1971 606 2034 laederis
621 1970 679 2033 tide
694 1970 828 2034 occidere
843 1972 1002 2036 Menelaum
1019 1981 1151 2048 conatur,
1167 1981 1280 2054 gratum

119 2081 147 2141 id
165 2095 232 2142 non
249 2076 343 2139 modo
361 2074 525 2137 λλοιττιιλτο
546 2074 598 2135 sed
614 2073 752 2136 Troianis
772 2074 911 2137 omnibns
926 2077 991 2137 lore
1010 2093 1147 2155 sperans,
1166 2076 1211 2150 tv,
1225 2076 1282 2149 θος

119 2182 207 2245 ceteri
227 2189 328 2243 autem
347 2178 394 2240 rix
412 2177 522 2239 emissa
547 2176 585 2239 ab
604 2196 640 2239 eo
658 2176 763 2257 sagitta
781 2177 991 2258 vulneratoque
1010 2178 1142 2245 blandae.
1163 2196 1281 2241 summo

119 2302 281 2358 consenan,
294 2293 324 2345 et
335 2300 374 2344 ne
387 2286 539 2360 expectato
549 2280 668 2360 quidem
682 2278 766 2342 ducis
777 2278 912 2359 imperio,
928 2298 1010 2342 arma
1020 2279 1139 2342 Graecis
1154 2280 1284 2342 inierunt

118 2408 143 2448 τ.
159 2387 234 2449 221.
280 2385 363 2446 Certe
387 2382 466 2445 nulla
485 2381 606 2444 aberunt
624 2381 740 2462 imperii
759 2381 870 2444 mentio
890 2382 936 2456 tt,
962 2399 1059 2463 neque
1079 2381 1214 2444 credibile
1238 2389 1284 2444 est

118 2490 287 2562 ilectorem,
300 2486 351 2568 qui
364 2483 501 2548 tomba
512 2482 684 2558 exercitum,
700 2483 744 2546 sic
761 2484 974 2564 imperaturum
993 2485 1097 2557 basse,
1118 2484 1199 2546 omni
1219 2485 1283 2546 ioe-

119 2593 198 2656 desis
219 2592 279 2653 lide
296 2610 332 2653 ao
349 2586 489 2666 religione
508 2585 626 2649 violata:
646 2594 789 2666 pugnaret
809 2586 889 2649 enim
909 2586 968 2648 boo
985 2605 1052 2649 oum
1073 2586 1127 2648 riri
1140 2586 1283 2660 moribus,

121 2696 222 2776 onmes
241 2694 274 2755 in
295 2701 356 2754 tota
377 2688 467 2751 iliade
491 2688 714 2767 cognominus,
732 2706 828 2769 neum
846 2704 977 2770 unquam
998 2687 1187 2769 perfldioaam
1206 2688 1284 2767 pacti

119 2798 308 2860 violationem
328 2814 343 2856 a
363 2808 511 2873 quoquam
536 2791 607 2853 buia
623 2791 762 2870 imputari
781 2791 923 2854 riderem
971 2790 1026 2852 Est
1042 2789 1130 2869 igitur
1147 2788 1234 2850 ctiam
1253 2789 1284 2850 in

119 2900 173 2962 boc
188 2898 360 2961 narratione
374 2894 481 2975 abqrnd
493 2893 569 2956 baud
586 2892 673 2955 dubie
687 2893 867 2956 offendiculi:
882 2892 952 2973 quid
966 2892 1008 2955 nei
1019 2899 1117 2955 aaran
1132 2891 1180 2965 sit,
1195 2896 1284 2971 poeta

121 3004 221 3077 reiert3
238 3018 342 3062 causas
362 3006 459 3060 antem
474 3005 504 3058 et
516 2995 663 3067 rationes,
684 3013 736 3057 cnr
749 2995 794 3057 sic
807 2995 854 3076 agi
868 2995 1004 3075 potuerit,
1019 2994 1163 3076 eprcare
1177 3011 1283 3072 super·

121 3104 203 3166 sedit.
259 3101 415 3164 Habebunt
439 3116 509 3179 ergo
535 3099 583 3160 bic
606 3115 725 3179 quoqne
748 3097 936 3179 interpretes,
961 3099 992 3161 in
1016 3116 1076 3179 quo
1102 3095 1285 3160 coniectandi

121 3205 283 3268 sollertiam
299 3202 494 3279 ostendant⁵)
510 3210 540 3263 et
553 3219 628 3281 quae
643 3200 690 3263 ille
704 3199 819 3263 reticuit
832 3200 967 3281 potuisse
980 3208 1030 3264 ant
1044 3201 1131 3263 etiam
1146 3198 1285 3262 debuisse

121 3308 236 3371 reticeri
262 3324 321 3368 nos
348 3305 496 3368 edomant.
540 3304 676 3366 Ceterum
696 3320 751 3382 ego
772 3319 893 3366 omnem
907 3305 985 3366 banc
1002 3310 1115 3384 pestem
1132 3301 1246 3375 iliadis,
1266 3320 1283 3363 a
1304 3319 1331 3369 tt

121 3408 280 3485 ill,14ad
293 3408 341 3482 lv,
356 3408 428 3481 tto,
442 3406 468 3468 si
483 3406 611 3479 abesset,
631 3422 695 3467 non
710 3423 889 3486 magnopere
903 3405 1114 3479 desiderarem,
1134 3405 1166 3469 in
1181 3422 1240 3485 qua
1253 3411 1287 3465 ut

121 3514 181 3575 sint
194 3511 338 3573 nonnulla
348 3510 384 3571 ad
397 3508 564 3571 universam
575 3507 670 3571 lliadb
686 3507 933 3589 compositionem
948 3508 1019 3570 satis
1035 3515 1111 3590 apta,
1127 3507 1203 3569 velut
1215 3525 1286 3569 τοι·

121 3606 293 3694 χοοτιοπλα
310 3620 340 3674 et
352 3610 580 3690 Agamemnonio
600 3603 829 3695 ἐπιπώλησις,
857 3610 896 3673 de
907 3609 1015 3691 σῶοι
1034 3610 1103 3672 nolo
1119 3624 1199 3672 nuno
1212 3626 1285 3672 con·

122 3718 256 3789 tendere,
275 3715 347 3777 nibil
368 3722 464 3776 tamen
487 3712 593 3775 buum
619 3712 820 3775 necessarium
840 3731 907 3775 esre
925 3719 1059 3792 apparat,
1086 3721 1213 3792 suntque
1232 3711 1286 3774 alia

122 3849 427 3863 ——.--——

189 3936 216 3997 ὅ)
234 3932 499 3987 νίτιιιταοττῐττλπιι
515 3934 594 3985 rebel.
609 3934 641 3983 ad
662 3932 705 3998 Ν,
723 3931 785 3985 lli:
809 3930 857 3985 decl
875 3936 906 3985 rt
925 3933 954 3984 ol
972 3932 1076 4004 Τρῶες,
1094 3934 1174 4005 clare
1197 3926 1287 3984 πάλαι

121 4021 302 4072 καταθέσθαι
318 4017 367 4070 τὸν
383 4013 512 4087 πόλεμον
528 4013 690 4084 ἐβούλοντο,
714 4014 746 4071 ori
764 4018 877 4084 ζητοῦσι
897 4016 947 4071 τὸν
963 4015 1096 4084 βαλόντα,
1120 4013 1182 4069 ἀλλ’
1203 4012 1287 4074 εὐθὺς

122 4103 253 4177 ὁρμῶσιν
265 4104 313 4157 ἐπὶ
326 4102 360 4156 τὰ
373 4099 449 4156 ὅπλα
454 4122 463 4163 ,·
474 4097 520 4155 ὅτι
532 4098 621 4170 ᾤοντο
633 4104 719 4175 βουλῇ
731 4104 786 4157 τῶν
797 4105 935 4170 βασιλέων
946 4102 1116 4171 πεπρᾶχθαι
1132 4100 1182 4166 τὴν
1194 4097 1287 4173 παρά-

122 4195 216 4255 βασιν·
234 4192 282 4241 καὶ
299 4192 326 4242 ιλ
339 4186 393 4260 μὲν
409 4191 525 4252 τέθνηκε
543 4187 702 4251 Μενέλαος,
720 4185 869 4261 κρατήσειν
885 4190 939 4241 τῶν
957 4182 1092 4254 Ἑλλήνων
1107 4182 1226 4252 ἤλπιζον
1238 4181 1287 4238 διὰ

124 4274 171 4339 τὴν
187 4273 236 4328 ἐπ’
257 4276 355 4342 ἐκείνῳ
377 4269 468 4338 λύπην
489 4269 760 4331 καταπιπτωιιότων,
783 4277 808 4325 ελ
829 4272 859 4324 dt
880 4266 932 4340 μή,
956 4267 1009 4322 κᾶν
1030 4266 1146 4340 φθάσαι
1167 4265 1287 4324 ἀόπλοις

124 4356 216 4418 αὐτοῖς
231 4361 378 4429 ἐμπεσεῖν.
412 4356 461 4410 διὰ
478 4363 509 4410 τί
524 4357 555 4410 δὲ
573 4354 660 4411 πὰλιν
670 4352 775 4426 Ἕκτωρ
789 4355 839 4410 οὐκ
852 4354 963 4423 ἐζήτησε
976 4354 1026 4407 τὸν
1037 4350 1167 4421 βαλόντα
1179 4347 1222 4401 ὅτι
1237 4347 1287 4400 οὒκ

124 4439 156 4511 ἦν
167 4443 320 4512 ἀναλαβεῖν
331 4443 363 4495 ab
376 4448 506 4513 πταῖσμα
518 4438 597 4502 ἅπαξ
608 4437 759 4495 Μενελάου
771 4443 937 4512 τρωθέντος.
