3154 5138
831 450 892 515 382

279 648 371 713 nata,
387 640 502 702 tolerari
522 654 584 701 non
604 658 695 720 posse
708 638 911 718 intelligerent.
956 638 1014 700 Sed
1029 638 1087 700 hoc
1100 637 1200 718 ipsum
1216 646 1296 698 nata
1311 654 1366 716 pro
1381 636 1437 697 do·

279 750 416 804 eumento
431 742 530 804 haberi
545 743 638 817 debet,
655 742 798 803 excidisse
816 740 847 803 in
861 739 1064 820 superioribus
1084 739 1180 801 verbis
1195 738 1310 818 aliquod
1326 755 1436 800 nomeu

278 845 458 908 femininum.
502 846 575 907 Nam
591 847 670 926 quod
686 843 810 906 Orellius
828 842 1110 924 praestantissimam
1130 843 1206 904 hanc
1219 840 1434 922 brachylogiam

277 966 343 1010 esse
365 957 509 1023 autumat,
530 962 697 1028 nomenque
719 964 806 1009 arcus
828 944 1015 1019 femininum,
1035 952 1138 1025 utpote
1153 962 1188 1005 ex
1202 942 1306 1005 fabulis
1320 950 1435 1017 notum,

278 1050 343 1112 licet
357 1069 418 1113 non
435 1050 543 1113 dictum
561 1058 656 1113 umen
671 1048 822 1112 subaudiri
836 1047 905 1121 vult,
921 1048 1008 1127 idque
1022 1047 1157 1109 sufficere
1171 1046 1207 1108 ad
1219 1045 1434 1107 defendendum

278 1152 451 1214 femininum
473 1170 564 1231 genus
584 1150 742 1233 participii:
762 1150 820 1211 hoc
839 1166 931 1229 genus
951 1149 1152 1230 brachylogiue
1177 1148 1291 1229 paucis,
1316 1148 1434 1229 opinor,

277 1255 414 1335 placebit:
430 1254 476 1317 sin
491 1262 587 1316 autem
603 1261 685 1323 sunt,
707 1253 812 1334 quibus
828 1251 945 1331 placeat,
960 1270 1021 1313 non
1036 1251 1185 1314 intercedo
1200 1249 1343 1330 equidem,
1358 1269 1435 1331 quo-

278 1357 375 1419 minus
390 1357 496 1419 iudicio
512 1376 567 1419 suo
583 1358 724 1418 lruamm
769 1354 836 1415 Non
855 1353 948 1432 magis
967 1362 1063 1415 autem
1085 1352 1204 1433 probari
1219 1360 1317 1432 potest
1331 1352 1435 1414 lllolzii

276 1459 364 1532 ratio,
381 1459 444 1540 qui,
460 1461 549 1539 prael.
566 1479 594 1540 p.
609 1458 700 1533 XXV,
715 1456 886 1519 Ciceronem
906 1456 1062 1537 scripsisse
1076 1454 1257 1535 suspicatur:
1273 1464 1328 1517 est
1341 1455 1434 1516 eninr

276 1560 519 1640 pulcherrima
544 1561 617 1622 arci
643 1560 782 1640 species
808 1567 842 1620 et
867 1557 911 1619 uh
938 1576 1012 1619 eam
1039 1576 1195 1629 causam,
1215 1557 1435 1620 Thaumante

276 1663 502 1726 dielturesse
518 1673 611 1736 nata,
637 1662 736 1724 deletis
757 1660 850 1723 verbis
870 1658 1064 1733 intermediis,
1090 1661 1170 1741 quia
1192 1659 1349 1741 speciem
1370 1659 1435 1722 ha·

276 1765 359 1828 beat
372 1766 662 1846 pulcherrimam:
683 1766 712 1827 in
733 1784 788 1846 qua
809 1764 975 1825 coniectura
990 1763 1103 1825 nescias
1119 1771 1217 1824 utrum
1233 1761 1326 1841 magis
1341 1763 1434 1825 mne·

275 1869 330 1942 ris,
356 1868 544 1930 audaciamne
569 1867 746 1947 corrigendi,
773 1884 809 1928 an
836 1864 1003 1944 religiosam
1024 1865 1053 1926 in
1073 1883 1130 1927 una
1152 1866 1261 1939 lerina,
1280 1872 1363 1927 nata
1377 1883 1433 1946 pru

276 1978 392 2043 natus,
413 1969 546 2031 codicum
568 1969 767 2030 revemntiam.
813 1967 956 2028 Nimirum
979 1967 1082 2029 maluit
1098 1967 1143 2028 vir
1160 1965 1289 2047 alioquin
1305 1966 1432 2028 circm-

277 2070 479 2151 spectisaimus
495 2089 578 2131 stram
593 2068 791 2131 coniecturam
800 2068 965 2147 periclitari,
980 2087 1067 2148 quem
1079 2069 1195 2145 alienae,
1210 2069 1434 2149 quemvisegre-

275 2172 347 2251 gine,
362 2171 511 2233 assentiri:
528 2190 583 2250 que
599 2170 793 2232 aemulatione
806 2170 916 2231 multos
931 2189 1034 2251 saepe,
1050 2172 1099 2250 qui
1114 2170 1243 2232 criticam
1259 2171 1337 2233 bano
1350 2170 1433 2232 dior·

276 2276 415 2338 thoticam
435 2294 469 2335 ex
489 2275 625 2354 professo
646 2272 788 2345 iactitant,
809 2281 992 2334 manaremus
1013 2272 1058 2353 agi
1078 2274 1221 2336 videmus.
1277 2274 1435 2335 verissime

276 2377 387 2440 dudum
407 2376 552 2438 Antonius
571 2375 753 2454 Augustinus
773 2373 960 2436 scribendum
982 2394 1048 2437 csse
1067 2375 1195 2437 monuit:
1216 2374 1434 2436 Thaumante

276 2479 408 2542 dicitur
431 2477 500 2539 lris
526 2498 608 2540 esse
632 2486 727 2540 nata:
754 2496 876 2557 euinque
894 2477 1144 2550 emendationem,
1165 2476 1222 2537 iam
1249 2476 1331 2556 prius
1351 2494 1433 2538 ame

276 2582 444 2662 probatam,
464 2582 492 2643 in
509 2581 594 2643 altera
611 2581 739 2643 editione
754 2579 830 2642 haud
846 2579 1012 2642 dubitanter
1028 2580 1223 2661 recipiendam
1240 2598 1306 2641 esse
1321 2578 1432 2640 censui.

360 2684 438 2746 llaec
452 2693 537 2757 sunt,
556 2685 592 2745 de
611 2684 717 2764 quibus
733 2674 829 2763 paullo
844 2684 1007 2745 accuratius
1022 2682 1172 2764 disputare
1184 2701 1291 2763 operae
1304 2679 1433 2761 pretium

275 2807 342 2850 esse
357 2787 517 2849 videbatur.
562 2786 819 2847 Praetermittenda
839 2785 917 2847 enim
937 2786 1079 2848 hocloco
1098 2805 1131 2847 ea
1153 2784 1252 2847 omnia
1271 2783 1384 2865 putavi,
1398 2783 1433 2844 dc

276 2889 382 2969 quihus
402 2888 459 2950 iem
480 2905 548 2950 ann.
576 2887 655 2947 1849
671 2895 700 2947 et
719 2887 799 2949 1850
822 2887 851 2948 in
875 2898 1015 2968 quattuor
1036 2887 1135 2949 libellis
1158 2884 1330 2949 academicis
1353 2903 1435 2947 aruc

276 2991 454 3070 disputatum
480 2997 539 3061 est,
566 3008 741 3069 quamquam
762 3000 831 3050 sunt
851 2990 937 3052 etiam
961 2989 990 3049 in
1014 2989 1059 3049 his
1083 2988 1236 3059 nonnulla,
1265 2987 1301 3049 de
1326 2987 1434 3068 quibus

276 3091 420 3153 lllotaium
436 3110 451 3153 a
468 3109 515 3152 me
530 3090 685 3151 dissentire
700 3090 788 3151 editio
804 3091 866 3152 eius
882 3092 1069 3155 manifestum
1085 3091 1159 3153 lacit.
1193 3092 1276 3153 Velut
1290 3089 1339 3152 lib.
1354 3091 1391 3152 ll
1407 3110 1432 3151 c.

277 3193 328 3267 49,
347 3194 405 3255 tut
422 3193 540 3255 retinuit
554 3193 695 3271 vidgatam
708 3192 874 3253 lectionem:
891 3194 969 3254 ilum
987 3194 1046 3255 illa
1063 3203 1200 3275 captum
1216 3193 1434 3267 amitterent,

276 3294 309 3358 id
325 3296 417 3376 quod
434 3295 509 3375 ipsa
525 3294 718 3356 invaderet:
739 3313 830 3373 speum
850 3314 905 3374 ego
926 3297 1188 3359 demonstrativum
1209 3296 1243 3357 id
1262 3303 1432 3375 permutari·

277 3399 348 3460 dum
364 3418 430 3460 cum
446 3398 662 3478 praepositione
682 3397 715 3457 in
731 3397 904 3470 censuerim,
920 3414 981 3460 uon
996 3417 1055 3478 quo
1070 3397 1263 3459 neeasariam
1279 3396 1433 3477 praeposi-

277 3502 385 3563 tionem
401 3509 549 3582 putarem,
565 3536 606 3545 -
626 3517 694 3560 nam
716 3499 884 3560 invadere
904 3500 989 3563 etiam
1009 3519 1075 3563 cum
1097 3501 1162 3561 solu
1178 3498 1343 3562 accusativo
1359 3517 1433 3561 con-

276 3605 350 3666 strui
370 3604 481 3665 nemini
502 3603 632 3682 ignomin
653 3608 706 3674 est,
720 3638 762 3645 -
779 3602 829 3662 sed
850 3603 927 3682 quod
948 3603 1094 3682 praemitti
1114 3604 1157 3664 sic
1172 3601 1433 3664 demonstrativum

277 3705 395 3768 relativo
410 3706 445 3767 ad
462 3706 649 3785 repetendam
665 3704 816 3765 notionem
832 3704 874 3765 rei
889 3706 979 3765 modo
994 3713 1241 3767 commemoratae
1256 3723 1315 3766 non
1331 3703 1435 3774 schida,

277 3807 328 3870 sed
350 3808 436 3869 certis
457 3814 569 3868 mntem
590 3806 808 3868 conditionibus
830 3806 925 3867 solere
943 3807 1146 3881 memineram,
1166 3825 1289 3887 quarum
1309 3806 1387 3868 nulla
1402 3805 1433 3865 in

277 3911 356 3972 hunc
375 3909 472 3971 locum
492 3909 667 3970 conveniret
718 3907 848 3969 lllotzius
870 3928 952 3981 vero,
973 3910 1146 3981 cludetur,
1166 3909 1235 3972 nihil
1255 3926 1433 3990 magnopere

276 4013 419 4075 interesse
434 4011 532 4083 credit,
548 4020 615 4074 utro
630 4012 719 4072 modo
741 4010 860 4072 dicatur.
904 4011 1003 4092 Neque
1025 4013 1121 4074 minus
1141 4012 1234 4073 miror
1253 4011 1305 4073 riri
1322 4010 1432 4073 ductis-

277 4115 345 4177 simi
361 4115 508 4187 iudicium,
525 4133 614 4195 quum
630 4114 660 4174 in
675 4113 778 4174 eodem
788 4111 883 4192 capite
897 4113 1040 4193 vulgatam
1051 4114 1221 4176 lectionem:
1236 4113 1271 4174 in
1287 4114 1362 4176 eius
1376 4112 1432 4174 lo·

277 4237 354 4281 curn
373 4217 534 4280 succedit
553 4235 591 4277 ex
611 4216 656 4276 iis
677 4234 763 4295 quae
776 4214 1005 4294 requierunt,
1024 4216 1097 4278 tueri
1116 4225 1248 4287 conatur,
1268 4215 1432 4278 subiectum

277 4319 356 4383 verbi
376 4318 573 4382 succedite
592 4317 729 4380 Cicerone
747 4317 777 4378 iu
796 4315 845 4379 tali
865 4318 957 4399 qualis
972 4319 1000 4380 h.
1017 4318 1034 4380 Ι.
1050 4329 1095 4381 est
1113 4327 1251 4381 contextu
1266 4318 1360 4380 omitti
1375 4334 1431 4396 po

276 4424 368 4487 tuisse
382 4423 529 4503 opinatus.
560 4421 602 4483 hx
617 4420 722 4483 eodem
738 4438 844 4499 genere
858 4430 914 4495 est,
930 4421 1009 4501 quod
1023 4421 1071 4495 lll,
1086 4421 1137 4493 23,
1149 4422 1191 4483 60
1206 4421 1318 4501 spireut
1330 4435 1431 4481 emen-
