3190 5136
873 446 932 507 150

803 536 859 544 -ο,

322 638 396 699 Nam
417 635 606 697 manifestum
622 642 681 709 est,
699 640 782 695 tanto
801 632 945 695 maiorem
964 632 1027 695 eius
1045 634 1269 698 sollicitudinem
1291 634 1352 696 lieri
1373 635 1491 707 debera»,

323 746 432 819 quomo
453 737 552 799 minus
570 736 607 798 de
625 736 744 798 vesuta
758 733 989 817 praedictionum
1003 736 1118 799 illarum
1132 737 1366 800 camarensem.
1395 740 1490 801 Παι-

274 855 300 905 11
323 835 421 903 ολνιον
442 839 478 902 de
493 859 543 911 eo,
559 839 640 918 quod
655 837 881 900 sollicitudinem
894 837 1076 912 consolatur,
1091 839 1194 901 eodem
1207 839 1297 901 modo
1309 841 1418 903 dictum
1431 852 1488 911 est,

323 951 409 1023 atque
423 960 512 1023 supra
526 961 553 1002 v.
568 940 624 1003 99:
640 931 751 1002 παίων
771 959 808 1001 τε
829 935 923 1021 pavori
943 936 1046 1024 τῆσδε
1066 933 1231 1027 μερίμνης.
1253 977 1297 989 -
1319 943 1491 1024 Sequuntur

323 1045 461 1125 deinceps
477 1046 562 1106 haec:

824 1136 991 1222 θαυμάζω
1015 1138 1054 1207 δέ
1076 1162 1113 1208 σε

524 1241 647 1312 πόντου
669 1242 776 1330 πέραν
795 1245 978 1333 τραφεῖσαν
999 1238 1189 1332 ἀλλόθρουν
1209 1242 1331 1312 πόλιν

523 1349 631 1436 κυρεῖν
651 1344 825 1431 λέγουσαν,
848 1340 961 1432 ὥσπερ
983 1342 1013 1412 εἰ
1036 1345 1264 1433 παρεστάτεις.

324 1456 381 1517 Sed
396 1447 497 1516 πόλιν
510 1453 541 1515 in
556 1472 643 1516 versu
658 1453 789 1515 secundo
804 1451 936 1532 ineptum
952 1460 1011 1513 eet:
1032 1471 1128 1533 neque
1148 1453 1227 1515 enim
1243 1453 1419 1525 decivitate,
1436 1455 1490 1514 secl

325 1564 437 1620 lantum
453 1556 490 1618 de
505 1555 583 1636 regia
598 1555 688 1617 domo
704 1554 871 1617 Cassandra
887 1554 965 1616 dixit
988 1545 1191 1638 Ἀλλόθρους
1205 1558 1268 1637 ipsa
1283 1564 1337 1629 est,
1352 1575 1407 1635 pro
1424 1551 1492 1617 πό-

323 1655 375 1722 λιν
395 1666 492 1722 autem
505 1658 694 1721 scribendum
709 1652 812 1733 πάνυ,
828 1657 1124 1738 coniungendumque
1142 1678 1210 1720 cum
1225 1658 1321 1721 verbis
1337 1659 1491 1738 sequenti·

324 1763 391 1824 bus.
420 1761 558 1825 librariis
571 1762 644 1823 haec
658 1761 809 1824 collocatio
824 1759 951 1822 adverbii
967 1760 1098 1822 lraudem
1114 1761 1189 1823 lecit
1219 1761 1319 1842 Neque
1333 1762 1492 1822 ferendum

324 1865 390 1939 luit,
405 1864 484 1945 quod
500 1864 615 1926 codices
630 1863 660 1925 in
675 1865 772 1944 primo
786 1881 873 1925 versu
887 1862 1009 1937 habent,
1025 1856 1189 1941 θαυμάζω
1213 1857 1251 1926 δέ
1272 1879 1342 1925 σου.
1377 1863 1492 1925 lluius-

325 1967 405 2029 modi
421 1967 675 2029 constructionum
691 1966 807 2028 deliciae
822 1965 1081 2046 grammaticorum
1100 1965 1227 2027 acumini
1246 1965 1405 2028 admodum
1425 1966 1493 2046 pla-

324 2089 389 2132 cere
404 2071 513 2145 solent3
529 2070 564 2132 ab
579 2069 712 2149 Aeschyli
727 2068 845 2147 ingenio
861 2067 1029 2130 abhorrent

409 2173 442 2234 v.
458 2172 549 2235 1166.
578 2171 741 2252 Postquam
756 2170 921 2234 Cassandra
935 2189 968 2232 se
987 2169 1023 2232 ab
1038 2169 1172 2251 Apolline
1187 2178 1312 2233 amamm
1327 2188 1394 2233 esso
1407 2170 1494 2244 dixit,

326 2276 434 2339 chorus
450 2276 624 2353 interrogat:

524 2365 547 2461 ἦ
568 2372 626 2438 καὶ
646 2368 767 2438 τέκνων
788 2367 837 2450 εἰς
857 2358 952 2458 ἔργον
971 2366 1117 2460 ἤλθετον
1136 2368 1257 2460 νόμῳ,·

325 2483 500 2561 fueruntque
515 2479 565 2559 qui
580 2478 649 2540 illud
663 2472 754 2560 νόμῳ
770 2477 841 2539 satis
855 2476 971 2539 delendi
986 2497 1076 2559 posse
1094 2478 1248 2541 crederent
1261 2478 1418 2541 llomerico
1431 2480 1494 2553 illc,

325 2573 348 2665 ἢ
370 2575 473 2663 θέμις
495 2573 685 2667 ἀνθρώπων
705 2575 814 2655 πέλει,
839 2570 966 2665 ἀνδρῶν
986 2572 1048 2666 ἠδὲ
1071 2577 1243 2663 γυναικῶν,
1266 2581 1388 2663 aliisquo
1404 2583 1494 2645 simi-

325 2677 411 2747 libus.
441 2684 499 2746 Sed
514 2685 589 2747 aliud
605 2692 651 2746 est
664 2675 776 2763 νόμος,
792 2682 869 2744 aliud
883 2676 989 2763 θέμις
1003 2684 1046 2746 vel
1061 2676 1146 2769 δίκη.
1176 2684 1276 2764 Neque
1295 2684 1402 2746 Butleri
1417 2704 1496 2748 con-

325 2790 449 2863 iectura,
464 2778 608 2870 ἠλθέτην
631 2776 714 2866 ὁμοῦ
722 2832 731 2863 ,
752 2803 820 2848 vera
834 2795 892 2858 est,
910 2786 962 2847 sed
977 2785 1167 2849 scribendum
1182 2780 1292 2871 γάμῳ,
1308 2788 1386 2867 quod
1402 2806 1495 2850 roca-

326 2890 426 2952 bnlum
442 2907 503 2950 non
518 2890 614 2952 solum
630 2889 666 2951 de
680 2888 766 2951 iustis
780 2888 906 2969 nuptiis,
926 2888 978 2950 sed
993 2889 1029 2950 de
1044 2890 1183 2951 amatoria
1198 2890 1410 2953 consuetudine
1425 2910 1496 2953 sae—

326 2993 449 3073 pissime
462 3012 479 3054 a
493 2992 610 3072 tragicis
625 2990 763 3071 usurpari
777 2991 889 3053 nemini
902 2991 1036 3071 ignotum
1051 3009 1116 3053 esse
1131 2991 1225 3053 debet

409 3095 444 3157 ln
457 3093 638 3157 Cassandrae
651 3093 748 3155 verbis
763 3112 790 3154 v.
808 3092 889 3155 1187
895 3112 903 3154 ε

527 3187 587 3260 οὐκ
609 3184 699 3259 οἶδεν
721 3180 778 3259 οἷα
800 3191 932 3277 γλῶσσα
951 3192 1094 3281 μισητῆς
1114 3192 1210 3273 κυνὸς

526 3292 649 3373 λέξασα
669 3289 870 3363 κάκτείνασα
892 3292 1151 3383 φαιδρόνονς,
1175 3292 1270 3384 δίκην

516 3392 619 3484 ’Άτης
640 3394 824 3485 λαθραίου,
845 3396 997 3477 τεύξεται
1018 3398 1103 3488 κακῇ
1113 3396 1203 3487 τύχῃ.

327 3523 446 3578 omnes,
466 3503 546 3583 quod
566 3503 670 3577 sciam,
690 3497 892 3588 φαιδρόνοος
908 3505 949 3566 de
969 3506 1134 3567 simulata
1153 3504 1294 3568 laetitia
1308 3518 1498 3586 accepemnt,

326 3607 576 3689 quemadmodum
591 3605 678 3667 etiam
693 3606 724 3667 in
737 3606 823 3667 Eam.
838 3626 865 3668 v.
882 3607 943 3669 622
959 3597 1115 3693 εὔφροσιν
1129 3624 1190 3669 οοο
1203 3625 1281 3669 unus
1296 3616 1346 3670 aut
1360 3609 1432 3671 alter
1447 3610 1498 3671 in-

327 3718 502 3792 terpretum,
518 3708 569 3770 sed
589 3707 721 3788 plerique
736 3726 841 3771 omnes
861 3710 897 3771 de
917 3709 1083 3771 simulata
1101 3709 1360 3772 benevolentia
1381 3711 1499 3774 dictum

327 3834 392 3875 osse
417 3811 585 3893 opinantur.
630 3811 745 3873 Scilicet
769 3810 887 3874 licuisse
911 3820 1015 3892 poetae
1032 3811 1103 3874 illud
1122 3813 1222 3893 ipsum
1238 3813 1386 3889 omittere,
1413 3816 1499 3894 quod

327 3915 451 3976 maxime
466 3915 502 3976 ad
517 3932 581 3976 rem
596 3914 769 3994 pertineret,
789 3922 876 3994 atque
895 3916 939 3976 sic
953 3916 1134 3977 contrarium
1149 3915 1211 3978 cios
1227 3916 1336 3990 dicere,
1350 3916 1432 3996 quod
1448 3916 1499 3977 in-

328 4016 414 4095 telligi
428 4017 550 4079 volebat.
578 4018 736 4097 Quumque
749 4017 862 4078 videam
877 4017 1024 4099 hodieque
1038 4036 1119 4091 osse,
1134 4018 1184 4098 qui
1199 4018 1230 4080 in
1243 4019 1329 4080 Eum.
1344 4018 1432 4080 istam
1448 4019 1500 4079 in-

328 4120 565 4200 terpretationem
582 4128 725 4189 tueantur,
749 4134 845 4199 neque
863 4119 981 4183 audiant
999 4138 1101 4183 verum
1116 4120 1255 4182 docentes
1270 4139 1319 4183 me
1333 4120 1371 4182 ad
1384 4120 1415 4182 h.
1432 4121 1501 4183 let

326 4222 539 4285 Bernhardium
556 4222 673 4302 Syntax.
689 4240 720 4302 p.
734 4220 789 4296 83,
809 4221 913 4284 iisdem
928 4223 1014 4285 etiam
1033 4223 1104 4285 illud
1119 4216 1318 4307 φαιδρόνοος
1331 4240 1499 4303 numquam

326 4342 389 4387 non
404 4325 476 4386 satis
490 4325 665 4405 placiturum
680 4342 746 4387 esse
759 4332 840 4387 certo
856 4325 927 4388 scio.
970 4324 1027 4400 Qui
1047 4333 1143 4389 auton
1159 4326 1277 4388 saniore
1294 4325 1403 4387 iudicio
1419 4335 1502 4395 sunt,

325 4428 447 4502 malent,
472 4426 594 4507 opinor,
616 4445 732 4490 mecum
752 4427 880 4489 scribere
898 4421 1190 4513 φαιόνουςαεᾱοιο
1206 4427 1421 4507 significatione
1434 4445 1495 4508 qua
