3178 5136
854 434 917 499 226

304 627 382 691 lieris
398 625 605 690 coniunctione
618 624 751 704 legimus,
767 621 826 684 iam
836 620 902 684 alibi
909 628 1030 685 tractma
1036 629 1128 696 mant
1141 628 1173 684 et
1181 624 1353 701 repetuntur
1363 625 1461 681 umen

305 729 395 791 nihilo
411 728 510 791 minus
524 728 554 790 in
570 725 779 799 oeconomico,
799 723 908 787 scilicet
926 723 994 804 quia
1014 724 1051 787 od
1065 742 1128 789 rum
1148 721 1293 803 pertinere
1307 721 1369 784 risa
1382 728 1461 791 sunt,

305 830 554 913 quemadmodum
569 846 631 891 non
646 827 745 890 minus
765 834 842 889 certe
868 826 905 888 ad
925 844 988 888 rem
1007 825 1161 907 pertinuit,
1181 824 1231 888 ubi
1252 825 1290 887 de
1307 840 1461 887 sertorum

305 931 478 995 tractatione
493 929 729 1012 praecipiendum
746 935 817 1001 erat,
832 926 999 991 servitutem
1014 928 1112 1008 ipsam
1124 928 1246 1008 musque
1259 925 1319 989 vim
1333 935 1363 991 et
1376 934 1463 989 natu·

305 1053 370 1098 ram
385 1033 542 1113 explicare:
563 1030 756 1112 quamobrem
777 1028 828 1110 qui
847 1029 883 1090 de
901 1030 991 1093 altero
1010 1029 1162 1111 diligentes
1175 1029 1324 1112 exposuit,
1340 1029 1462 1093 altarum

305 1156 343 1200 ne
356 1135 444 1200 verbo
461 1134 578 1215 quidem
594 1133 697 1213 tetigit,
711 1149 773 1194 non
788 1130 896 1213 poterit
909 1150 972 1194 non
985 1132 1157 1213 inaequabili
1171 1132 1300 1214 quodam
1315 1140 1344 1195 et
1358 1132 1464 1195 incon·

306 1239 393 1303 stami
408 1236 532 1300 docendi
545 1253 649 1317 genere
662 1254 735 1298 usus
750 1253 816 1297 esse
831 1233 931 1297 rideri.
947 1269 989 1280 —
1003 1234 1133 1298 Brevitas
1151 1242 1248 1298 autem
1263 1252 1355 1315 quum
1369 1231 1464 1299 ubivis

306 1360 436 1415 summa,
455 1349 518 1402 tum
538 1338 569 1400 in
589 1357 623 1400 ea
643 1337 832 1418 potissimum
853 1345 949 1418 parte,
971 1355 1045 1417 quae
1066 1337 1102 1399 de
1122 1345 1261 1419 mutuor
1281 1335 1465 1401 oeconomici

305 1444 380 1507 circa
394 1441 471 1505 bona
487 1441 642 1505 rirtntbus
657 1440 724 1521 agit,
739 1448 820 1502 tanta
832 1448 891 1515 est,
911 1448 945 1502 ut
958 1441 1096 1521 pleraque
1108 1447 1261 1521 praecepta
1274 1439 1465 1521 perobscura,

306 1546 404 1610 omnis
420 1553 519 1607 auum
533 1544 583 1606 bie
595 1544 679 1605 locus
695 1560 819 1624 prorsus
834 1560 958 1605 manare
977 1553 1064 1623 atque
1078 1542 1265 1624 imperfectus
1280 1541 1339 1605 diei
1352 1542 1465 1617 debeat,

306 1650 479 1730 praesertim
495 1646 521 1709 si
536 1645 602 1727 quis
619 1663 687 1707 eum
702 1655 853 1726 comparet
868 1664 935 1709 cum
950 1645 1014 1717 illis,
1028 1663 1102 1726 quae
1117 1644 1147 1706 in
1161 1644 1291 1707 Polib'cis
1302 1643 1352 1709 lib.
1370 1647 1385 1706 1
1399 1663 1465 1726 cap.

307 1751 337 1813 3.
352 1753 372 1811 4
387 1749 481 1812 multo
496 1747 646 1829 copiosius
657 1755 696 1826 et
709 1748 872 1810 accuratius
892 1746 1087 1811 disseruntur.
1116 1746 1195 1809 Nibil
1214 1746 1292 1809 enbn
1311 1746 1342 1809 in
1356 1747 1418 1810 boc
1430 1747 1467 1809 b-

305 1852 381 1917 belle
397 1852 433 1914 de
447 1846 602 1936 κτητικῆς
609 1849 719 1912 ambitu
731 1858 761 1911 et
772 1868 789 1911 a
799 1850 982 1933 quaestuaria
999 1844 1272 1936 (χρηματιστικῇ)
1287 1849 1467 1926 discrimine,

305 1973 393 2036 quam
408 1952 493 2016 multi
505 1960 612 2014 temere
624 1952 830 2014 oeconomicae
840 1961 964 2031 partem,
980 1960 1008 2015 et
1019 1952 1208 2033 praecipuam
1218 1951 1469 2033 crulandenses

305 2057 337 2121 in
357 2055 487 2119 Politicis
507 2054 656 2117 dicuntur:
680 2053 752 2115 nibil
772 2054 809 2116 de
827 2054 913 2116 variis
931 2054 1081 2119 bonorum
1105 2053 1274 2134 generibus,
1298 2064 1417 2137 praeter
1434 2074 1470 2118 ea

306 2177 454 2240 quaeoap.
470 2157 489 2218 2
504 2176 533 2237 p.
549 2157 585 2230 4,
611 2155 772 2229 15-5,2
796 2156 880 2235 quasi
898 2156 929 2217 in
954 2164 1128 2220 transcursu
1151 2158 1346 2238 attinguntur,
1372 2176 1469 2238 quum

306 2261 417 2325 multus
432 2262 468 2323 de
483 2259 529 2321 bis
544 2259 583 2321 sit
596 2257 766 2321 Aristoteles
780 2258 811 2320 in
826 2257 970 2322 Politicis:
990 2257 1063 2321 nihil
1077 2259 1202 2341 denique
1221 2261 1259 2324 de
1272 2268 1352 2325 recto
1366 2260 1469 2323 bono·

306 2382 373 2429 rum
385 2381 453 2437 usu,
468 2380 559 2442 quum
575 2368 671 2423 tamen
686 2359 833 2423 Aristoteli
843 2355 883 2423 τὸ
897 2353 1090 2445 χρήσασθαι
1104 2361 1197 2426 multo
1212 2362 1307 2444 magu
1321 2364 1358 2427 ad
1374 2382 1470 2427 oeco-

308 2467 440 2528 nomiam
459 2463 605 2545 perbnere
624 2463 719 2525 viam
738 2462 779 2524 sit
790 2480 879 2542 quam
897 2457 938 2526 τὸ
951 2454 1176 2547 πορίσασθαι,
1192 2463 1279 2527 Polit
1293 2464 1351 2541 1,3
1368 2484 1401 2547 p.
1421 2466 1472 2540 12,

307 2567 359 2633 28.
385 2567 460 2629 Nolo
476 2566 530 2629 alia
544 2564 756 2629 enumerarem
772 2565 875 2628 ceteris
891 2565 1035 2646 partibus,
1050 2566 1208 2647 dequibus
1222 2585 1314 2648 quum
1329 2568 1358 2630 in
1376 2587 1471 2631 oeco-

306 2669 423 2731 nomica
437 2668 593 2732 dicendum
608 2668 700 2731 luisse
714 2674 744 2731 et
757 2685 805 2729 res
820 2667 886 2749 ipsa
899 2677 929 2730 et
942 2686 1047 2731 eorum
1062 2687 1139 2749 quae
1150 2669 1181 2731 in
1191 2668 1321 2733 Politicis
1332 2670 1472 2735 deliban-

254 2783 286 2835 23
309 2781 357 2836 tur
371 2772 551 2852 comparatio
566 2771 682 2846 doceat,
695 2770 772 2833 nulla
788 2777 886 2834 tamen
906 2770 936 2832 in
955 2779 1059 2833 nostro
1078 2770 1175 2837 libello
1189 2791 1228 2835 ne
1241 2771 1331 2837 verbo
1346 2775 1472 2855 quidem

308 2884 395 2939 tenus
411 2874 521 2937 mentio
537 2874 578 2936 tit
608 2872 682 2935 Nam
698 2873 816 2947 vallils,
833 2890 907 2953 qnae
921 2875 1158 2949 commemoravi,
1174 2875 1318 2939 eiusmodi
1333 2896 1405 2939 esse
1420 2895 1473 2941 ar·

307 2978 414 3051 bitror,
434 2976 549 3057 quaesi
569 2976 636 3057 quis
657 2976 754 3039 omnia
771 2975 963 3058 reputaverit,
984 2993 1161 3057 omnemque
1184 2975 1270 3041 libelli
1290 2981 1423 3043 formam
1443 2988 1475 3045 et

308 3078 554 3161 compositionem
569 3078 810 3154 consideraverit,
823 3077 903 3140 laede
916 3077 952 3140 iis
964 3077 1091 3155 accedat,
1107 3078 1155 3160 qui
1171 3080 1208 3142 ab
1219 3080 1378 3145 Aristotele
1388 3084 1475 3149 bunc

307 3181 607 3246 abiudieandumesse
618 3188 803 3243 censuerunt
832 3180 927 3262 Atque
937 3199 992 3260 ego
1004 3180 1130 3261 quidem,
1142 3200 1233 3262 quum
1244 3184 1476 3264 primumbunc

308 3283 532 3348 oeconomicum
552 3281 743 3364 perlegerem,
762 3283 793 3345 in
808 3302 873 3346 eam
887 3283 986 3345 statim
1006 3283 1205 3348 coniecturam
1219 3285 1316 3361 incidi,
1330 3295 1365 3349 ut
1375 3289 1476 3353 (1ὴά-

307 3385 369 3467 puli
384 3384 507 3447 aliemus
522 3384 761 3465 scriptiunculam
781 3384 855 3447 mibi
871 3386 966 3465 legere
985 3385 1111 3463 viderer,
1131 3386 1183 3467 qui
1201 3406 1276 3468 quae
1289 3390 1475 3470 magianum

308 3488 464 3551 docentem
482 3486 630 3551 audiuerat
648 3505 704 3568 pro
725 3495 813 3569 captu
828 3506 883 3549 suo
905 3487 1074 3551 summatim
1090 3488 1121 3551 iu
1136 3490 1266 3553 chartam
1282 3491 1478 3567 coniecisset,

305 3590 369 3652 aliis
380 3588 507 3652 breuiter
521 3589 699 3669 significatis,
714 3589 777 3652 aliie
792 3590 1022 3671 praetermissis,
1042 3591 1105 3655 aliis
1124 3593 1221 3673 paullo
1236 3594 1408 3659 accttratius
1424 3615 1477 3660 re-

305 3692 413 3772 petitis,
428 3700 518 3773 prout
532 3692 659 3773 quidque
677 3702 728 3756 aut
742 3692 922 3774 percepisset
939 3703 990 3756 aut
1003 3692 1194 3758 meminisset
1223 3695 1261 3759 Et
1273 3713 1353 3760 nunc
1368 3698 1478 3773 etiam

304 3794 400 3858 libello
420 3795 578 3858 identidem
597 3795 719 3870 relecto,
742 3804 791 3858 ant
810 3795 981 3859 huiusmodi
999 3795 1239 3877 scriptiunculam
1259 3798 1481 3869 scbohstim

306 3915 373 3959 esse
388 3898 486 3971 credo,
501 3906 560 3970 aut,
576 3898 602 3960 si
617 3917 635 3961 a
650 3896 791 3978 magistm
806 3898 960 3980 scriptam,
976 3906 1053 3963 certe
1064 3899 1137 3961 nibil
1151 3898 1228 3963 abud
1243 3918 1331 3981 quam
1345 3899 1480 3971 mmm

306 4000 451 4079 quendam
467 4008 494 4063 el
510 4001 682 4064 subitarium
696 3991 1005 4086 ὖπομνηματισμόν,
1027 4001 1183 4084 praecipua
1197 4020 1296 4069 rentur
1312 4005 1418 4086 capita
1434 4006 1481 4071 le-

304 4101 378 4164 viter
392 4101 628 4179 adumbrantem,
654 4102 690 4164 de
709 4102 814 4183 quibus
833 4103 878 4166 rel
893 4103 923 4165 in
934 4105 1036 4168 ecbola
1049 4104 1094 4166 rel
1109 4104 1185 4167 iusta
1200 4104 1365 4186 scriptione
1381 4127 1481 4175 acuu-

304 4203 396 4266 ratius
412 4204 616 4271 disserendum
631 4215 723 4281 esset3
738 4206 840 4287 quales
856 4196 1176 4292 scemmenstete
1189 4226 1282 4289 quum
1296 4207 1332 4273 ab
1348 4211 1483 4277 Aristo·

305 4306 437 4369 teletam
451 4306 487 4370 ab
502 4307 565 4372 aliis
584 4308 702 4373 relictos
723 4327 789 4371 esse
810 4318 933 4373 constat.
972 4309 1016 4373 tlt.
1037 4312 1071 4373 Α.
1091 4310 1193 4384 Stahr,
1213 4310 1388 4377 tnuotelm
1403 4315 1434 4377 11
1449 4336 1481 4398 p.

304 4410 376 4473 243.
407 4411 627 4492 Utrumcunque
641 4421 739 4474 autem
754 4419 808 4485 est,
824 4429 862 4475 ne
876 4412 914 4475 ita
930 4413 1047 4494 quidem
1060 4413 1240 4489 matetelie,
1254 4413 1306 4477 sed
1320 4414 1483 4483 alterutro
