3284 5152
809 451 958 550 —ma—

303 657 368 703 esse
381 640 578 705 certissimum
594 645 649 715 est,
665 641 729 703 etsi
744 639 795 723 qui
815 640 901 703 eliam
919 640 947 703 ei
966 641 1126 723 affingunt,
1149 646 1210 706 uon
1229 643 1367 707 audiendi
1386 653 1465 708 sunt.

302 741 374 814 Quis
389 748 489 807 autem
499 745 575 807 terat
585 746 662 808 viros
672 745 764 806 fortes
776 743 807 805 in
817 742 893 805 bello
904 744 1015 807 ecebos
1027 751 1167 826 tanquam
1183 748 1356 828 puugamiua
1374 766 1467 828 quae·

302 843 369 907 dam
385 864 402 906 a
416 845 506 909 llarte
520 848 650 910 sublatos
665 844 744 909 dicit
760 846 967 911 Prudentiores
982 848 1081 913 locum
1095 849 1314 912 emendandum
1326 867 1402 923 esse,
1419 849 1467 911 alii

301 947 394 1021 aliter,
414 957 609 1013 censuerunt:
630 968 699 1012 nam
721 955 772 1012 aut
792 943 1062 1034 ἐκριπισθέντας
1080 957 1132 1015 aut
1162 946 1395 1036 ἐξορισθόνκας
1416 959 1467 1014 aut

300 1041 537 1128 όξαλισθόντας
557 1062 609 1116 aut
622 1046 849 1136 λξαμηθέντας
868 1054 1122 1128 commendarunt,
1144 1073 1273 1137 quorum
1298 1055 1368 1128 boc,
1386 1055 1464 1135 quod

300 1158 450 1234 postremo
464 1155 528 1218 loco
544 1157 638 1240 posui,
655 1155 759 1218 ceteris
770 1155 887 1230 mebus,
902 1163 1077 1219 nontamen
1092 1157 1317 1239 praeferendum
1338 1176 1403 1219 esse
1417 1157 1464 1219 iu·

300 1253 365 1317 dieo
379 1273 463 1321 meae
477 1259 676 1323 emendationi
691 1252 939 1334 λξανυσθέντας.
960 1249 1125 1335 Ἐξανόειν
1139 1260 1175 1322 tle
1190 1260 1394 1323 interimendis
1409 1260 1464 1322 ho·

299 1357 430 1423 minibus
445 1362 522 1442 apud
537 1361 700 1426 Homerum
715 1370 812 1431 entare
827 1370 933 1425 notum
945 1369 1006 1424 est:
1019 1362 1123 1425 eodem
1134 1381 1224 1426 seusu
1235 1363 1360 1446 simplex
1375 1354 1464 1425 άνόω

299 1466 346 1521 est
359 1463 437 1543 apud
452 1464 614 1528 Pindarum
635 1466 720 1547 Pyth.
742 1466 804 1539 llll,
822 1463 879 1527 20:
901 1460 1046 1548 Περσεύς
1068 1457 1175 1528 όπότε
1195 1459 1306 1546 τρίτον
1328 1457 1465 1527 άνυσσεν

297 1559 502 1649 κασιγνήτων
523 1561 632 1651 μέρος.
655 1574 685 1630 et
708 1569 740 1630 iu
755 1568 963 1649 epigrammate
977 1567 1067 1648 ignoti
1087 1575 1200 1651 poetae,
1220 1568 1308 1630 suth.
1324 1568 1386 1631 Pal.
1404 1567 1463 1640 Vll,

298 1665 377 1728 474:
394 1656 429 1729 ἓν
450 1662 539 1750 φάος
550 1662 650 1745 Ἀοῦς
672 1661 771 1734 άνυσε
792 1667 853 1733 τάν
874 1661 965 1753 ἱεράν
978 1663 1173 1744 Λυσιόόκας
1188 1665 1308 1754 γενεάν.
1346 1671 1384 1732 Et
1397 1689 1463 1732 me-

295 1768 369 1831 mini
385 1762 534 1845 λξανόειν
554 1773 643 1836 etiam
659 1774 737 1857 apud
752 1772 939 1854 Sophoclem,
961 1772 1067 1836 Electr.
1089 1792 1115 1836 v.
1135 1773 1185 1848 96,
1205 1792 1221 1835 a
1241 1773 1359 1836 Reisltio
1380 1790 1462 1835 com-

295 1872 471 1936 mendatum
489 1893 571 1951 esse,
592 1894 685 1957 quum
708 1895 759 1950 eo,
781 1876 862 1957 quod
880 1876 921 1937 ibi
943 1876 1060 1938 codices
1075 1875 1195 1949 hebent,
1211 1875 1342 1959 φοίνιος
1360 1865 1464 1959 'Lippa

296 1963 356 2035 οὐκ
377 1967 526 2055 ἐξένισεν,
542 1978 730 2042 scribendum
739 1979 877 2051 suaderet
898 1969 1055 2061 ἐξήνυσεν.
1079 1978 1265 2058 Quamquam
1276 1978 1327 2041 illo
1343 1978 1462 2060 quidem

294 2072 361 2138 loco
376 2078 510 2143 codicum
526 2083 683 2145 lectionem
697 2082 806 2146 serrari
820 2083 912 2145 satius
928 2090 1000 2159 erat,
1016 2102 1091 2164 quae
1107 2101 1167 2163 quo
1184 2083 1274 2145 motio
1290 2080 1463 2161 explicantia

293 2176 333 2239 sit
347 2188 464 2260 praeter
478 2203 545 2258 eos,
568 2186 621 2265 qui
634 2185 670 2246 ab
685 2185 856 2248 Hermanno
871 2183 1042 2260 laudantur,
1064 2185 1153 2249 etiam
1175 2184 1336 2247 lieineltius
1356 2185 1462 2246 docere

293 2283 443 2359 potestati
459 2286 551 2368 Sopb.
567 2286 638 2350 (led.
655 2288 715 2350 Col.
732 2305 760 2369 p.
785 2284 857 2350 208.

377 2385 411 2446 lu
427 2388 505 2450 tertii
519 2390 632 2453 stasimi
646 2390 770 2471 stropha
784 2389 880 2470 prima
895 2410 921 2451 ν.
938 2390 999 2452 700
1016 2410 1032 2452 a
1047 2390 1194 2471 plerisque
1209 2389 1346 2454 scribitur

504 2485 714 2574 Πολόανόροό
733 2512 770 2554 σε
792 2484 999 2576 φεράσπιδες
1019 2488 1151 2574 κυναγοὶ

497 2592 583 2679 πρὸς
604 2588 693 2674 ἴχνος
716 2590 847 2657 πλατᾶν
869 2585 1014 2681 ἄφαντον

491 2693 678 2764 κελσάντων
698 2693 880 2779 Σιμόεντος

492 2793 595 2877 άκτάς
617 2793 672 2865 ἔπ’
695 2790 922 2887 ἀεξιφύλλους.
1481 2872 1490 2887 ⁸

292 2905 330 2968 lit
343 2901 473 2968 πλατᾶν
494 2905 623 2986 quidem,
638 2922 692 2985 pro
715 2898 855 2977 πλάταν,
879 2902 958 2983 quod
973 2901 1090 2965 codices
1109 2901 1234 2977 babent,
1256 2902 1359 2983 utique
1379 2902 1457 2965 reci-

291 3009 432 3091 piendum
447 3008 519 3071 luit:
536 3008 573 3070 tie
592 2999 777 3068 κελσάντων
797 3005 1024 3067 retinendumue
1043 3022 1081 3066 an
1103 3023 1171 3067 eum
1192 3000 1367 3079 κέλσαντες
1389 3024 1457 3084 per-

290 3110 468 3174 mutandum
482 3109 522 3173 sit
536 3109 703 3191 ambigitur.
733 3107 973 3171 Schneidewinus
989 3106 1109 3187 quidem
1128 3102 1311 3170 κελσάντων
1325 3109 1457 3172 retinens

290 3212 427 3275 Paridem
442 3218 472 3275 et
487 3212 629 3275 Helenam
648 3210 769 3291 intelligi
788 3210 896 3284 voluit,
917 3226 1069 3290 quumque
1086 3211 1208 3273 verbum
1229 3210 1346 3272 linitum
1370 3211 1455 3286 desit,

289 3335 306 3378 e
321 3333 409 3378 versu
423 3312 496 3389 798,
511 3315 563 3377 ubi
578 3322 624 3377 est
639 3308 787 3390 ἔπλευσε,
800 3332 880 3376 nunc
890 3314 1033 3396 pluralem
1046 3307 1209 3377 ἔπλευσαν
1218 3312 1455 3376 subaudiendum

289 3416 403 3479 statuit.
433 3416 599 3497 Utrumque
620 3416 745 3490 durum,
763 3433 855 3497 quum
876 3417 965 3479 unios
985 3416 1128 3491 Helenae,
1150 3433 1211 3478 non
1231 3415 1320 3477 etiam
1342 3415 1455 3479 Paridis

289 3525 375 3581 antea
393 3519 506 3582 mentio
528 3519 605 3581 facta
625 3518 678 3591 sit,
699 3526 729 3581 et
742 3527 949 3599 persecutores
963 3518 1100 3593 Helenae,
1116 3518 1167 3599 qui
1181 3518 1278 3599 aliquo
1293 3527 1363 3599 post
1376 3526 1454 3580 tem-

287 3639 361 3702 pore
377 3622 495 3703 vestigia
509 3622 573 3684 eius
589 3621 737 3701 legerunt,
752 3621 907 3701 proprium
926 3620 982 3683 sibi
1003 3620 1125 3683 verbum
1145 3639 1267 3702 poscere
1289 3620 1452 3683 videantur.

289 3723 389 3785 Sensit
403 3723 462 3786 boc
474 3723 653 3804 Hartungus,
670 3723 796 3804 itleoquo
811 3718 927 3786 κέλσαν
942 3718 1029 3803 πρός
1042 3717 1222 3804 Σιμόεντος
1243 3712 1346 3797 άκτάς
1361 3714 1453 3797 άεξι-

288 3819 431 3911 φύλλυυς
454 3827 585 3908 scripsit:
612 3825 685 3887 mibi
706 3845 775 3889 cum
793 3826 903 3888 burato
924 3825 1048 3906 aliisque
1068 3822 1240 3901 κέλσαντες
1262 3825 1452 3888 scribentium

287 3927 412 4003 ridetur,
426 3927 550 3991 verbum
565 3928 682 3991 linitum
697 3935 797 3991 autem
811 3946 874 3990 non
887 3946 924 3989 ex
938 3928 1090 4009 superiore
1111 3919 1251 3991 ἔπλευσε
1271 3928 1451 3991 subaudien-

287 4031 369 4106 dum,
386 4030 440 4092 sed
455 4029 670 4093 restituendum
686 4051 722 4094 ex
738 4030 868 4113 epitheto
885 4018 1041 4113 άφανισν,
1062 4048 1125 4093 non
1143 4031 1243 4111 iuepto
1264 4030 1386 4111 quidem
1400 4029 1451 4092 sed

286 4140 365 4196 certe
380 4150 605 4213 supervacaneo,
621 4140 651 4197 et
664 4136 697 4197 in
711 4126 857 4216 ἕφανθεν
871 4132 1024 4197 ωυλουόο.

371 4235 405 4297 ln
420 4235 583 4315 anapaestis
594 4236 663 4298 buio
677 4235 801 4298 stasimo
815 4236 978 4301 subiunctis
993 4256 1019 4299 ν.
1037 4236 1108 4311 803,
1124 4236 1150 4298 si
1164 4234 1300 4298 codicum
1320 4235 1449 4316 scriptu·

285 4353 349 4399 ram
361 4336 523 4418 sequimur,
534 4338 737 4420 Agamemnon
748 4357 765 4400 a
776 4339 868 4402 cboro
879 4341 1058 4422 vituperatus
1070 4339 1218 4402 olimmso
1230 4337 1449 4419 diciturutpote

486 4435 619 4523 θράσος
639 4432 792 4507 ἑκούσιον
810 4436 816 4527 Ι
835 4433 976 4526 tropaea
999 4436 1184 4528 θιήσιισεσι
1205 4434 1357 4521 κομίζων.
