3290 5142
671 436 822 537 ,2-1-

160 627 334 692 suavitatem
345 624 405 690 oris
414 625 594 691 admirantes
602 644 819 703 veneraremur,
829 644 927 709 neque
938 624 1095 707 quieqnam
1103 632 1167 689 erat
1175 632 1323 698 nostrum,

160 733 232 812 quin
245 722 340 805 Hunc,
355 730 381 792 si
394 747 456 792 non
468 739 549 793 esset
561 732 642 811 regio
657 730 723 795 loco
738 731 926 804 constitutus,
949 729 1038 791 etiam
1060 728 1225 810 privatum,
1246 729 1324 791 inter
1380 808 1385 819 ·

161 852 353 917 quoscunque
367 841 540 906 versaretur,
554 833 695 915 principis
708 832 817 915 ubique
832 833 897 895 loco
916 832 1051 894 buturum
1070 830 1162 894 luisse
1182 848 1323 912 agnosce-

160 946 215 1011 ret,
231 954 330 1010 nemo,
346 936 473 1016 quinon
491 943 526 996 ut
544 935 656 1015 Regem
674 942 792 1000 tantum
812 953 846 998 ac
865 934 1026 997 Dominum
1047 940 1248 1003 veneraretur,
1270 933 1323 996 aed

160 1048 194 1102 ut
203 1040 299 1102 virum
314 1039 469 1120 optimum,
485 1036 744 1111 humanissimum,
758 1036 1008 1117 elegantissimum
1030 1043 1143 1099 arnmot
1162 1052 1323 1118 carumque

159 1143 290 1215 haberet,
305 1141 399 1221 Eique
415 1139 546 1203 nascenti
560 1137 659 1202 llusas
674 1140 807 1221 profecto
823 1140 942 1203 affuisse
964 1139 1157 1221 animumque
1176 1139 1241 1202 elue
1256 1157 1324 1200 om-

160 1245 247 1307 nibus
261 1244 323 1306 suis
338 1242 456 1305 dotibus
471 1260 591 1305 ornasse
607 1242 776 1305 alfirrnrret.
790 1243 936 1305 —Pauci
950 1247 1021 1306 sunt
1035 1242 1119 1317 anni,
1141 1260 1235 1324 quum
1253 1242 1323 1304 uni·

159 1347 281 1409 versim
295 1350 407 1419 nostra,
423 1345 561 1426 quintum
576 1345 679 1407 aetatis
693 1362 763 1407 suae
777 1346 928 1408 saeculum
939 1344 1117 1425 ingrediens,
1132 1343 1323 1407 boofaustis·

159 1450 269 1512 simum
289 1448 406 1510 futurae
427 1446 633 1528 prosperitatis
652 1447 809 1527 augurium
828 1447 949 1523 babuit,
975 1445 1055 1528 quod
1076 1446 1138 1510 Rex
1158 1445 1221 1528 ipso
1241 1464 1324 1510 sacra

160 1550 318 1615 saecularia
333 1549 547 1613 celebrantibus
562 1550 702 1613 interesse
717 1568 777 1613 una
790 1569 859 1612 cum
873 1549 982 1622 matre,
1002 1567 1093 1631 quem
1112 1565 1193 1611 nunc
1211 1549 1321 1630 Regem

127 1707 129 1712 .
160 1672 344 1727 veneramur,
358 1654 515 1733 fratrisque
535 1652 610 1726 tilio,
630 1651 731 1714 tutum
751 1654 834 1733 regni
853 1653 976 1727 herede,
993 1652 1128 1732 dignatus
1145 1659 1199 1714 est.
1229 1652 1323 1716 Verba

159 1776 216 1820 nos
232 1757 376 1830 deficiant,
399 1757 423 1817 si
445 1773 678 1817 commemorare
700 1772 853 1827 conemur,
873 1763 1056 1835 quantopere
1078 1760 1149 1816 tunc
1168 1761 1199 1817 et
1218 1772 1322 1818 omues

158 1868 220 1922 tres
235 1867 264 1920 et
277 1875 355 1920 unus
370 1857 495 1939 quisque
509 1857 621 1919 Eorum
636 1875 728 1937 quum
740 1873 796 1918 nos
808 1856 962 1919 universos
977 1863 1042 1919 tum
1052 1857 1183 1938 singulos
1198 1857 1255 1920 tibi
1269 1857 1322 1920 de-

159 1962 283 2025 vinxerit
297 1968 430 2043 quotque
445 1960 542 2022 modis
557 1979 589 2021 se
609 1959 694 2021 nobis
712 1960 787 2021 bene
806 1959 895 2034 rebe,
916 1957 1021 2020 litteris
1041 1959 1228 2041 artibusque,
1246 1978 1322 2042 quae

161 2083 177 2127 a
192 2052 278 2126 nobis
291 2069 465 2136 tractantur,
479 2062 587 2135 favere,
603 2062 707 2123 dorem
722 2069 810 2143 atque
824 2071 1016 2142 augmentum
1028 2062 1224 2124 universitatis
1239 2063 1321 2126 cordi
1349 2104 1352 2110 ·

160 2166 269 2229 babere
285 2165 477 2228 ostenderint.
514 2164 674 2244 Praecipue
693 2169 792 2226 autem
813 2164 874 2226 lter
893 2165 956 2244 ipse
978 2165 1058 2227 hunc
1078 2183 1166 2227 suum
1190 2166 1322 2229 animum

161 2270 278 2333 disertis
292 2267 388 2330 verbis
399 2271 523 2329 testatus
538 2272 593 2340 est,
608 2285 701 2348 quum
716 2267 747 2328 in
761 2267 838 2329 festo
853 2267 986 2329 convivio
1000 2268 1077 2330 hanc
1090 2268 1321 2331 vetustissimam

160 2372 242 2453 regni
255 2372 302 2432 sui
316 2371 495 2434 academiam
511 2388 629 2450 semper
638 2369 753 2450 egregie
769 2369 824 2432 sibi
835 2388 932 2432 caram
947 2370 1038 2432 luisse
1053 2370 1222 2446 affirmaret
1236 2372 1322 2453 eique

159 2482 367 2555 apprecaretur
380 2481 423 2546 ut,
439 2472 465 2535 si
478 2471 578 2534 minus
593 2480 715 2533 ertemo
731 2472 896 2553 splendore,
912 2476 942 2533 at
956 2473 1071 2536 interna
1090 2473 1220 2537 bonitate
1235 2493 1322 2556 prae·

159 2583 205 2638 ter
224 2581 335 2637 ceteras
355 2574 510 2636 excelleret
528 2574 651 2654 aliisque
665 2592 720 2655 pro
735 2575 871 2655 exemplo
888 2582 975 2649 esset,
992 2595 1026 2639 ac
1040 2577 1137 2657 paullo
1160 2582 1243 2658 post,
1261 2597 1321 2659 quo

158 2677 336 2760 patefaceret
350 2684 531 2758 quantopere
542 2695 605 2739 soa
627 2677 713 2739 nobis
734 2694 796 2739 non
817 2678 945 2740 ebenum
960 2679 1061 2741 baberi
1082 2678 1178 2752 vellet,
1194 2680 1246 2753 eis,
1269 2680 1322 2761 qui

158 2801 195 2844 ex
209 2782 306 2844 omnis
321 2781 493 2843 Germaniae
508 2781 745 2843 universitatibus
759 2781 796 2843 ad
810 2781 1038 2843 concelebranda
1053 2781 1211 2843 saecularia
1221 2791 1322 2845 nostra

159 2884 282 2965 delegati
301 2889 511 2957 convenerant,
539 2890 643 2945 nostro
663 2884 785 2946 nomine
805 2883 912 2963 gratias
933 2889 1031 2965 ageret
1049 2902 1214 2964 eorumque
1233 2902 1321 2965 prae·

159 2987 284 3049 sentiam
299 3002 361 3048 non
376 2985 464 3048 modo
479 2985 548 3048 huic
562 2986 757 3060 universitati,
776 2987 829 3050 sed
848 2987 936 3049 etiam
956 2986 1012 3050 sibi
1030 2996 1142 3069 gratam
1159 2993 1247 3068 atque
1261 2988 1321 3050 ho-

157 3090 310 3153 norificam
324 3108 389 3151 esse
410 3090 612 3172 profiteretur:
633 3088 774 3170 denique,
796 3107 888 3170 mum
909 3097 976 3173 post
993 3109 1115 3152 coenam
1137 3091 1320 3172 inritaretur,

157 3199 200 3266 ut,
216 3193 242 3253 si
256 3192 412 3266 videretur,
427 3192 458 3254 in
472 3191 673 3273 propinquum
684 3192 820 3255 conclave
832 3211 900 3255 cum
916 3193 1102 3275 paucioribus
1113 3197 1160 3259 sui
1171 3197 1320 3262 reficiendi

157 3313 244 3357 causa
259 3295 418 3368 secederet,
441 3295 586 3359 recusavit
603 3294 662 3357 hoc
680 3302 711 3357 et
730 3313 883 3358 remanere
903 3297 1054 3359 internos
1074 3299 1186 3363 maluit.
1213 3301 1320 3375 Nolite,

157 3397 261 3479 inquit,
276 3416 325 3459 me
339 3397 497 3460 seducere:
514 3398 641 3460 libenter
654 3399 732 3462 enim
748 3399 824 3461 inter
842 3418 896 3461 vos
916 3418 1020 3462 omnes
1039 3419 1153 3478 versor,
1173 3421 1230 3466 nec
1248 3422 1320 3485 pos·

157 3517 225 3562 aum
240 3498 309 3561 alibi
323 3499 429 3561 melius
440 3517 513 3561 esse.

241 3598 308 3663 lure
323 3600 411 3681 igitur
424 3620 459 3665 ac
474 3601 580 3664 merito
595 3601 682 3664 huius
697 3601 783 3684 Regis
799 3603 899 3666 amuel
915 3605 1045 3668 dolorem
1057 3622 1117 3669 non
1129 3623 1318 3670 communem

156 3710 272 3767 tantum
288 3704 375 3766 nobis
391 3721 458 3767 cum
474 3705 589 3778 ceteris,
605 3706 657 3767 sed
671 3705 761 3768 etiam
771 3707 926 3789 proprium
938 3727 972 3771 ac
981 3708 1156 3790 singularem
1169 3728 1235 3771 esse
1246 3728 1319 3772 con-

156 3807 246 3881 veuit,
271 3825 423 3888 quumque
442 3825 501 3870 una
521 3825 590 3869 cum
611 3807 750 3870 omnibus
775 3818 887 3890 patrem
912 3810 1037 3893 patriae,
1063 3812 1207 3894 populum
1230 3829 1318 3875 suum

156 3911 262 3973 affectu
283 3927 351 3971 vere
371 3909 466 3990 regio,
486 3928 554 3972 vere
580 3918 702 3991 paterno
721 3911 889 3993 amplexum
909 3914 1077 3993 lugeamus,
1096 3920 1162 3976 tum
1181 3923 1318 3979 nostrum

157 4031 297 4095 magnum
311 4013 491 4094 praesidium
505 4020 535 4076 et
549 4013 633 4077 dulce
649 4014 738 4077 decus
756 4025 890 4097 ereptum
909 4016 994 4080 nobis
1014 4017 1166 4081 dedemus.
1195 4018 1257 4082 Nec
1274 4020 1318 4082 le·

156 4116 217 4179 vari
231 4133 352 4179 moeror
365 4124 467 4178 noster
481 4115 540 4179 ulla
558 4133 690 4198 unquam
708 4120 908 4183 consolatione
927 4121 1051 4201 poterit,
1071 4121 1129 4184 nisi
1149 4122 1228 4202 quod
1248 4121 1316 4197 llos,

158 4218 209 4299 qui
223 4224 296 4280 tnnc
309 4235 368 4278 una
388 4237 455 4281 cum
475 4218 554 4300 Rege
577 4220 654 4283 inter
674 4239 730 4283 nos
751 4222 886 4296 aderant,
905 4222 1025 4285 batrem
1045 4223 1201 4306 stabisque
1222 4224 1317 4287 lilium

156 4320 200 4383 llli
211 4338 273 4383 non
285 4321 383 4384 solum
394 4324 535 4404 sanguine
549 4325 601 4387 aed
616 4325 704 4388 etiam
715 4324 814 4387 animo
826 4325 1081 4389 coniunctissimos
1093 4347 1158 4391 esse
1169 4328 1316 4404 novimus,

102 4447 104 4451 ’
156 4424 291 4505 anque,
311 4432 346 4489 ut
359 4425 450 4508 regni,
465 4426 509 4490 sic
526 4427 615 4491 etiam
635 4427 778 4491 virtutum
796 4427 943 4508 regiarum
962 4427 1085 4493 heredes
1108 4448 1173 4493 esse
1189 4432 1315 4495 ecimus:
