3276 5144
681 476 830 573 ..249-

176 665 251 729 iibus
266 684 341 747 quae
356 664 561 746 impersonalia
575 664 631 726 dici
645 665 765 746 solent),
787 656 909 746 κορίως
929 655 1000 726 dno
1022 654 1159 737 εὐθείας
1178 655 1237 747 τὴν
1252 681 1337 744 προ-

178 763 305 833 trevae
325 761 464 845 ἔχουσιν,
487 768 597 830 scilicet
616 768 653 830 ab
673 767 827 841 infinitivo,
847 767 898 849 qui
918 786 1013 849 quum
1031 766 1161 829 nominis
1177 765 1270 828 instar
1285 765 1334 841 sit,

175 872 264 934 etiam
275 890 398 935 casuum
413 870 523 932 vicibus
533 870 673 951 iungitur.
686 872 832 933 -Porro
846 877 945 932 autem
963 869 1040 950 apud
1052 868 1240 950 Apollonium
1256 886 1282 929 κ.
1297 866 1337 930 18

177 973 252 1035 haec
265 973 373 1054 scripta
387 981 472 1045 suut:
487 966 559 1036 ἔστι
572 974 650 1054 γοῦν
664 967 723 1035 καί
736 969 776 1036 τδ
791 973 880 1057 ῥῆμα
895 963 952 1034 ὅτε
966 964 1095 1055 φθάνει
1106 965 1190 1031 ποτί
1204 962 1263 1031 dari
1277 963 1337 1051 τὴν

178 1066 315 1138 εὐθεῖαν
345 1072 405 1138 τοῦ
438 1067 625 1153 ὀνόματος,
648 1071 706 1139 καί
737 1071 776 1138 τδ
801 1074 982 1158 τηνικαῦτα
1010 1065 1264 1152 καταλαβέσθαι
1296 1066 1336 1133 τδ

179 1169 423 1261 οἷπαρέμφατον
447 1168 492 1251 είς
513 1169 571 1240 oda
597 1171 687 1241 ἔστιν
710 1170 861 1251 εδθείας,
884 1168 1214 1259 δντιμετειλημμίνον
1231 1167 1269 1235 dt
1290 1164 1337 1248 είς

178 1272 375 1363 αίτιατικήν,
390 1298 475 1361 quae,
491 1300 584 1362 quum
600 1281 804 1351 dormientia,
820 1280 913 1361 qualis
928 1297 993 1341 esse
1007 1279 1121 1353 debeat,
1135 1275 1263 1341 dubitari
1277 1292 1338 1337 non

178 1385 281 1465 possit,
294 1383 325 1444 in
340 1384 419 1445 hune
432 1382 494 1445 fere
508 1383 630 1446 modum
645 1382 812 1463 retingenda
824 1383 973 1444 videntur:
991 1373 1064 1445 ἔστι
1076 1380 1152 1461 γοῦν
1163 1376 1220 1442 καί
1233 1370 1338 1442 δπδτε

178 1481 217 1547 τδ
239 1486 327 1570 ῥῆμα
349 1480 477 1569 φθάνει
497 1479 557 1548 ἐπὶ
577 1481 636 1571 τὴν
656 1480 791 1548 δεθεῖεν
815 1484 876 1546 τοῦ
902 1475 1079 1562 ὀνόματος,
1106 1479 1165 1546 καί
1185 1478 1225 1548 τδ
1248 1502 1336 1566 τηνι-

178 1583 284 1648 καῦτα
305 1581 558 1668 καταλαβέσθαι
579 1584 647 1649 κτλ.
677 1587 818 1661 Verbum,
833 1588 938 1669 inquit,
960 1586 1039 1666 quod
1055 1586 1202 1649 deiectum
1215 1587 1334 1661 indicat,

178 1692 204 1754 si
224 1690 343 1774 pundo
365 1708 434 1752 cum
454 1690 636 1752 nominativo
651 1689 772 1753 alicuius
788 1690 917 1752 nominis
932 1689 1130 1762 construitur,
1150 1690 1190 1753 ibi
1204 1691 1338 1754 animad-

178 1795 251 1856 verti
265 1798 364 1875 potest
378 1792 555 1854 infinitivum
569 1793 744 1869 accusativo,
759 1811 821 1855 non
832 1793 1013 1855 nominativo
1028 1811 1098 1855 casu
1109 1794 1189 1874 poni,
1203 1804 1238 1855 ut
1248 1794 1273 1855 si
1284 1811 1338 1875 pro

179 1897 321 1959 infinitivo
336 1912 447 1956 nornen
462 1895 576 1957 verbale
590 1895 759 1958 dedinahiie
773 1895 977 1968 substituatur,
990 1895 1068 1957 reiut
1082 1886 1270 1975 περίπατος
1284 1912 1338 1978 pro

57 2011 64 2020 ’
179 1995 393 2078 περιπατεῖν,
414 2015 475 2059 non
497 1990 516 2059 d
537 1989 723 2077 περίπατος
743 1997 900 2060 dicendum
921 1997 975 2070 sit,
996 1997 1048 2059 sed
1068 1992 1125 2058 τὸν
1143 1996 1337 2080 περίπατον,

179 2101 267 2164 veluti
289 2090 471 2162 ἀπολείπει
483 2090 710 2173 Ἀπολλώνιος
734 2095 791 2161 τὸν
811 2100 1006 2181 περίπατον.
1050 2099 1152 2180 itaque
1173 2117 1265 2181 quum
1289 2096 1341 2162 δεῖ

179 2203 307 2268 similem
321 2207 410 2282 atque
426 2192 609 2265 ἀπολείπει
624 2200 866 2280 significationem
882 2202 1001 2275 habeat,
1021 2201 1109 2264 etiam
1125 2203 1168 2265 sic
1181 2203 1238 2264 dici
1252 2221 1339 2282 posse

179 2308 236 2369 ait:
263 2302 316 2368 δεῖ
332 2295 557 2379 Ἀπολλώνιος
580 2300 636 2366 τδν
661 2306 863 2388 περίπατον,
885 2305 963 2385 quod
978 2306 1146 2386 exemplum
1161 2306 1238 2368 inira
1252 2325 1279 2367 ε.
1296 2304 1337 2367 26

179 2410 294 2490 legitur.
339 2408 398 2469 Sed
420 2407 460 2469 ibi
480 2426 555 2488 quae
575 2407 710 2488 proxime
730 2407 918 2482 antecedunt,
939 2397 1023 2471 δίίδ
1043 2402 1102 2470 καί
1117 2399 1136 2470 δ
1151 2401 1340 2488 περίπατος

180 2504 215 2575 δν
229 2506 277 2594 τῷ
292 2503 415 2595 ῥήματι
430 2503 600 2589 γενόμενος
622 2509 664 2583 (h.
679 2528 705 2571 ε.
728 2508 754 2570 si
775 2509 962 2589 περίπατος
983 2510 1063 2572 verbi
1087 2509 1252 2572 subiectum
1277 2509 1339 2587 sit),

181 2606 371 2697 αίτιατικὴν
391 2611 572 2691 μεταποιεῖ
590 2606 648 2673 τδν
662 2603 894 2689 Ἀπολλώνιον,
918 2602 964 2688 είς
985 2605 1015 2675 εί
1039 2607 1097 2675 καὶ
1122 2602 1205 2674 divad
1229 2607 1269 2674 τδ
1289 2607 1341 2674 δεῖ

182 2704 442 2795 δντιμεταλείβοι
465 2714 538 2789 (scii.
555 2704 574 2776 δ
591 2706 789 2796 περίπατος)
813 2705 888 2778 dori
904 2712 962 2778 τοῦ
982 2711 1092 2779 λείπει
1118 2715 1173 2790 (sic
1192 2713 1271 2777 enim
1286 2732 1340 2795 pro

183 2812 311 2879 ίείπειν
325 2816 512 2880 scribendum
528 2818 597 2893 est),
620 2818 692 2881 haec
707 2819 744 2880 ab
758 2817 895 2882 hocloco
910 2818 1003 2881 aliena
1018 2837 1083 2880 esse
1098 2825 1232 2898 apparet3
1247 2816 1340 2897 perti-

181 2926 254 2980 nent
268 2919 346 2980 enim
362 2920 397 2981 ad
412 2920 559 2983 diversum
574 2921 801 2983 constructionis
815 2939 917 3003 genus,
933 2921 964 2983 in
979 2941 1039 3002 quo
1053 2937 1164 2984 nomen
1178 2936 1249 2993 non,
1264 2919 1341 2981 utin

184 3022 233 3084 illo
248 3022 394 3101 exemplo,
410 3022 585 3095 subiectum,
600 3023 653 3084 sed
669 3024 817 3085 obiectum
832 3024 922 3098 verbi,
942 3023 1067 3104 ideoque
1081 3039 1144 3085 non
1157 3021 1339 3083 nominativo

179 3125 231 3188 sed
244 3124 409 3188 accusativo
419 3143 490 3187 casu
500 3125 672 3206 ponendum
684 3133 738 3188 est
764 3128 893 3207 Apparet
903 3126 991 3207 igitur
1002 3124 1229 3208 transpositione
1240 3124 1340 3189 locum

179 3228 343 3290 sanandum
364 3247 440 3302 esse,
463 3235 497 3289 ut
511 3228 569 3290 hoe
583 3228 752 3310 exemplum
768 3219 1057 3303 domesticiores
1075 3223 1135 3291 τὸν
1154 3219 1340 3306 περίπατον

179 3330 279 3392 statim
294 3329 489 3410 subiungatur
507 3330 549 3391 illi
570 3330 663 3404 alteri,
690 3332 769 3411 quod
792 3339 839 3393 est
859 3351 885 3392 v.
901 3331 952 3406 23,
980 3322 1163 3396 ἀπολείπει
1182 3322 1261 3393 Ἀπ.
1282 3324 1341 3390 τδν

177 3424 373 3510 περίπατον,
395 3449 451 3513 pro
464 3451 502 3493 eo
517 3438 627 3504 autem,
648 3433 728 3513 quod
743 3450 823 3495 nuuc
837 3452 864 3494 ε.
880 3432 922 3495 26
937 3433 1051 3513 legitur,
1070 3432 1258 3496 scribendum
1274 3449 1340 3493 esse

179 3523 462 3594 δεῖἏπολίεδνιον
477 3523 496 3593 ὁ
512 3533 707 3616 περίπατος.
723 3569 766 3579 -
783 3535 879 3597 Etiam
895 3553 969 3615 quae
984 3553 1074 3617 porro
1089 3543 1263 3616 sequuntur,
1286 3552 1340 3597 us-

178 3651 236 3713 que
253 3633 291 3695 ad
303 3652 329 3695 v.
347 3633 402 3706 32,
424 3634 586 3697 admodum
606 3636 776 3718 perturbata
795 3645 880 3700 sunt:
901 3636 953 3699 sed
973 3637 1088 3718 gravior
1108 3635 1273 3718 corruptela
1294 3643 1342 3697 est

178 3752 268 3815 ραειο
282 3733 330 3797 cui
344 3734 512 3798 coniectura
528 3738 639 3799 mederi
653 3738 758 3819 possit.
790 3739 854 3801 Hoc
868 3746 984 3802 tantum
1000 3739 1111 3818 liquere
1126 3739 1265 3813 arbitror,
1285 3755 1340 3818 pro

175 3828 207 3899 εί
222 3836 279 3899 καί
291 3856 318 3897 v.
332 3835 372 3896 27
387 3837 577 3902 scribendum
593 3858 658 3901 esso
673 3831 708 3903 εί
719 3859 786 3914 τιςε
803 3841 908 3903 deinde
922 3841 1111 3922 Apollonium
1127 3841 1260 3904 locutum
1275 3859 1341 3903 esse

174 3940 212 4002 de
222 3941 443 4002 construetione
454 3942 561 4020 passivi
574 3935 685 4005 δέεται
697 3961 765 4006 cum
775 3944 955 4005 nominativo
966 3943 1106 4017 nominis,
1122 3962 1340 4025 eamquecom·

176 4043 312 4124 posuisse
329 4062 397 4105 curn
412 4044 501 4106 altera
513 4040 667 4106 λείπεται
679 4044 740 4106 τοῦ
753 4039 944 4127 περιπάτου
952 4038 1185 4121 Ἀπολλώνιος,
1197 4047 1339 4127 quemad-

176 4145 299 4207 modum
319 4147 355 4208 de
370 4154 481 4208 constr.
498 4146 547 4218 111,
563 4145 604 4208 32
625 4164 654 4226 p.
671 4145 744 4220 289,
766 4146 808 4208 26
829 4142 952 4229 δέομαι
971 4144 1032 4210 σοῦ
1051 4149 1261 4230 interpretatur
1281 4147 1341 4232 τῆς

177 4246 239 4327 τῆς
266 4240 434 4330 βοηθείας
460 4240 634 4328 λείπομαι.
684 4248 815 4329 Denique
847 4270 873 4311 r.
895 4249 936 4312 30
964 4256 1032 4331 post
1061 4243 1166 4325 οὕτως
1197 4249 1339 4313 excidisse

178 4350 347 4429 exemplum
362 4350 541 4424 huiusmodi,
558 4347 610 4413 δεῖ
623 4342 1001 4433 γράφεινᾌπαίλοίνιον,
1024 4352 1082 4415 iam
1098 4351 1261 4415 Skrzeczka
1275 4352 1339 4415 ani·

175 4451 341 4513 madvertit.
355 4486 395 4497 —
411 4453 506 4517 Porro
520 4472 549 4535 p.
566 4453 641 4526 541,
657 4454 696 4513 57
713 4452 834 4533 iegitur:
854 4443 942 4516 diti
956 4447 1013 4515 καί
1027 4450 1125 4517 τοῦτο
1140 4444 1339 4545 ἀπεδείχθη,
