3290 5142
698 450 846 550 ji..-

189 636 358 720 exemplum
377 638 488 702 bosus
506 657 638 720 quaanss.
667 640 814 706 Nimimm
834 658 906 707 usus
921 646 968 705 ast
981 639 1134 722 Euripides
1147 641 1309 722 zeugmatis
1322 661 1349 707 s

188 740 348 823 syllapsaos
362 742 465 823 ligura
478 750 515 805 nt
528 742 662 816 „duabus
676 744 797 810 diversis
811 745 902 809 robus
915 761 1011 808 unum
1022 744 1105 808 donat
1117 745 1239 809 verbum
1250 746 1350 809 minus

189 843 308 925 utrique
330 844 543 919 convenians“‚
564 854 599 909 ut
618 848 659 909 ait
681 848 771 911 lulius
786 848 960 912 Rufinianus
975 866 1005 930 p.
1021 846 1083 909 228
1098 847 1217 911 Ruhnk.
1247 848 1350 931 ltaque

189 946 441 1027 quamadmodum
466 947 545 1030 apud
563 947 727 1013 Homerum
746 950 778 1015 ll.
796 952 828 1027 1,
849 951 921 1025 532,
945 942 966 1032 'l
992 943 1052 1028 μὲν
1074 939 1195 1012 ἔπειτα
1215 942 1264 1026 εἴς
1283 942 1349 1014 ἅλα

189 1038 269 1111 ἆλτο
290 1049 435 1129 βαθεῖαν
455 1040 519 1112 εἴπ’
530 1042 719 1134 αἰγλήεντος
730 1043 907 1133 Ὀλύμπου,
922 1046 1007 1127 Ζεύς
1023 1047 1061 1115 δὲ
1073 1043 1128 1114 ἑόν
1142 1049 1228 1132 πρός
1244 1048 1348 1133 δῶμα,

188 1168 250 1214 non
270 1140 351 1216 ἆλτο
364 1154 558 1234 repetendum
573 1153 625 1216 ssd
641 1144 753 1239 ἀπέβη
769 1154 1004 1219 subaudiendum
1018 1161 1078 1228 ast,
1098 1162 1128 1219 at
1141 1154 1174 1217 ll.
1190 1154 1260 1229 lllll,
1276 1155 1348 1229 505,

188 1245 225 1317 ἴιι
245 1248 369 1329 πόλιος
392 1248 425 1316 ‹l'
446 1245 571 1331 ἴξεσθε
592 1257 647 1333 (sia
667 1258 746 1320 enim
768 1259 969 1337 scribendum)
990 1250 1077 1338 βόας
1092 1253 1149 1323 καὶ
1163 1248 1244 1343 ἴφια
1258 1255 1349 1343 μῆλα

189 1352 414 1439 ναρπαλίμως,
437 1344 526 1420 alvos
544 1353 583 1422 (li
597 1356 778 1442 μελίφρονα
792 1352 966 1438 οἰνίζεσθε.
983 1360 1075 1423 σῖτον
1090 1354 1121 1423 δ’
1138 1353 1175 1425 ἐκ
1189 1354 1348 1447 μεγάρων,

189 1460 221 1522 in
234 1466 385 1541 postremo
399 1461 535 1524 membro
549 1479 646 1544 nequa
662 1454 786 1541 ἴξεσθε
800 1481 895 1545 noque
910 1454 1087 1541 οἰνίζεσθε,
1102 1464 1154 1526 sed
1169 1471 1221 1527 aut
1234 1456 1350 1546 φύρετε

190 1570 242 1626 sut
256 1553 366 1625 οἴσετε
379 1563 569 1645 wgitandum
583 1585 647 1629 assa
661 1574 745 1630 vatus
758 1567 902 1648 interpres
917 1565 953 1629 ad
968 1566 1001 1628 ll.
1017 1565 1053 1639 X,
1071 1565 1131 1628 167
1146 1566 1279 1640 monuit,
1298 1565 1350 1631 ubi

190 1664 227 1727 da
242 1665 379 1749 uniuerso
395 1666 453 1728 boo
468 1683 574 1747 gonaro
585 1669 715 1751 exponit,
732 1669 866 1733 similitor
875 1669 964 1732 stiam
976 1669 1108 1733 boolooo
1119 1676 1172 1735 sut
1182 1661 1350 1732 πέτεσθαι

189 1774 241 1831 aut
266 1768 322 1830 tale
343 1769 413 1850 quid
432 1770 652 1833 subaudiamus
671 1805 716 1818 -
734 1766 921 1856 Χρυσήριις
940 1779 974 1835 ut
993 1772 1051 1836 boo
1070 1770 1136 1834 looo
1157 1760 1282 1846 οἴκους,
1308 1770 1351 1835 aio

188 1867 350 1956 θριγκούς
363 1873 467 1954 templi
482 1872 538 1935 (lini
553 1873 686 1937 violamus
701 1874 732 1939 in
746 1874 837 1956 lpbig.
849 1874 936 1937 Taun.
953 1894 979 1935 v.
999 1873 1067 1953 129.
1097 1871 1239 1955 Θριγκού
1250 1879 1350 1936 autom

189 1975 297 2056 pinnas
307 1981 378 2039 sunt
389 1974 434 2037 val
446 1963 591 2039 tsotomm
603 1977 827 2058 prominentiam
844 1977 900 2041 sub
910 1976 1018 2061 quibus
1029 1995 1098 2040 aves
1107 1974 1233 2039 nidulari
1243 1975 1350 2051 solunt,

190 2077 442 2159 quomadmodum
462 2079 560 2160 paullo
582 2080 658 2143 intro
679 2101 706 2143 v.
724 2079 784 2143 172
799 2080 854 2143 lon
868 2079 1006 2145 ostendit.
1036 2078 1099 2143 nna
1113 2078 1246 2143 vocabuli
1258 2078 1350 2159 signi·

190 2181 286 2245 tiaatio
306 2185 353 2244 ast
373 2201 399 2244 v.
418 2180 516 2244 1321:
540 2183 685 2266 θριγκοῦ
704 2172 797 2246 τοῦδ’
818 2174 1017 2265 ὑπερβάλλω
1039 2174 1152 2261 πόδα,
1171 2182 1208 2249 ds
1222 2199 1281 2264 qus
1294 2199 1350 2247 sun

191 2285 258 2349 loos
275 2283 432 2349 dicandum
448 2286 512 2349 mit.
528 2318 571 2332 -
584 2286 621 2348 In
635 2303 721 2349 versu
739 2284 815 2347 160:

490 2379 616 2470 μάρψω
637 2379 671 2449 o'
693 2372 736 2448 αύ
756 2379 871 2461 τόξοις
892 2371 919 2447 ul
942 2379 1049 2470 Ζηνός

489 2483 597 2573 κῆρυξ,
621 2478 765 2569 ὄεύθυν
785 2484 974 2573 assutis&

491 2584 584 2669 ἴοχύν
604 2587 711 2668 νικῶν,

189 2696 317 2778 aquilam
330 2695 489 2776 signibomi
503 2694 694 2759 manifestum
704 2702 760 2759 ast.
782 2693 960 2757 biterbium
971 2692 1102 2757 indicans
1111 2693 1235 2771 uitiatus,
1245 2693 1349 2759 Iouam
1443 2726 1446 2733 ⁴

189 2797 248 2860 iam
263 2799 345 2879 prius
359 2796 516 2878 aliquando
530 2796 643 2878 sagittis
658 2814 746 2859 usum
761 2814 827 2858 assa
841 2794 879 2857 ad
893 2794 1051 2876 abigendas
1064 2796 1187 2879 aquilus

274 2899 349 2964 Post
362 2900 491 2982 aquilam
505 2909 606 2964 autam
620 2917 748 2981 cygnum
762 2898 896 2962 aduolare
910 2898 1043 2965 videmus
1057 2918 1084 2962 v.
1102 2899 1179 2963 161:

390 2996 449 3067 όόε
470 2998 555 3087 πρὸς
575 2998 727 3084 θυμέλας
747 2992 848 3075 tutos
869 2993 997 3081 ἐρέσσει

390 3126 506 3182 aaaron
526 3140 569 3152 -

189 3207 241 3288 qui
255 3208 335 3289 quad
350 3198 495 3291 ἐρέσσειν
506 3209 624 3283 disitun
639 3209 687 3273 vix
701 3226 777 3290 opus
791 3215 838 3271 sst
852 3225 975 3273 manaae
988 3208 1061 3275 nihil
1074 3208 1133 3274 boo
1142 3208 1225 3273 vorbi
1234 3226 1302 3283 usu,
1315 3215 1351 3273 ut

190 3309 227 3371 sla
247 3310 348 3374 volatu
366 3312 493 3385 uisatur,
515 3312 700 3394 bsquantius
718 3330 794 3376 assa.
824 3312 888 3374 vid.
909 3312 1175 3396 Rumina-gloss.
1190 3313 1229 3377 sd
1241 3311 1349 3379 amau.

189 3414 242 3494 bg.
257 3433 284 3476 v.
300 3414 353 3477 51.
381 3414 482 3478 Paullo
497 3421 575 3495 post,
592 3435 618 3477 v.
637 3414 713 3477 164:

490 3508 586 3580 οὐδέν
608 3508 642 3578 o'
665 3507 686 3580 ἆ
708 3508 857 3603 φόρμιγξ
877 3508 899 3578 ἁ
923 3508 1052 3597 Φοίβου

489 3611 688 3701 σύμμολπος
709 3614 814 3697 τόξων
835 3609 969 3703 ῥύσαιτ’
991 3609 1040 3693 εἴν,

190 3715 339 3807 φόρμιγξ
347 3720 452 3785 ‹lisitm
461 3739 523 3786 non
534 3722 654 3797 Phoebi,
665 3723 718 3785 sod
729 3723 822 3804 ipsius
833 3723 918 3806 cygni
928 3739 1100 3787 voxuonora
1107 3722 1350 3787 munltisvatsrum

187 3826 370 3907 scriptorum
384 3825 455 3891 lotis
470 3826 624 3900 celebrata,
641 3844 715 3907 quaa
731 3843 820 3906 quam
836 3833 904 3908 apta
915 3825 964 3889 illo
976 3825 1118 3889 vocabula
1129 3826 1292 3909 appellatus
1302 3825 1350 3891 io·

188 3930 334 4011 affigant,
357 3929 524 4010 quiannqua
544 3928 700 4010 aliquando
721 3945 829 4010 cygnos
851 3930 982 3993 musioos
1001 3963 1046 3977 -
1064 3930 1108 3993 sia
1126 3930 1206 3993 onim
1225 3928 1350 3997 aunan

188 4032 312 4096 bistonio
331 4031 456 4095 natmuli
475 4031 615 4095 dinuntm
633 4065 675 4077 -
689 4031 722 4094 in
735 4031 845 4095 nostris
861 4031 1010 4096 littoribus
1023 4041 1161 4096 mnsntas
1174 4032 1348 4096 audiverint

189 4135 243 4198 Est
263 4135 344 4199 onim
364 4153 421 4197 vox
441 4150 546 4197 aonam
566 4133 645 4197 band
665 4133 806 4199 absimilis
820 4135 925 4197 lilium
937 4136 1063 4216 grovitm
1076 4136 1165 4200 simul
1179 4144 1209 4198 at
1223 4137 1351 4201 suavitas

191 4237 359 4300 sonantium
370 4237 410 4316 ο).
433 4235 513 4300 Ηεεο
526 4236 615 4318 igilur
629 4237 713 4318 cygni
726 4236 886 4318 phorminx
897 4237 1009 4300 Phoebi
1020 4230 1214 4319 σύμμολπος
1226 4238 1347 4302 dicitur:

198 4394 391 4407 m

259 4457 284 4522 9)
303 4455 374 4510 Gaui
387 4475 450 4526 quaa
462 4460 493 4512 ab
506 4460 586 4512 amiso
598 4473 653 4510 maa
665 4485 700 4497 -
711 4461 738 4511 al
748 4456 814 4511 ποτ’
829 4452 877 4525 ἴην
887 4474 920 4526 γε
931 4484 965 4497 -
976 4459 1166 4515 llorosobuobio
1178 4458 1274 4527 amiota
1282 4466 1349 4527 suun
