3276 5144
831 471 982 566 2⁸&

317 665 416 736 videri,
432 665 483 745 qui
497 681 563 726 eam
577 683 614 725 ex
627 660 856 741 transpositione
872 659 997 740 quadam
1012 657 1185 731 verborum,
1206 657 1358 734 ποιείτω,
1381 643 1480 717 οἶσθ’

318 759 377 841 ⁰395
392 767 519 829 iaciat:
535 766 612 828 scin
628 761 835 846 quomodo?
850 770 946 826 ortam
960 780 1026 823 esse
1042 768 1155 843 putant.
1186 759 1253 822 Fuit
1268 762 1343 823 baec
1359 757 1482 821 Bentleii

318 869 426 949 opinio,
438 870 559 949 probata
570 868 607 929 ab
618 868 797 938 Hermanno,
810 865 975 933 biattbiaeo,
988 860 1187 926 Baeumleinic
1199 863 1322 944 aliisque
1334 862 1480 944 plurimis,

317 973 369 1033 sed
395 978 473 1034 recle
501 970 627 1032 refutata
648 987 664 1030 a
685 968 805 1030 blollero
822 968 854 1029 in
874 983 996 1029 censura
1019 966 1085 1028 libri
1108 964 1352 1038 Baeumleiniani,
1379 964 1480 1027 nium

319 1074 429 1153 antiqu.
450 1071 603 1151 (Zeitscbr.
623 1071 644 1132 l.
666 1071 694 1132 d.
714 1072 748 1131 A.
765 1069 823 1148 W.)
845 1086 912 1130 aun.
937 1067 1014 1130 1848
1036 1087 1064 1150 p.
1088 1065 1164 1127 837.
1199 1067 1346 1131 Nimirum
1366 1064 1479 1128 induxit

316 1177 382 1238 illos
401 1175 507 1237 letinae
526 1192 560 1235 se
580 1172 778 1235 recentiorum
801 1170 966 1251 linguarum
982 1173 1156 1252 proprietas,
1172 1191 1231 1254 qua
1245 1170 1435 1251 imperativus
1449 1170 1480 1231 iu

315 1278 406 1340 libera
420 1284 536 1338 tantum
552 1274 751 1337 enuntiatione
766 1281 936 1356 usurpatur,
952 1291 1012 1335 non
1026 1283 1126 1338 antem
1140 1277 1172 1337 in
1187 1295 1230 1349 ea,
1246 1292 1321 1355 quae
1332 1273 1368 1334 ab
1380 1272 1479 1353 aliquo

316 1380 420 1452 verbo,
444 1380 523 1440 velut
542 1377 579 1439 ab
599 1364 718 1451 closo,
738 1394 792 1457 per
811 1393 977 1456 pronomen
992 1383 1043 1438 aut
1057 1377 1229 1459 particulam
1243 1374 1478 1457 pronominalem

316 1498 459 1563 suspensa
477 1488 532 1543 est.
562 1479 637 1540 Rem
656 1479 751 1558 ipsam
773 1478 921 1560 reputanti
940 1478 1012 1539 nibil
1033 1498 1136 1541 causae
1156 1498 1223 1541 esse
1244 1478 1403 1552 videbitur,
1426 1496 1479 1539 cnr

316 1602 376 1647 non
392 1583 480 1644 etism
493 1580 682 1663 imperativus
695 1578 757 1661 pari
768 1579 832 1641 iure
842 1598 932 1660 mam
944 1581 1031 1643 ceteri
1043 1582 1123 1643 modi
1134 1580 1275 1662 suspendi
1287 1581 1329 1643 sic
1341 1581 1477 1661 petiuerit.

316 1686 411 1748 Veluti
426 1684 505 1766 quod
520 1683 597 1763 apud
612 1683 775 1744 Homerum
790 1689 837 1743 est
852 1681 887 1742 ll.
903 1681 952 1755 IX,
972 1682 1048 1744 165:
1072 1678 1211 1763 κλητούς
1232 1674 1418 1765 ὀτρύνομεν,
1443 1681 1481 1745 ol'

314 1809 352 1852 κο
371 1781 512 1865 τάχιοτα
534 1776 658 1849 ἔλθωο’
675 1779 709 1859 ἐς
730 1781 860 1868 κλισίην
873 1778 1077 1868 Πηληιάδεω
1090 1776 1255 1868 Ἀχιλῆος,
1278 1786 1375 1867 potnit
1389 1786 1479 1847 mam

316 1892 373 1955 dici
388 1887 425 1953 οἵ
443 1923 486 1934 -
507 1882 694 1961 ἐλθόντων,
722 1885 971 1965 quemadmodum
989 1886 1155 1949 Herodotus
1171 1886 1244 1949 dixit
1258 1888 1279 1958 l,
1302 1886 1360 1949 89:
1383 1882 1479 1949 κοὶτι-

316 2008 374 2056 οον
388 2026 430 2037 -—
445 1988 620 2077 φυλάκους,
644 1981 681 2052 o‘d
693 1984 861 2069 λεγόντων,
885 1988 920 2051 ud
936 2006 1026 2068 quem
1041 1990 1139 2051 locum
1154 1988 1302 2069 Krivgerus
1316 1989 1370 2051 alia
1386 2008 1477 2069 quse·

315 2096 384 2158 dam
400 2095 532 2175 exempla
543 2092 707 2175 imperativi
721 2110 775 2174 per
786 2109 952 2173 pronomen
963 2091 1115 2153 relativum
1128 2092 1165 2153 ab
1175 2092 1231 2155 alio
1243 2092 1332 2154 verbo
1344 2092 1479 2173 suspensi

317 2197 461 2261 indicavit.
492 2196 577 2271 Quod
597 2202 696 2258 autem
717 2212 771 2275 per
784 2211 965 2277 pronomen,
988 2193 1064 2255 idem
1081 2194 1170 2257 etiam
1186 2212 1239 2274 per
1252 2194 1477 2275 pronominalis,

316 2300 395 2362 velut
408 2289 468 2374 ὥς,
498 2297 560 2359 sveri
574 2304 652 2359 recte
668 2302 780 2379 potest,
801 2295 1049 2376 qnandoquidem,
1072 2296 1149 2358 sicut
1163 2297 1193 2357 in
1208 2297 1394 2359 coniunctivo
1409 2315 1478 2359 curn

316 2402 438 2465 actionis
452 2400 662 2481 significatione
676 2399 831 2460 coniuncta
846 2406 893 2459 est
906 2398 995 2459 etiam
1011 2397 1169 2461 voluntatis
1181 2399 1336 2479 quaedam,
1351 2400 1414 2461 eius
1427 2401 1478 2479 qui

315 2504 455 2584 loquitur,
470 2502 689 2583 adsignificatio,
706 2518 793 2581 quam
809 2500 987 2562 recentiores
1002 2500 1117 2582 linguae
1128 2518 1188 2565 non
1199 2502 1256 2564 nisi
1268 2501 1386 2563 alterius
1397 2501 1478 2565 verbi

315 2607 441 2685 suxilio,
463 2606 551 2667 reluti
570 2610 711 2684 mugen,
738 2603 855 2664 sollen
874 2621 907 2665 ac
927 2603 1084 2676 similium,
1107 2606 1194 2685 (quae
1212 2611 1366 2686 propterea
1388 2605 1476 2667 etiam

317 2709 465 2774 auxiliaria
477 2727 493 2769 a
503 2707 653 2770 nonnullis
664 2706 760 2768 vocari
772 2707 891 2782 solent)
903 2706 1081 2787 exprimunt,
1097 2709 1139 2769 sic
1150 2708 1252 2770 eadem
1264 2707 1345 2769 verbi
1355 2707 1477 2770 alieuius

316 2812 464 2874 auxiliaris
485 2808 695 2889 adsignificatio
723 2808 800 2869 inest
819 2809 851 2870 in
871 2808 1061 2889 imperativo,
1082 2828 1116 2872 ac
1135 2809 1257 2890 proinde
1276 2810 1349 2871 nihil
1371 2810 1476 2885 obstat,

316 2915 475 2996 quominus
491 2914 514 2975 is
529 2930 647 2994 quoque
662 2912 767 2973 eodem
784 2911 890 2986 modo,
913 2930 972 2993 quo
989 2910 1200 2985 coniunctivus,
1216 2912 1356 2993 suspendi
1370 2912 1408 2975 ab
1419 2911 1477 2974 alio

315 3018 404 3080 verbo
429 3016 531 3098 possit.
562 3016 699 3079 Ceterum
720 3032 781 3076 non
801 3033 926 3095 prorsus
945 3014 982 3077 ab
1003 3015 1060 3076 boc
1080 3032 1186 3095 genere
1205 3022 1370 3077 structurae
1388 3014 1478 3076 etiam

315 3121 443 3183 maiores
457 3125 576 3181 nostros
591 3117 778 3180 abhorruisse
791 3118 817 3179 J.
832 3118 992 3180 Grimmius
1007 3117 1106 3179 docuit
1118 3119 1148 3180 in
1164 3117 1318 3179 Kuhniana
1332 3116 1443 3198 sylloge
1460 3119 1474 3177 l

315 3243 343 3306 p.
369 3224 429 3284 144
451 3239 512 3301 sq.;
533 3221 585 3302 qui
599 3221 680 3301 quod
694 3220 875 3283 Graecorum
890 3238 977 3283 usum
993 3221 1212 3301 angustioribus
1226 3220 1334 3283 tinibus
1349 3221 1479 3283 coerceri

316 3326 454 3408 opinatus
470 3332 522 3397 est,
538 3342 627 3404 quam
643 3323 777 3397 debebst,
793 3323 876 3385 facile
891 3323 1085 3386 excusabitur.

401 3427 480 3489 Haec
499 3425 651 3489 hactenus.
683 3425 739 3487 Sed
761 3425 909 3487 discedere
923 3425 959 3487 ab
974 3425 1210 3487 nebarnensibus
1225 3442 1287 3486 non
1302 3424 1397 3507 placet
1411 3430 1478 3487 ants

315 3546 405 3612 quam
425 3529 668 3611 quaesiverimus,
695 3528 815 3590 ubinam
837 3527 883 3607 agi
901 3546 964 3589 rem
985 3527 1016 3589 in
1036 3528 1092 3589 bac
1111 3527 1222 3601 fabula,
1249 3527 1309 3601 vel,
1335 3537 1370 3591 ut
1390 3529 1476 3609 vulgo

245 3620 253 3635 ’
315 3633 481 3715 loquimur,
504 3650 593 3713 quam
614 3631 753 3693 dramatis
772 3647 890 3692 scenam
913 3637 999 3712 poeta
1014 3648 1080 3692 esse
1097 3630 1235 3704 voluerit,
1258 3648 1314 3709 qua
1330 3631 1366 3692 de
1381 3648 1415 3691 re
1428 3637 1480 3692 aut

315 3736 388 3797 nibil
407 3734 544 3797 dixerunt
563 3735 751 3814 interpretes,
775 3740 826 3795 aut
845 3734 875 3794 in
890 3734 1060 3807 manifesto,
1081 3740 1116 3795 ut
1131 3732 1203 3793 mihi
1219 3732 1338 3812 quidem
1355 3732 1479 3803 videtur,

315 3855 416 3900 errore
436 3845 597 3900 versantur.
628 3840 670 3898 Ac
689 3836 725 3898 de
744 3835 839 3915 prima
859 3835 978 3916 quidem
996 3843 1078 3917 parte
1092 3836 1206 3898 fabulae
1220 3835 1281 3896 sire
1296 3835 1331 3896 de
1346 3836 1478 3916 prologo,

316 3959 411 4022 nsque
433 3940 468 4002 ad
484 3958 510 4002 v.
526 3939 598 4010 203,
620 3938 697 4000 nulla
715 3947 760 3999 est
774 3937 915 4000 dubitatio
930 3938 1002 4019 quin
1017 3957 1066 4000 res
1081 3939 1111 3999 in
1127 3938 1189 4019 ipsa
1203 3937 1292 4012 urbe,
1315 3937 1479 4018 etquidem

315 4045 347 4106 in
363 4043 459 4124 Pnyce
473 4050 583 4122 agatur.
614 4041 689 4104 Hinc
703 4041 894 4121 llicaeopolis,
911 4041 962 4122 qui
976 4040 1035 4102 iam
1051 4059 1078 4101 v.
1095 4040 1136 4103 33
1151 4060 1184 4102 se
1197 4058 1306 4122 pagum
1322 4059 1410 4103 suum
1427 4059 1480 4103 ru-

318 4147 425 4208 sticum
441 4144 606 4207 desiderare
622 4143 775 4225 protessus
789 4153 850 4217 est,
872 4163 943 4224 pace
956 4162 1010 4225 per
1024 4143 1233 4224 Amphitbeum
1249 4160 1318 4205 cum
1334 4144 1481 4205 Lacedae·

318 4248 426 4309 moniis
445 4248 587 4319 conlecta,
608 4247 708 4309 statim
723 4247 796 4309 urbe
809 4247 910 4309 relicta
925 4246 956 4307 in
969 4264 1078 4327 pagum
1093 4245 1176 4307 illum
1191 4245 1295 4325 pergit,
1316 4245 1423 4324 ibique,
1446 4235 1481 4318 ἐς

318 4344 375 4411 τὸν
391 4345 495 4431 δῆμον
508 4340 617 4412 ἐλθών
631 4338 771 4429 ἄσμενος
786 4352 824 4425 (v.
841 4348 915 4426 267)
931 4347 1065 4428 Dionysia
1078 4347 1185 4410 ruralia
1201 4347 1337 4410 celebrat,
1367 4348 1481 4419 Quem·

318 4468 387 4512 nam
407 4451 496 4531 igitur
514 4451 594 4514 bvrnc
612 4470 719 4534 pagum
740 4471 805 4515 csse
826 4448 981 4514 dicemus?
1014 4450 1157 4513 Audimus
1177 4450 1275 4531 ipsum
1291 4447 1480 4529 Dicaeopolin
