3222 5148
817 458 970 557 -3-34-

311 646 364 710 uui
383 665 419 709 ex
438 646 650 710 sollertissimis
675 646 853 728 mythologis
874 645 1009 728 populari
1028 650 1132 709 nostro
1151 644 1334 728 tanuen)
1377 648 1414 711 Et
1432 647 1466 711 ail

311 751 439 813 formam
454 750 609 812 oculorum
630 768 740 812 nomen
759 751 906 833 pertinere
925 749 1013 812 etiam
1029 747 1153 811 noturus
1175 755 1204 809 et
1218 747 1385 832 [ennepius
1399 768 1467 812 cen·

311 860 444 925 suerunt,
466 870 646 933 qmmquum
667 852 780 914 diversa
801 859 926 933 uterque
946 852 1069 914 ratione.
1114 849 1196 913 Alter
1215 852 1293 914 enim
1313 852 1397 915 initio
1413 854 1466 935 Cy·

311 955 410 1036 clopes
425 973 486 1016 non
501 955 631 1016 diversos
646 974 662 1016 a
678 955 789 1017 Cabiris
804 974 870 1017 esse
885 954 987 1027 voluit,
1010 971 1137 1039 quorum
1152 955 1296 1035 imagines
1312 956 1424 1035 magnis
1438 965 1467 1018 et

311 1057 446 1119 rotundis
472 1058 564 1120 oculis
590 1057 765 1137 conspicuas
790 1076 854 1119 esse
878 1058 1070 1137 affirmem)
1096 1057 1170 1119 alter
1194 1065 1293 1120 autem
1320 1058 1466 1139 Cyclopes,

312 1178 386 1241 quos
401 1159 504 1222 Graeci
519 1168 600 1222 aute
615 1158 699 1240 Lycia
714 1167 766 1222 aut
779 1180 795 1222 e
809 1160 933 1223 Thracia
949 1159 1100 1221 advenisse
1115 1159 1221 1231 dicant,
1243 1178 1277 1222 re
1292 1176 1359 1221 vera
1374 1160 1468 1223 Celtas
1565 1230 1566 1233 Ἴ

310 1264 403 1326 fuisse
417 1262 530 1337 statuit,
557 1262 605 1325 cui
625 1263 703 1342 genti
723 1263 821 1344 magni
841 1271 871 1325 et
892 1262 1012 1325 rotundi
1033 1262 1111 1324 oculi
1132 1261 1244 1345 proprii
1262 1271 1377 1326 essent:
1399 1280 1465 1326 nam

311 1369 459 1432 Celtarum
474 1372 584 1430 terram
598 1367 687 1429 etiam
702 1365 841 1428 Thraciae
856 1365 976 1428 nomine
991 1363 1201 1445 comprehendi
1215 1364 1356 1444 potuisse,
1372 1372 1402 1427 et
1415 1384 1465 1428 ex-

310 1477 373 1534 tare
388 1470 498 1551 passim
519 1469 719 1531 vetustissima
735 1468 879 1549 quaedam
894 1468 1041 1531 Celtarum
1055 1474 1251 1529 monumenta
1265 1467 1312 1528 his
1329 1486 1403 1547 quae
1417 1487 1466 1549 sy·

311 1573 403 1655 clopia
418 1593 434 1636 a
449 1572 568 1635 Graecis
582 1572 720 1633 dicuntur
734 1588 795 1632 non
810 1571 1017 1650 absimilia.⁴⁴)
1059 1570 1239 1642 Allienum,
1255 1588 1347 1650 quum
1364 1569 1465 1651 Cyclo·

274 1752 277 1757 Ι
308 1695 361 1757 pes
376 1676 465 1738 etiarn
479 1674 601 1736 unoculi
615 1673 706 1735 luisse
721 1672 932 1754 perhibeantur
945 1673 1054 1754 pariter
1067 1680 1155 1752 atque
1170 1671 1315 1754 Arimaspi
1329 1672 1462 1746 fabulosi,

308 1777 344 1839 ad
365 1777 474 1839 borum
494 1774 715 1839 similitudinem
738 1774 806 1838 illos
830 1776 944 1837 effictos
969 1794 1034 1837 esse
1054 1775 1269 1856 opinabilem,
1291 1775 1465 1837 Strabonem
1565 1806 1566 1809 ¹

308 1885 460 1943 auctorem
474 1878 633 1956 secuti‚⁴⁶l
654 1895 671 1939 a
686 1878 793 1959 quibus
807 1878 930 1940 Vossius
945 1877 1119 1939 dissentiens
1133 1877 1303 1957 Arimaspos
1317 1879 1417 1958 potius
1431 1878 1464 1940 ad

307 1984 466 2064 Cyclopum
482 2000 572 2062 quum
588 1980 727 2061 Cyclopes
742 1978 777 2040 ad
792 1980 1014 2060 Arimasporum
1035 1981 1201 2060 exemplum
1216 1980 1360 2042 unoculus
1373 1981 1464 2042 factm
1565 2014 1566 2019 κ

310 2105 376 2148 esse
390 2085 611 2163 arbitratur.⁴⁰)
640 2082 800 2164 Nuperirue
815 2092 913 2144 autem
930 2082 1036 2155 extitit,
1051 2082 1103 2162 qui
1117 2081 1190 2143 nihil
1204 2082 1327 2144 omnino
1343 2082 1378 2143 ad
1394 2100 1463 2144 ocu·
1565 2140 1566 2155 ,

307 2188 352 2250 los
367 2205 531 2267 eorumque
545 2187 672 2247 formam
688 2185 746 2247 boc
760 2203 869 2246 nomen
885 2184 1030 2264 pertinere
1044 2183 1209 2255 coniiceret,
1224 2183 1276 2245 sed
1291 2191 1463 2263 corruptum
1565 2180 1566 2197 ¹

278 2336 280 2339 .
307 2308 370 2353 esse
385 2309 421 2351 ex
436 2309 472 2351 eo
488 2289 567 2369 quod
583 2280 751 2372 asteriolus,
767 2306 835 2350 cum
847 2285 1075 2365 reduplicatione
1090 2279 1234 2369 κέκλωψ,
1249 2304 1309 2367 quo
1323 2285 1463 2348 vocabulo

307 2393 470 2472 designatas
490 2410 556 2453 esse
578 2397 699 2451 naturas
722 2389 864 2470 quasdam
884 2389 1038 2462 maleficas,
1059 2387 1207 2461 bonorum
1228 2388 1353 2450 deomm
1372 2388 1462 2450 beno-

306 2495 379 2568 ficia,
401 2495 500 2575 fruges
514 2502 603 2574 atque
616 2493 731 2554 fructus
745 2492 873 2572 aliasque
894 2490 978 2553 dotes
997 2491 1089 2553 iurari
1103 2498 1193 2570 atque
1208 2491 1321 2570 eripere
1335 2489 1464 2552 homini·

306 2596 362 2659 bus
383 2594 550 2675 solitastl)
593 2594 862 2672 Reduplicationem
887 2594 1011 2656 fortusse
1036 2598 1191 2674 propterea
1210 2592 1340 2655 additum
1361 2593 1462 2665 credit,

307 2716 365 2779 quo
392 2715 453 2760 non
477 2696 648 2776 simpliciter
672 2697 723 2760 sed
748 2680 902 2778 dupliciter
927 2702 979 2760 aut
1002 2695 1153 2776 tripliciter
1181 2694 1261 2757 iures
1289 2714 1357 2757 esse
1383 2695 1463 2758 (lesi-

307 2809 444 2881 gnentur.

392 2903 470 2964 llaec
485 2902 584 2964 omnia
600 2901 671 2982 quin
684 2902 771 2983 longa
790 2921 807 2963 a
821 2899 890 2963 reru
911 2899 1009 2962 absint
1023 2897 1150 2962 dubitari
1164 2915 1226 2959 uon
1240 2905 1353 2979 potest:
1373 2916 1462 2961 unam
1565 2960 1566 2977 ¹

305 3004 486 3086 probabilem
502 3005 676 3066 sententiam
691 3022 795 3065 eorum
811 3022 876 3064 esso
891 3003 1064 3074 iudicamus,
1085 3001 1137 3082 qui
1154 3000 1296 3063 labulosis
1316 3000 1373 3062 illis
1387 3000 1463 3061 unll-
1565 3000 1566 3009 ’

306 3125 432 3187 quorum
448 3104 599 3166 moenium
615 3113 703 3185 atque
717 3107 827 3167 arcium
844 3104 1054 3176 conditoribus,
1074 3121 1149 3183 quos
1170 3102 1241 3164 olim
1257 3101 1393 3182 Gigantes
1408 3104 1462 3165 ha·
1565 3112 1566 3119 ’

305 3209 383 3271 bitus
397 3209 487 3270 luisse
503 3216 627 3295 constat,
642 3225 750 3269 nomen
766 3208 836 3269 illud
851 3215 973 3292 propter
987 3207 1114 3269 lormam
1126 3205 1325 3267 aedificiorum
1339 3204 1462 3286 imposi-
1565 3204 1566 3285 l

306 3316 370 3373 tum
394 3330 458 3374 esse
480 3311 678 3389 statuunt.⁴³)
722 3310 834 3372 lloenia
854 3310 932 3371 euim
954 3308 1065 3370 arcium
1084 3319 1172 3391 atque
1191 3307 1310 3370 urbium
1326 3300 1462 3380 κύκλους
1565 3290 1566 3371 J

305 3413 454 3476 aGraecls
477 3412 572 3476 vocari
591 3421 696 3474 notum
718 3420 775 3474 ast.
820 3411 921 3494 Neque
942 3412 1012 3475 illud
1032 3413 1158 3474 fumasse
1178 3409 1339 3494 improbari
1360 3409 1460 3491 possit,
1565 3396 1566 3425 ³

373 3597 416 3662 42)
434 3594 503 3666 Syst.
516 3597 541 3649 u.
554 3613 593 3663 gr.
606 3594 687 3666 Mytb.
701 3613 725 3665 p.
740 3598 796 3649 lut.

373 3684 415 3748 43)
433 3681 506 3734 nuti.
520 3698 612 3734 unsa-re
631 3681 884 3735 ubendliiurl.Pl1iloa.
896 3690 956 3734 tom.
969 3682 980 3734 l
992 3690 1044 3735 not.
1059 3697 1083 3748 p.
1098 3681 1155 3734 123.

374 3764 417 3831 la)
435 3766 474 3819 Arl
487 3767 589 3819 llesiorl.
601 3768 637 3819 n.
651 3784 675 3820 r.
689 3768 738 3819 142
751 3783 775 3833 p.
789 3768 847 3819 200.

374 3853 416 3914 lo)
435 3849 519 3904 Strub.
533 3853 550 3914 1,
563 3870 586 3918 p.
600 3853 642 3903 21.

372 3936 415 3996 lui
434 3937 508 4002 Epist
519 3937 624 4006 mythol.
637 3936 666 4001 ll,
681 3938 712 3989 16
724 3953 749 4002 p.
763 3936 819 3988 1³3.
834 3938 864 3988 ull
873 3936 950 4004 Verg.
963 3938 1056 4005 Georg.
1068 3954 1092 4005 p.
1108 3938 1164 3991 192.
1178 3939 1322 4008 botisymb.
1334 3938 1352 3991 l.
1366 3954 1389 4005 p.
1402 3935 1461 3987 241.
1565 3970 1566 4001 r

371 4025 415 4084 47)
435 4024 589 4086 ustor-wall,
602 4024 621 4075 l.
634 4022 651 4073 l.
666 4040 689 4089 p.
702 4023 743 4073 31.

371 4107 414 4173 48)
433 4107 488 4159 Nisi
501 4107 577 4161 lullor
589 4107 710 4160 luithere
722 4106 866 4159 Hiillmanni
879 4111 1011 4174 sententia,
1024 4110 1095 4161 euius
1108 4110 1211 4162 dissert.
1224 4110 1255 4160 de
1269 4107 1422 4175 Corcopllrus
1435 4112 1462 4156 ct
1565 4120 1566 4127 ¹

304 4191 466 4262 Cycloplbus,
480 4193 578 4245 Bonnue
593 4194 658 4245 lato
670 4194 772 4255 editam,
785 4194 912 4258 insploore
925 4212 989 4246 nnuc
1001 4211 1050 4246 non
1062 4212 1171 4260 possum.
1195 4195 1304 4247 &uelem
1317 4192 1359 4246 ur.
1372 4190 1462 4243 brusi-

304 4294 334 4330 us
346 4279 463 4346 protulit,
475 4278 562 4331 Hellas
573 4278 584 4330 l
597 4295 619 4344 p.
633 4279 692 4341 440,
705 4287 732 4330 et
743 4275 909 4345 Gllttliugius,
924 4277 982 4332 Ges.
997 4281 1059 4332 Abu.
1073 4280 1083 4331 l
1096 4296 1119 4347 p.
1134 4280 1175 4332 25.
1194 4280 1248 4332 Noc
1257 4279 1375 4331 Walaius
1387 4278 1418 4328 ab
1430 4292 1461 4327 er
1565 4274 1566 4335 Ϊ

303 4364 433 4427 abhorret,
449 4364 473 4414 iu
487 4362 558 4415 Paul.
571 4363 674 4432 Euoycl.
693 4361 755 4415 real.
767 4362 790 4414 V
809 4379 831 4428 p.
846 4364 903 4415 245.
928 4364 1038 4434 Docimo
1051 4367 1187 4418 lturslanus
1200 4380 1297 4431 quoque
1309 4365 1334 4415 iu
1346 4362 1460 4429 Quaesit-
1565 4362 1566 4375 ¹

303 4448 406 4500 lluboie.
420 4447 557 4517 Cyclopum
569 4449 762 4516 appellationem
774 4449 805 4499 ab
819 4449 942 4499 aedificiis
956 4453 1056 4514 reputit.
1565 4452 1566 4459 ’
