3266 5140
359 693 477 755 semper
492 674 595 735 similis
614 672 776 736 intuendis
796 671 885 734 rebus
901 672 1038 734 secundis
1053 690 1115 735 non
1129 672 1247 734 minore
1260 690 1348 752 quam
1362 671 1393 734 in
1408 690 1511 752 pareu-

309 789 342 840 28
360 777 407 839 dis
422 793 492 838 cura
506 784 535 836 et
549 770 692 837 industria
707 782 837 835 versatus
853 781 911 848 est,
926 780 959 833 ut
973 792 1031 854 quo
1047 775 1132 856 plura
1147 782 1250 837 nactus
1265 782 1357 848 esset,
1371 793 1407 837 eo
1422 775 1511 838 maio·

358 878 441 941 ribus
457 878 562 958 dignm
577 876 731 939 rideretur.
762 875 843 938 Nihil
850 884 948 937 autem
956 875 1011 937 sibi
1027 884 1056 938 et
1069 876 1243 939 suaevirtuti
1259 875 1416 939 tribuebat:
1430 876 1511 957 quid·
1598 880 1599 965 l

359 981 431 1062 quid
444 988 494 1043 aut
508 981 543 1042 ab
559 977 626 1060 ipso
642 978 715 1043 bene
730 986 843 1058 mmm
859 986 946 1052 esset,
961 986 1011 1040 aut
1024 978 1146 1041 feliciter
1159 978 1216 1042 sibi
1227 979 1388 1053 cecidisset,
1405 978 1512 1041 divinae

358 1083 558 1165 providentiae
571 1089 722 1161 acceptum
736 1078 889 1155 referebat,
904 1098 1020 1160 quoque
1035 1080 1128 1143 maior
1143 1088 1172 1143 et
1184 1080 1289 1145 darior
1302 1090 1332 1144 et
1346 1080 1464 1156 felicior,
1478 1101 1511 1144 eo

358 1184 453 1264 magis
469 1185 556 1247 etiam
571 1184 639 1265 pius
654 1184 685 1246 in
700 1183 791 1246 Deum
807 1191 836 1244 et
848 1181 997 1262 religionis
1013 1202 1128 1246 memor
1142 1182 1205 1244 fuit
1235 1183 1271 1245 Et
1285 1192 1346 1247 erat
1359 1184 1432 1247 haec
1446 1202 1512 1247 sana

358 1295 387 1349 ot
401 1305 467 1349 vera
481 1287 587 1367 pietas,
606 1304 668 1349 non
682 1285 819 1365 languida
833 1285 880 1347 illa
895 1293 980 1366 atque
994 1293 1137 1359 enervata,
1154 1305 1228 1366 quae
1242 1285 1273 1348 in
1288 1286 1424 1368 precibus
1439 1287 1511 1350 assi·

358 1390 417 1452 duc
430 1389 589 1453 fundendis
604 1398 633 1452 et
647 1397 765 1452 externa
778 1388 902 1469 quadam
918 1387 1066 1467 religionis
1082 1387 1277 1451 ostentatione
1283 1388 1360 1452 lente
1372 1389 1513 1451 subsiste·

358 1500 412 1566 ret,
428 1493 481 1556 sed
498 1511 571 1573 quae
586 1491 742 1554 coniuncta
757 1500 835 1553 esset
850 1510 917 1553 com
932 1490 1079 1553 actionum
1094 1489 1250 1571 probitate,
1269 1490 1403 1571 nrdlaque
1418 1508 1450 1552 re
1463 1510 1511 1552 re-

357 1595 420 1657 rius
433 1613 521 1675 quam
535 1594 609 1656 bene
624 1593 756 1656 faciendo
767 1593 858 1657 Deum
874 1592 930 1655 coli
944 1611 1036 1673 posse
1050 1592 1228 1673 intelligeret
1258 1594 1443 1672 Quamquam
1457 1610 1512 1654 no·

357 1695 406 1757 lite
424 1703 527 1776 putare
546 1703 699 1757 externum
720 1695 808 1757 istum
829 1694 943 1773 pietatis
963 1695 1071 1756 cultum
1090 1702 1120 1756 et
1139 1678 1333 1757 caerimonias
1347 1714 1364 1758 a
1377 1694 1511 1776 Bogislao

358 1804 473 1876 spretas
493 1806 522 1860 et
540 1797 683 1877 neglectas
704 1815 777 1858 esse.
808 1795 926 1858 Nullum
947 1796 1026 1858 diem
1044 1813 1106 1858 non
1126 1816 1143 1859 a
1162 1798 1220 1877 piis
1239 1797 1376 1879 precibus
1394 1796 1513 1877 incepit,

357 1900 469 1963 nullum
485 1900 548 1962 sine
562 1899 702 1979 precibus
720 1896 876 1961 conclusit:
897 1898 1005 1960 nullius
1025 1898 1068 1960 rei
1083 1899 1211 1978 agendae
1225 1916 1286 1960 non
1301 1918 1317 1960 a
1332 1899 1442 1961 summi
1456 1918 1509 1962 nu-

357 2001 446 2065 minis
461 2001 644 2064 invocatione
659 2000 820 2081 auspicium
836 2000 920 2080 cepit.
950 2001 1125 2079 Atquelraec
1133 2001 1184 2063 Dei
1195 2001 1341 2063 veneratio
1357 2019 1445 2081 mam
1460 2021 1514 2082 pe-

357 2103 437 2165 nitus
452 2103 484 2165 in
499 2104 598 2165 animo
614 2103 677 2165 eius
693 2102 845 2177 insederit,
866 2102 954 2164 etiam
968 2103 1017 2165 illo
1032 2103 1154 2166 mosibo
1169 2112 1298 2184 apparet,
1314 2104 1393 2184 quod
1409 2121 1513 2184 quam-

356 2205 400 2268 vis
415 2204 455 2267 sit
469 2206 504 2268 ab
519 2205 606 2269 buius
622 2205 728 2275 saeculi
743 2205 875 2267 moribus
890 2212 918 2266 et
932 2205 1074 2267 sentiendi
1089 2206 1202 2267 ratione
1216 2206 1394 2281 abhorrens,
1409 2205 1440 2268 in
1454 2206 1513 2268 Βο-

356 2306 447 2386 gislao
464 2315 561 2370 tamen
576 2325 658 2370 verae
669 2316 754 2386 atqua
765 2306 885 2368 eximiae
896 2306 1048 2369 ctuiusdam
1059 2307 1174 2387 pietatis
1190 2308 1399 2371 documentum
1413 2308 1514 2371 haberi

357 2408 450 2471 debet
482 2409 557 2472 Nam
573 2410 600 2493 si
612 2409 656 2469 vel
670 2409 834 2491 bominum,
850 2407 899 2488 qui
913 2408 1006 2489 aliqua
1021 2408 1127 2472 virtute
1141 2418 1170 2471 et
1184 2410 1295 2472 meritis
1309 2428 1400 2490 supra
1415 2410 1514 2489 vulga·
1598 2474 1599 2483 ,

356 2529 420 2574 rem
439 2511 562 2574 modum
582 2511 790 2584 inclamarunt,
810 2517 923 2571 tautum
942 2510 1015 2572 valet
1033 2512 1111 2590 apud
1130 2511 1227 2574 bonos
1243 2531 1347 2575 omnes
1360 2529 1471 2575 nomen
1486 2520 1515 2576 et
1598 2496 1599 2499 ¹

356 2613 513 2687 memoria,
527 2620 560 2674 ut
574 2612 647 2692 ipsis
663 2611 774 2673 dudum
788 2610 928 2685 mortuis,
944 2612 1007 2675 loca
1021 2622 1133 2688 umen,
1147 2613 1197 2675 ubi
1212 2613 1282 2676 olim
1297 2615 1438 2690 vixerunt,
1452 2632 1514 2677 non

356 2714 421 2777 siue
436 2733 552 2777 summa
567 2714 712 2795 voluptate
727 2712 856 2776 visitent:
876 2724 985 2794 quanto
1006 2715 1116 2778 maiore
1137 2733 1194 2778 nos
1213 2716 1330 2779 caritue
1349 2725 1379 2780 et
1393 2735 1515 2780 reuma·

356 2818 437 2880 tione
451 2837 484 2880 ea
498 2817 562 2880 loca
578 2818 683 2881 intueri
694 2816 843 2893 convenit,
863 2816 894 2878 in
914 2817 1020 2897 quibus
1039 2817 1132 2881 Deum
1145 2819 1258 2898 ipsum,
1276 2819 1404 2882 bumana
1420 2821 1516 2883 forma
1598 2864 1599 2867 ,

355 2920 504 2994 indutum,
523 2920 599 2982 inter
617 2919 752 2981 homines
773 2918 842 2980 olim
863 2928 1010 2981 versatum
1028 2938 1094 2983 esse
1112 2920 1286 3000 accepimus.
1325 2920 1403 2983 llaec
1427 2921 1516 3002 igitur

306 3032 338 3081 29
356 3023 509 3103 Bogislaos
528 3023 620 3096 adire,
645 3042 680 3083 ex
699 3021 746 3082 bis
765 3020 858 3082 Qum
878 3021 961 3099 quasi
980 3022 1151 3101 propiorem
1167 3022 1303 3096 adorare,
1325 3032 1354 3085 et
1368 3022 1516 3103 impressa
1598 3046 1599 3071 t

354 3126 440 3188 terris
456 3126 583 3187 bumana
597 3124 647 3186 Dei
663 3122 781 3200 vestigia
796 3121 956 3184 exosculari
970 3124 1080 3186 statim.
1110 3123 1200 3204 ldque
1215 3124 1384 3198 consilium,
1405 3124 1516 3205 quippo
1598 3126 1599 3143 ,

355 3247 391 3289 ex
404 3246 480 3309 puro
495 3235 525 3288 et
539 3227 654 3288 sincero
665 3224 717 3286 Dei
731 3241 832 3286 amore
846 3232 957 3300 namna,
973 3233 1001 3287 et
1011 3243 1078 3288 cum
1088 3244 1203 3288 summa
1217 3228 1323 3308 pietate
1333 3244 1366 3288 ac
1374 3226 1516 3306 religione
1598 3282 1599 3285 ,

354 3329 558 3401 coniunctum,
577 3327 663 3389 edam
683 3326 823 3388 adversus
843 3326 943 3389 anxias
962 3329 1064 3389 uxoris
1079 3346 1195 3408 preces,
1213 3328 1375 3391 amicorum
1389 3328 1516 3405 monita,

354 3429 504 3510 longinqui
525 3438 554 3491 et
571 3428 729 3509 periculosi
748 3428 860 3491 itineris
879 3429 1051 3492 formidines
1067 3430 1315 3504 enumerantimn,
1333 3430 1516 3495 constantis-

353 3531 428 3593 sime
442 3530 568 3593 retinuit

439 3632 624 3714 Praeparatis
639 3631 727 3712 igitur
741 3632 889 3706 omnibus
905 3633 1069 3714 familiaque
1083 3642 1112 3696 et
1127 3635 1250 3715 imperio
1267 3635 1362 3698 soceri
1377 3644 1407 3697 at
1420 3634 1517 3697 nniu-

354 3754 472 3799 morum
487 3734 654 3815 principum
669 3733 774 3796 tutelae
789 3735 1011 3810 commendatis,
1025 3735 1180 3817 electisque
1194 3737 1230 3800 ad
1245 3756 1309 3799 rom
1324 3737 1470 3819 publicam
1483 3757 1519 3801 se

318 3835 320 3839 ’
354 3839 475 3902 absente
490 3838 646 3917 regendam
663 3837 733 3899 viris
748 3836 989 3918 sapientissimis,
1005 3838 1071 3918 ipsc
1090 3857 1158 3901 mm
1171 3840 1307 3903 trecentis
1322 3842 1382 3903 fere
1395 3840 1517 3903 comiti·

353 3939 408 4002 bus
423 3943 478 4003 iter
492 3940 660 4020 ingreditur,
676 3948 886 4020 peragrataque
900 3939 1032 4002 celeriter
1046 3941 1203 4004 Germania
1217 3942 1366 4016 inferiore,
1381 3943 1516 4023 primum

353 4043 430 4121 apud
451 4042 711 4121 Norimbergenscs
730 4041 906 4121 aliquamdiu
922 4042 1062 4105 substitit
1103 4043 1211 4125 Captus
1232 4045 1309 4108 enirn
1335 4053 1396 4108 erat
1419 4062 1518 4124 quum

352 4144 456 4207 eximia
471 4144 552 4207 urbis
567 4143 769 4225 pulcritudine,
785 4151 845 4205 tum
862 4144 968 4206 ovium
988 4144 1122 4207 moribus
1143 4146 1297 4227 probitatis
1312 4159 1342 4210 et
1354 4147 1519 4227 elegantiae

352 4247 460 4327 plenis:
490 4266 584 4327 neque
598 4246 697 4307 minus
712 4245 767 4306 illis
782 4243 845 4325 ipse
859 4246 975 4326 plamit,
992 4248 1074 4310 cuius
1089 4265 1199 4310 nomen
1213 4248 1331 4328 quidem
1347 4258 1376 4311 et
1389 4248 1518 4328 gloriam

353 4349 523 4413 iamdudum
537 4349 614 4410 fama
633 4347 784 4427 cognitum
803 4345 978 4421 habuerant,
993 4348 1092 4427 ipsum
1107 4358 1203 4412 autem
1218 4368 1299 4412 nuuc
1312 4352 1440 4431 primunr
1457 4370 1519 4413 co-
1597 4282 1599 4425 i

353 4471 415 4513 rom
436 4450 568 4513 aalmirati
588 4459 666 4511 sunt
707 4449 800 4510 Etiam
821 4468 856 4509 ox
876 4440 977 4510 vicinis
997 4451 1061 4512 urbi
1081 4452 1251 4531 regionibus
1270 4453 1353 4515 multi
1380 4453 1521 4534 undique
