3266 5140
728 342 788 405 471

769 432 858 439 ...η-

179 528 334 593 tinaciores
355 530 416 592 fieri
431 536 460 590 et
474 526 646 589 exacerbari.
690 526 772 589 lianc
785 527 875 607 igitur
887 529 1030 591 rationem
1046 529 1152 609 etipse
1167 538 1337 592 constanter

179 631 272 694 tenuit
285 640 314 693 et
328 651 345 694 a
360 631 422 699 suis
437 629 529 692 teneri
542 629 708 711 postulavit
752 630 852 709 ltaque
866 648 1019 710 nunqnam
1032 631 1069 693 iis
1083 631 1260 706 intercessit,
1286 631 1336 711 qui

179 732 307 796 veritatis
323 714 440 796 causam
457 730 582 812 placide,
597 739 631 792 ut
644 729 777 803 decebat,
798 739 828 793 et
842 730 906 793 sine
921 731 1049 794 tumultu
1064 751 1099 794 ac
1113 733 1257 795 seditione
1271 742 1335 795 tue-

178 844 293 898 rentur:
317 834 529 905 statuminum,
555 852 648 896 unum
663 853 698 895 ex
713 832 902 908 consiliariis,
929 834 1023 914 palam
1038 833 1157 895 butheri
1172 835 1335 897 doctrinam

177 938 356 1019 professum.
370 954 431 998 non
447 937 561 997 minore
575 953 663 1015 quam
679 942 762 997 antea
776 936 875 997 lavore
888 935 1039 1015 amplexus
1054 947 1112 999 est:
1134 938 1234 1016 ipsum
1248 937 1335 999 Paul-

177 1040 237 1101 lum
253 1058 269 1100 a
283 1039 400 1113 Rboda,
420 1037 470 1118 (μή
490 1037 602 1117 primus
623 1037 682 1098 lere
697 1035 831 1097 omnium
846 1036 966 1099 bntberi
980 1047 1134 1118 praecepta
1148 1037 1179 1099 in
1194 1038 1336 1101 Pomera-

177 1141 257 1204 niam
278 1141 392 1222 publice
415 1139 545 1201 docendo
567 1137 761 1220 propagabat,
782 1138 905 1201 libenter
925 1139 1076 1220 aliquoties
1090 1140 1199 1202 audivit
1214 1139 1334 1203 concic-

178 1251 310 1306 nanum:
338 1243 462 1322 denique
476 1260 563 1304 suurn
577 1241 642 1320 ipse
656 1240 747 1302 fllium
761 1239 935 1303 Bamimnm
949 1241 1037 1303 etiam
1051 1241 1261 1321 Wittebcrgam
1276 1241 1333 1303 mi-

178 1345 225 1419 sit,
241 1363 300 1425 qno
316 1344 480 1407 accuratius
496 1360 616 1404 omnem
630 1360 694 1403 rem
708 1349 908 1420 cognosceret.
946 1342 984 1404 At
998 1361 1067 1405 uero
1082 1361 1173 1424 quum
1188 1343 1290 1406 turbas
1305 1352 1335 1406 et

178 1447 336 1510 seditiones
358 1445 506 1526 religionis
528 1451 679 1524 praetextu
692 1445 804 1505 moveri
819 1442 942 1515 rideret,
965 1463 1056 1525 quum
1071 1445 1148 1524 apud
1164 1445 1335 1508 Sundenses

178 1570 193 1612 a
215 1549 300 1630 plebe
322 1547 465 1610 concitata
486 1564 540 1628 per
553 1545 713 1610 ludibrium
727 1553 756 1607 et
770 1545 976 1609 contumeliam
991 1546 1055 1626 ipsa
1070 1566 1151 1610 sama
1166 1547 1334 1628 polluercn·
1354 1562 1387 1613 37

177 1659 238 1723 tur,
260 1650 368 1731 quique
385 1649 497 1711 nollent
511 1668 527 1710 a
541 1656 640 1710 vetere
654 1647 773 1710 ecelesia
789 1648 963 1722 desciscere,
983 1649 1065 1712 omni
1079 1650 1214 1713 iniuriam
1229 1668 1335 1729 genere

177 1761 361 1814 vexarentur:
383 1752 460 1813 banc
482 1751 529 1812 ille
554 1750 723 1830 pravitatem
749 1759 779 1812 ot
797 1749 972 1830 improbavit
989 1751 1175 1814 vehementer
1193 1759 1223 1814 et
1236 1770 1335 1815 severo

178 1855 367 1917 coercendam
383 1852 491 1943 statuit

262 1957 320 2018 Sed
345 1955 439 2039 noluit
464 1956 605 2017 nimirum
624 1954 719 2016 divina
736 1955 918 2034 providentia
939 1954 1080 2034 placidam
1095 1955 1148 2017 viri
1163 1956 1333 2019 venerabilis

178 2068 357 2121 smectutem
372 2058 469 2121 turbis
482 2058 547 2119 istis
562 2076 597 2119 ac
610 2056 804 2118 seditionibus
819 2055 1048 2137 comprimendis
1063 2057 1199 2120 exerceri.
1225 2058 1333 2121 Exem-

176 2168 261 2242 ptnm
285 2160 362 2223 inter
385 2160 449 2240 ipse
474 2159 582 2221 borum
602 2158 746 2220 malorum
765 2156 846 2220 initia
865 2158 954 2220 rebus
969 2158 1106 2220 humanis
1121 2160 1288 2239 Bogisleum
1303 2161 1333 2223 in

175 2262 258 2324 beata
274 2248 471 2342 sempiternae
484 2261 565 2342 pacis
580 2261 650 2322 sede
664 2258 821 2322 collocavit.
838 2294 879 2304 -

258 2363 395 2455 ,Habetis
417 2362 580 2435 auditores,
595 2362 692 2441 magni
707 2361 849 2442 principis
863 2360 1034 2440 magnum,
1050 2362 1251 2426 adumbratam
1267 2364 1332 2444 qui·

177 2467 245 2530 dem
261 2476 290 2528 et
303 2465 516 2546 imperfectam,
535 2465 587 2526 sed
601 2482 675 2545 quae
689 2481 751 2525 non
766 2462 862 2542 potnit
876 2471 987 2537 umen,
1003 2463 1074 2543 quin
1088 2465 1202 2529 animos
1218 2474 1332 2530 uestros

175 2576 205 2629 et
222 2586 323 2630 amore
343 2575 372 2629 et
385 2565 575 2629 admiratione
588 2565 774 2628 multifariam
790 2572 998 2627 commoveret
1042 2567 1155 2640 Quodsi
1175 2568 1271 2649 virum
1285 2570 1332 2631 di·

175 2671 261 2751 ligitis
276 2669 398 2742 bonurn,
414 2669 524 2731 iustum
538 2688 572 2730 uc
585 2668 677 2749 pimn,
694 2668 737 2731 sic
749 2667 900 2729 habetote:
922 2668 976 2730 bas
987 2667 1117 2743 uirtutes,
1132 2689 1223 2751 quum
1237 2672 1268 2734 in
1284 2667 1345 2735 tuo

176 2791 309 2834 summae
334 2780 450 2843 esseut,
476 2788 538 2832 non
562 2778 661 2831 umen
687 2768 822 2850 proprias
852 2767 957 2843 luisse,
986 2770 1038 2832 sed
1066 2789 1241 2835 communes
1270 2774 1331 2835 lere

175 2873 322 2946 omnium,
338 2891 413 2954 quos
429 2874 472 2934 rel
487 2879 554 2934 aute
567 2872 657 2944 illum,
672 2872 715 2932 vel
731 2879 836 2950 postea
847 2888 881 2932 er
894 2871 972 2934 illius
988 2871 1080 2951 stirpe
1095 2880 1177 2937 ortas
1192 2874 1331 2939 Pomera·

174 2976 221 3037 uia
244 2975 391 3056 principes
413 2974 532 3037 habuit?
564 2972 746 3035 fortitudine
761 2990 831 3034 sane
845 2980 874 3034 et
888 2971 996 3034 robore
1010 2973 1117 3048 animi,
1142 2994 1242 3039 rerum
1255 2978 1331 3041 benc

174 3086 323 3157 gestarum
344 3076 451 3157 gloria,
475 3075 608 3138 felicitate
622 3075 747 3156 denique
756 3083 790 3136 et
804 3075 910 3154 opibus
925 3074 1010 3155 pauci
1025 3076 1144 3140 luerunt
1159 3079 1241 3142 omni
1255 3090 1331 3143 tem·

175 3196 247 3261 pore
263 3199 328 3242 cum
345 3179 480 3259 bogislao
496 3177 700 3258 comparandi3
716 3177 768 3238 sed
782 3176 927 3270 probitas,
943 3176 1063 3252 iustitia,
1082 3178 1174 3259 pietas
1189 3182 1332 3260 gentilicia

174 3285 291 3345 luerunt
304 3290 477 3343 nostrorum
492 3279 657 3360 principum
673 3279 766 3353 bona,
785 3279 892 3359 quibus
907 3279 979 3340 adeo
995 3279 1125 3359 plerique
1138 3282 1269 3364 insignes
1283 3287 1330 3348 lu-

174 3391 272 3457 erunt,
296 3392 330 3445 ut
348 3401 436 3445 nemo
451 3400 530 3445 unus
546 3401 617 3462 prae
630 3381 735 3443 ceteris
750 3382 854 3445 harum
868 3379 952 3442 laude
966 3380 1091 3444 excellat.
1122 3384 1226 3463 igitur
1239 3404 1330 3466 quum

174 3505 260 3567 opes,
282 3485 439 3565 imperinm
454 3494 605 3564 ceteraque
619 3486 753 3546 lurtume
767 3481 905 3545 beneficia
920 3481 955 3543 ab
970 3481 1086 3544 illomm
1101 3493 1186 3563 gente
1200 3487 1236 3548 ad
1251 3496 1331 3550 crte·

171 3608 223 3651 ros
237 3587 377 3650 translata
391 3586 460 3661 siut,
475 3587 532 3667 ipsi
547 3594 642 3648 autem
655 3603 758 3648 omnes
773 3585 884 3648 dudum
899 3602 915 3644 a
930 3583 1022 3663 stirpe
1037 3584 1209 3660 interierint,
1224 3590 1329 3651 berum

172 3698 268 3753 tamen
295 3688 434 3753 virtutum
453 3696 534 3768 grata
553 3696 651 3750 manet
668 3688 699 3749 in
713 3688 948 3749 Pomeranorum
964 3685 1070 3748 animis
1084 3696 1112 3749 et
1135 3690 1265 3752 manebit
1282 3710 1330 3754 re-

172 3792 313 3855 cordatio.
356 3790 423 3853 Nou
438 3789 536 3852 aeneis
551 3789 590 3851 illi
605 3789 705 3863 titidis,
719 3808 780 3851 non
796 3788 923 3860 molibus
938 3808 955 3850 e
968 3789 1064 3870 lapide
1078 3792 1256 3855 constructis
1271 3811 1329 3856 no-

172 3912 240 3956 men
254 3911 342 3956 suum
358 3893 486 3971 posteris
500 3892 655 3954 ambitiose
669 3892 926 3965 commendarunt3
950 3910 1052 3953 verum
1065 3892 1143 3955 nulla
1155 3902 1203 3957 est
1216 3895 1327 3974 patriae
1347 3913 1380 3965 as

171 4002 290 4057 nostrae
308 4012 392 4074 pars,
413 3993 442 4055 in
464 4013 519 4074 qua
533 4012 596 4056 nou
610 3994 701 4056 multa
717 3994 867 4074 supersint
881 3993 994 4057 virtutis
1009 4013 1112 4058 eorum
1128 4006 1328 4061 monumenta.

170 4097 284 4159 Horum
299 4114 368 4157 vero
383 4095 557 4158 memoriam
570 4114 656 4175 quem
671 4104 722 4157 eut
735 4094 899 4175 diligentins
914 4114 1089 4160 conservare
1099 4106 1149 4160 aut
1163 4098 1330 4178 religiosius

172 4200 267 4261 colere
281 4196 402 4272 decebit,
418 4216 506 4278 qnam
521 4206 654 4260 nostram
669 4197 746 4258 banc
755 4195 965 4279 Academiam?
991 4217 1078 4280 quam
1093 4200 1211 4263 illinon
1227 4202 1330 4264 conm-

173 4301 278 4363 derunt
292 4299 400 4371 solum,
416 4318 511 4380 neque
522 4278 593 4362 duni
609 4296 781 4378 supererant
794 4297 949 4375 liberaliter
962 4300 1097 4363 locuunt
1110 4319 1144 4363 ac
1158 4301 1239 4362 tutati
1252 4310 1330 4375 sunt,

685 4424 692 4437 .
711 4420 734 4465 p
748 4416 778 4451 .,
