3284 5152
714 426 717 431 ’
803 457 953 554 ,ια

378 649 512 712 inversu
530 648 610 709 1217
632 647 753 728 (1175),
767 646 819 711 ubi
834 645 947 710 eodioes
961 645 1072 710 habent
1092 639 1267 732 φροιμίοις
1288 640 1455 731 ἐφημέοις,

293 771 348 836 pro
362 754 420 816 boe
434 751 576 814 venabulo
590 750 663 813 nihil
677 750 866 831 signifiurnte,
882 750 959 831 quod
976 767 1075 813 errore
1086 749 1269 813 librariorum
1281 750 1317 811 ad
1329 747 1456 831 proximi

293 873 395 919 versus
410 854 520 916 exitum
537 846 716 937 ἐφημένους
736 852 934 915 aberrantium
956 860 1054 916 ortum
1074 871 1139 915 esse
1160 857 1294 936 apparet,
1315 850 1455 932 quidnam

292 955 452 1037 Aeschylus
467 955 615 1037 scripserit
631 962 708 1016 certa
723 955 891 1017 coniectura
905 955 1035 1035 indagari
1049 972 1135 1038 posse
1152 971 1241 1016 nemo
1252 952 1389 1035 sperabit.
1405 952 1456 1014 ln-

291 1056 439 1138 geniosius
455 1075 544 1138 quam
560 1056 649 1119 ceteri
666 1056 852 1119 Hermannus
867 1049 1104 1138 δυσφροιμίοις
1118 1055 1252 1135 scripsit3
1263 1073 1324 1118 non
1334 1072 1456 1137 prorsus

291 1167 392 1222 tamen
404 1159 531 1221 tortasse
546 1157 746 1240 spernendum
761 1158 841 1237 qnod
858 1157 931 1219 mihi
945 1159 977 1221 in
991 1163 1122 1220 mentem
1135 1157 1224 1231 venit,
1239 1150 1455 1242 σαφημύροις,

219 1253 220 1257 ’
292 1279 385 1342 quum
400 1259 574 1342 praesertim
588 1260 614 1322 si
627 1259 724 1340 primu
738 1258 835 1322 littera
849 1259 943 1323 deleta
957 1261 1047 1323 altera
1063 1259 1217 1324 obscurata
1230 1259 1302 1334 fuit,
1323 1275 1384 1321 non
1402 1258 1455 1320 sd-

291 1363 415 1424 modum
435 1362 584 1425 dissimilis
605 1362 700 1425 forma
721 1361 823 1425 evadet
841 1371 993 1445 postremo
1013 1362 1165 1444 sequentis
1185 1365 1286 1424 reisue
1305 1361 1454 1433 voeabuls⁹

291 1482 351 1546 qno
365 1463 478 1526 laoilius
497 1464 558 1526 lalli
580 1463 689 1526 librarii
709 1469 879 1546 potuerunt.
909 1459 1091 1548 Σαφύμορα
1112 1470 1213 1528 autem
1226 1465 1300 1526 baec
1313 1455 1457 1548 φροίμια

291 1566 452 1630 ὒτοιοοιλτα
465 1572 545 1627 reete
559 1564 656 1628 disere
670 1566 775 1647 potnit,
795 1566 957 1646 siquidem,
972 1573 1006 1628 ut
1021 1566 1085 1649 ipsa
1098 1584 1126 1626 r.
1149 1566 1231 1628 1179
1251 1565 1382 1647 professa
1402 1571 1456 1637 est,

291 1685 351 1730 non
366 1667 579 1741 tenebrare,
602 1658 708 1730 ούκέτ’
729 1658 766 1730 ἐκ
788 1661 1024 1748 καλυμμάτων,
1052 1668 1184 1747 itemque
1203 1687 1231 1728 r.
1257 1667 1335 1731 1184
1351 1658 1455 1730 οὐκέτ’

291 1762 329 1843 ἐξ
350 1761 561 1852 αλνιγμύτων,
577 1770 632 1831 sed
645 1769 717 1832 satis
739 1770 825 1851 plane
840 1789 915 1851 quae
930 1770 1007 1834 laeta
1023 1779 1053 1833 et
1066 1787 1141 1852 qnae
1155 1770 1254 1834 buturo
1269 1776 1369 1835 essent
1383 1768 1456 1832 vati-

291 1870 452 1935 domatur.

374 1973 489 2036 Pariter
499 1972 610 2037 ineerta
621 1980 666 2036 est
677 1973 846 2037 coniectura
855 1974 887 2037 in
899 1992 986 2039 versu
994 1979 1005 2037 1
1012 1975 1074 2038 236
1082 1978 1110 2051 (l
1120 1975 1201 2054 194),
1208 1974 1260 2038 ubi
1270 1974 1379 2039 librarii
1390 1975 1457 2056 Gly-

290 2083 502 2140 teemnestranr
531 2095 548 2139 a
577 2076 740 2139 &mandra
767 2070 918 2139 θύουσαν
939 2069 1057 2141 Ἅιδου
1078 2071 1203 2162 μητέρα
1231 2076 1289 2140 diei
1314 2077 1455 2139 leserunt

290 2176 455 2241 'lentarnnt
469 2177 517 2240 alii
532 2178 603 2241 alia:
619 2178 752 2258 Engerus
763 2178 892 2241 manime
905 2179 1013 2260 probat
1027 2179 1162 2242 lleinelrii
1173 2170 1291 2259 ’Ἅιδου
1302 2171 1454 2263 κλήτορα.

289 2278 360 2343 blihi
373 2280 463 2342 etiem
478 2279 658 2360 probabilius
673 2281 789 2343 videtur
808 2273 926 2344 Ἅιδου
948 2275 1107 2365 μάστορα.
1151 2282 1204 2344 Est
1222 2280 1300 2343 enim
1319 2274 1456 2361 μύστωρ

261 2375 265 2383 ’
290 2390 410 2445 exactor
422 2381 586 2445 multarum
600 2390 632 2445 et
645 2399 819 2463 poenarum,
835 2400 895 2464 quo
917 2382 1014 2446 officio
1034 2385 1198 2465 lungnntiu
1217 2383 1286 2446 Oroi
1305 2382 1456 2447 ministme

293 2483 424 2565 Erinyes,
441 2483 617 2566 qubuseum
632 2485 862 2565 Clytaemnestra
878 2490 945 2567 apte
956 2493 1154 2567 eomparatur.

376 2585 479 2649 Paullo
494 2594 572 2668 post,
587 2587 620 2650 in
637 2604 725 2649 versu
743 2585 824 2648 1245
840 2585 950 2667 (1203)
965 2587 1100 2651 codicum
1115 2589 1294 2670 scripturam

490 2678 618 2750 κλύοντ’
641 2679 776 2772 ἀληθῶς
798 2678 895 2750 oridia
916 2681 1121 2774 ἐξῃκασμένα

289 2788 426 2853 vitiosam
441 2808 506 2852 esse
521 2789 633 2852 dudum
648 2790 735 2854 doeui
748 2790 938 2873 persuasique
953 2809 1046 2874 quum
1057 2792 1131 2866 aliis,
1146 2798 1211 2854 tum
1233 2791 1455 2856 Schneidewino

269 2875 320 2954 ”bi
333 2891 488 2965 dhrensio,
504 2909 630 2972 quorum
647 2892 721 2955 alter
734 2883 859 2955 κλύοντ’
884 2881 997 2976 ἀληθῆ
1017 2886 1136 2958 soleis
1155 2885 1368 2978 ἐξῃκασμένα,
1383 2894 1457 2958 alter

289 2986 430 3056 κλύοντα
450 2985 578 3073 μύθοις
599 2983 694 3056 oete
716 2986 921 3079 ἐξῃκασμένα
942 2995 1132 3059 scribendum
1147 2997 1276 3072 oensuit,
1291 2997 1456 3062 assentien-

287 3094 367 3158 tibus
381 3095 534 3175 llartunqo
548 3102 579 3157 et
591 3095 758 3160 Karstenio.
784 3096 822 3158 Et
842 3113 913 3159 sane
934 3096 1077 3161 hactenus
1091 3099 1242 3181 probanda
1260 3106 1309 3163 est
1321 3099 1456 3163 dhrensii

289 3198 468 3272 coniectura,
485 3196 564 3277 quod
580 3191 783 3282 ἐξῃκασμένα
798 3204 878 3261 reete
893 3217 939 3273 eo,
954 3218 1014 3279 quo
1025 3199 1139 3275 debeat,
1150 3201 1315 3283 signifieatu
1325 3202 1456 3285 ponitur,

288 3307 323 3362 ut
343 3297 421 3363 siti.
445 3316 474 3379 q.
495 3290 639 3361 ἐοικότα.
675 3300 749 3362 Num
770 3300 818 3363 nu
841 3300 942 3376 altera,
964 3301 994 3363 in
1008 3319 1068 3383 qua
1082 3296 1286 3386 ἐξῃκασμένα
1307 3321 1362 3387 pro
1380 3304 1455 3367 listis

288 3408 378 3484 utque
402 3399 618 3464 summentioiis
632 3400 782 3484 sooipitur,
800 3402 917 3484 longea
937 3421 1007 3467 roro
1028 3404 1153 3468 aberrat.
1182 3405 1244 3469 Neo
1263 3407 1362 3470 minin
1382 3424 1455 3471 vana

288 3511 374 3578 sunt,
394 3521 471 3585 quae
491 3520 574 3566 meae
596 3504 796 3567 emendationi
811 3495 949 3589 ύλρθῶς
970 3493 1066 3569 ούσιν
1080 3500 1284 3594 ἐξῃκασμένα
1298 3528 1315 3572 a
1330 3509 1455 3574 Sebnei·

288 3606 402 3671 domino
418 3612 618 3689 opponuntur.
649 3606 751 3687 Neque
765 3606 845 3669 enim
861 3599 999 3690 α’ληθῶς
1019 3597 1098 3672 ὄντα
1112 3610 1149 3672 de
1164 3609 1254 3673 rebus
1273 3611 1454 3692 retegatis,

288 3696 312 3771 il
332 3700 472 3793 α’ληθῶς
491 3695 541 3792 ἦν,
563 3707 621 3771 diei
640 3725 702 3772 non
722 3708 855 3791 potuisse
877 3711 1015 3792 uniquam
1035 3711 1086 3794 qui
1104 3713 1200 3794 sapiat
1218 3714 1454 3798 persuadebitur,

287 3820 318 3877 et
331 3811 412 3894 quod
427 3811 583 3875 amodum
596 3810 702 3875 saltem
717 3812 963 3896 praeponendum
977 3815 1070 3878 inisse
1084 3815 1135 3889 ait,
1149 3815 1197 3878 vir
1216 3815 1316 3899 ipsum
1335 3817 1379 3880 sie
1393 3822 1454 3881 sta-

287 3915 381 3980 tuisse
395 3905 493 3989 ered'o,
508 3913 562 3976 sed
576 3914 680 3978 ieoisse
695 3921 812 3979 tantum
828 3915 886 3979 hoo
900 3934 1028 3999 qnoque,
1049 3936 1110 4000 quo
1130 3917 1274 4002 imperitis
1294 3918 1452 3983 leotoribns

286 4017 395 4099 aliquid
409 4024 511 4080 tamen
522 4016 632 4082 dixisse
647 4019 806 4083 rideretur.
836 4019 932 4083 Unam
947 4038 1009 4084 non
1022 4020 1117 4084 inanis
1138 4021 1378 4104 reprehensionis
1399 4039 1453 4086 an-

284 4137 349 4183 sam
363 4118 427 4201 ipse
441 4117 580 4201 praebui,
609 4138 701 4199 quum
717 4138 983 4185 commemorarem
999 4122 1095 4185 obiter
1108 4122 1197 4187 etiam
1211 4123 1401 4189 Homericum
1416 4124 1453 4188 il-

285 4220 336 4284 lud
350 4228 381 4283 et
402 4220 582 4283 Hesiodenm
603 4213 774 4300 ἐτύμοισιν
796 4213 913 4303 ὁμοῖα,
934 4224 1140 4300 posserius,
1167 4226 1292 4309 nequis
1313 4246 1362 4289 me
1382 4227 1453 4310 qnid

286 4323 442 4386 interme
464 4323 542 4386 inter
566 4322 623 4387 hoo
647 4331 678 4388 et
700 4323 770 4387 illud
791 4342 853 4389 non
871 4326 1109 4391 animadvertisse
1137 4335 1280 4409 uoueret
1314 4329 1372 4392 Sed
1392 4347 1453 4412 qno

287 4444 407 4496 ornnem
427 4425 638 4491 oavssletionem
664 4427 862 4511 praesiderem
885 4429 915 4494 in
936 4429 1027 4495 altera
1048 4430 1297 4497 Emendationum
1317 4449 1452 4498 mearum
