<?xml version="1.0" encoding="UTF-8"?>
<!DOCTYPE html PUBLIC "-//W3C//DTD XHTML 1.0 Transitional//EN"
    "http://www.w3.org/TR/xhtml1/DTD/xhtml1-transitional.dtd">
<html xmlns="http://www.w3.org/1999/xhtml" xml:lang="en" lang="en">
 <head>
  <title>
</title>
<meta http-equiv="Content-Type" content="text/html;charset=utf-8" />
  <meta name='ocr-system' content='tesseract 3.04.00' />
  <meta name='ocr-capabilities' content='ocr_page ocr_carea ocr_par ocr_line ocrx_word'/>
</head>
<body>
  <div class='ocr_page' id='page_1' title='image "./opusculaacademi00schogoog_0569.png"; bbox 0 0 3290 5142; ppageno 0'>
   <div class='ocr_carea' id='block_1_1' title="bbox 821 458 971 556">
    <p class='ocr_par' dir='ltr' id='par_1_1' title="bbox 821 458 971 556">
     <span class='ocr_line' id='line_1_1' title="bbox 821 458 971 556; baseline 0 -35"><span class='ocrx_word' id='word_1_1' title='bbox 821 458 971 556; x_wconf 47' lang='lat' dir='ltr'>Q</span> 
     </span>
    </p>
   </div>
   <div class='ocr_carea' id='block_1_2' title="bbox 305 642 1475 4210">
    <p class='ocr_par' dir='ltr' id='par_1_2' title="bbox 311 642 1475 1655">
     <span class='ocr_line' id='line_1_2' title="bbox 312 642 1474 728; baseline -0.003 -20"><span class='ocrx_word' id='word_1_2' title='bbox 312 645 400 710; x_wconf 91' lang='lat' dir='ltr'><strong>dubie</strong></span> <span class='ocrx_word' id='word_1_3' title='bbox 410 646 514 728; x_wconf 83' lang='lat' dir='ltr'><strong>aptius,</strong></span> <span class='ocrx_word' id='word_1_4' title='bbox 528 660 618 726; x_wconf 79' lang='grc' dir='ltr'><strong>ηοοο]</strong></span> <span class='ocrx_word' id='word_1_5' title='bbox 632 646 685 707; x_wconf 92' lang='lat' dir='ltr'><strong>uni</strong></span> <span class='ocrx_word' id='word_1_6' title='bbox 699 651 793 707; x_wconf 86' lang='lat' dir='ltr'><strong>antro.</strong></span> <span class='ocrx_word' id='word_1_7' title='bbox 821 646 922 727; x_wconf 85' lang='lat' dir='ltr'><strong>Neque</strong></span> <span class='ocrx_word' id='word_1_8' title='bbox 933 646 1126 728; x_wconf 78' lang='lat' dir='ltr'>improbabile</span> <span class='ocrx_word' id='word_1_9' title='bbox 1136 653 1220 728; x_wconf 90' lang='lat' dir='ltr'><strong>puto,</strong></span> <span class='ocrx_word' id='word_1_10' title='bbox 1235 644 1391 726; x_wconf 90' lang='lat' dir='ltr'><strong>proprium</strong></span> <span class='ocrx_word' id='word_1_11' title='bbox 1404 642 1474 706; x_wconf 90' lang='lat' dir='ltr'><strong>huic</strong></span> 
     </span>
     <span class='ocr_line' id='line_1_3' title="bbox 312 747 1475 831; baseline -0.003 -21"><span class='ocrx_word' id='word_1_12' title='bbox 312 757 396 810; x_wconf 88' lang='lat' dir='ltr'><strong>antro</strong></span> <span class='ocrx_word' id='word_1_13' title='bbox 411 767 522 811; x_wconf 89' lang='lat' dir='ltr'><strong>nomen</strong></span> <span class='ocrx_word' id='word_1_14' title='bbox 536 749 649 811; x_wconf 91' lang='lat' dir='ltr'><strong>nullum</strong></span> <span class='ocrx_word' id='word_1_15' title='bbox 664 748 765 824; x_wconf 88' lang='lat' dir='ltr'><strong>luisse,</strong></span> <span class='ocrx_word' id='word_1_16' title='bbox 781 756 869 831; x_wconf 89' lang='lat' dir='ltr'><strong>atque</strong></span> <span class='ocrx_word' id='word_1_17' title='bbox 883 751 960 812; x_wconf 88' lang='lat' dir='ltr'><strong>hano</strong></span> <span class='ocrx_word' id='word_1_18' title='bbox 974 749 1106 831; x_wconf 86' lang='lat' dir='ltr'>Euripidi</span> <span class='ocrx_word' id='word_1_19' title='bbox 1121 767 1240 812; x_wconf 87' lang='lat' dir='ltr'><strong>oausam</strong></span> <span class='ocrx_word' id='word_1_20' title='bbox 1251 747 1353 821; x_wconf 84' lang='lat' dir='ltr'><strong>luisse,</strong></span> <span class='ocrx_word' id='word_1_21' title='bbox 1368 753 1475 809; x_wconf 90' lang='lat' dir='ltr'><strong>utnon</strong></span> 
     </span>
     <span class='ocr_line' id='line_1_4' title="bbox 312 850 1473 934; baseline -0.003 -21"><span class='ocrx_word' id='word_1_22' title='bbox 312 850 367 913; x_wconf 86' lang='lat' dir='ltr'><strong>allo</strong></span> <span class='ocrx_word' id='word_1_23' title='bbox 381 851 452 913; x_wconf 93' lang='lat' dir='ltr'><strong>illud</strong></span> <span class='ocrx_word' id='word_1_24' title='bbox 468 869 556 931; x_wconf 89' lang='lat' dir='ltr'><strong>quam</strong></span> <span class='ocrx_word' id='word_1_25' title='bbox 578 851 670 917; x_wconf 91' lang='lat' dir='ltr'><strong>totius</strong></span> <span class='ocrx_word' id='word_1_26' title='bbox 684 852 747 913; x_wconf 87' lang='lat' dir='ltr'><strong>eius</strong></span> <span class='ocrx_word' id='word_1_27' title='bbox 762 853 863 933; x_wconf 89' lang='lat' dir='ltr'><strong>partis,</strong></span> <span class='ocrx_word' id='word_1_28' title='bbox 879 852 910 913; x_wconf 90' lang='lat' dir='ltr'><strong>in</strong></span> <span class='ocrx_word' id='word_1_29' title='bbox 925 870 982 934; x_wconf 87' lang='lat' dir='ltr'><strong>qua</strong></span> <span class='ocrx_word' id='word_1_30' title='bbox 997 852 1089 914; x_wconf 89' lang='lat' dir='ltr'><strong>situm</strong></span> <span class='ocrx_word' id='word_1_31' title='bbox 1108 859 1180 925; x_wconf 86' lang='lat' dir='ltr'><strong>erat,</strong></span> <span class='ocrx_word' id='word_1_32' title='bbox 1202 850 1323 914; x_wconf 89' lang='lat' dir='ltr'><strong>nomine</strong></span> <span class='ocrx_word' id='word_1_33' title='bbox 1337 850 1473 928; x_wconf 81' lang='lat' dir='ltr'><strong>designa·</strong></span> 
     </span>
     <span class='ocr_line' id='line_1_5' title="bbox 312 947 1472 1038; baseline -0.003 -23"><span class='ocrx_word' id='word_1_34' title='bbox 312 961 366 1015; x_wconf 87' lang='lat' dir='ltr'><strong>ret.</strong></span> <span class='ocrx_word' id='word_1_35' title='bbox 409 955 484 1017; x_wconf 92' lang='lat' dir='ltr'><strong>Nam</strong></span> <span class='ocrx_word' id='word_1_36' title='bbox 501 955 754 1035; x_wconf 85' lang='lat' dir='ltr'><strong>quemadmodum</strong></span> <span class='ocrx_word' id='word_1_37' title='bbox 769 962 888 1017; x_wconf 88' lang='lat' dir='ltr'><strong>antrum</strong></span> <span class='ocrx_word' id='word_1_38' title='bbox 904 956 936 1017; x_wconf 90' lang='lat' dir='ltr'><strong>in</strong></span> <span class='ocrx_word' id='word_1_39' title='bbox 950 974 1026 1037; x_wconf 90' lang='lat' dir='ltr'><strong>rupe</strong></span> <span class='ocrx_word' id='word_1_40' title='bbox 1039 950 1131 1038; x_wconf 79' lang='grc' dir='ltr'><strong><em>κοίλη</em></strong></span> <span class='ocrx_word' id='word_1_41' title='bbox 1143 947 1251 1033; x_wconf 77' lang='grc' dir='ltr'><strong><em>πέτρα</em></strong></span> <span class='ocrx_word' id='word_1_42' title='bbox 1266 951 1407 1015; x_wconf 73' lang='lat' dir='ltr'><strong>dicituro.</strong></span> <span class='ocrx_word' id='word_1_43' title='bbox 1421 948 1472 1023; x_wconf 83' lang='lat'><strong>31,</strong></span> 
     </span>
     <span class='ocr_line' id='line_1_6' title="bbox 312 1051 1473 1141; baseline -0.002 -24"><span class='ocrx_word' id='word_1_44' title='bbox 312 1056 355 1117; x_wconf 88' lang='lat' dir='ltr'><strong>sio</strong></span> <span class='ocrx_word' id='word_1_45' title='bbox 369 1056 458 1118; x_wconf 89' lang='lat' dir='ltr'><strong>etiam</strong></span> <span class='ocrx_word' id='word_1_46' title='bbox 473 1054 584 1120; x_wconf 83' lang='grc' dir='ltr'><strong><em>κοῖλαι</em></strong></span> <span class='ocrx_word' id='word_1_47' title='bbox 606 1054 746 1141; x_wconf 82' lang='grc' dir='ltr'><strong><em>Μακραὶ</em></strong></span> <span class='ocrx_word' id='word_1_48' title='bbox 769 1058 825 1120; x_wconf 84' lang='lat' dir='ltr'><strong>diei</strong></span> <span class='ocrx_word' id='word_1_49' title='bbox 840 1059 945 1139; x_wconf 90' lang='lat' dir='ltr'><strong>potuit.</strong></span> <span class='ocrx_word' id='word_1_50' title='bbox 978 1059 1017 1120; x_wconf 83' lang='lat' dir='ltr'><strong>Et</strong></span> <span class='ocrx_word' id='word_1_51' title='bbox 1032 1075 1094 1120; x_wconf 91' lang='lat' dir='ltr'><strong>non</strong></span> <span class='ocrx_word' id='word_1_52' title='bbox 1107 1056 1263 1138; x_wconf 90' lang='lat' dir='ltr'><strong>proprium</strong></span> <span class='ocrx_word' id='word_1_53' title='bbox 1276 1053 1394 1134; x_wconf 80' lang='lat' dir='ltr'><strong>aliquod</strong></span> <span class='ocrx_word' id='word_1_54' title='bbox 1408 1051 1473 1115; x_wconf 88' lang='lat' dir='ltr'><strong>eius</strong></span> 
     </span>
     <span class='ocr_line' id='line_1_7' title="bbox 311 1152 1475 1241; baseline -0.002 -22"><span class='ocrx_word' id='word_1_55' title='bbox 311 1175 422 1221; x_wconf 89' lang='lat' dir='ltr'><strong>nomen</strong></span> <span class='ocrx_word' id='word_1_56' title='bbox 441 1158 534 1222; x_wconf 84' lang='lat' dir='ltr'><strong>luisse</strong></span> <span class='ocrx_word' id='word_1_57' title='bbox 556 1159 644 1221; x_wconf 88' lang='lat' dir='ltr'><strong>etiam</strong></span> <span class='ocrx_word' id='word_1_58' title='bbox 663 1161 733 1222; x_wconf 87' lang='lat' dir='ltr'><strong>hino</strong></span> <span class='ocrx_word' id='word_1_59' title='bbox 752 1160 878 1223; x_wconf 79' lang='lat' dir='ltr'><strong>fortasse</strong></span> <span class='ocrx_word' id='word_1_60' title='bbox 897 1160 1030 1241; x_wconf 86' lang='lat' dir='ltr'><strong>colligas,</strong></span> <span class='ocrx_word' id='word_1_61' title='bbox 1052 1159 1132 1241; x_wconf 92' lang='lat' dir='ltr'><strong>quod</strong></span> <span class='ocrx_word' id='word_1_62' title='bbox 1152 1179 1178 1221; x_wconf 87' lang='lat' dir='ltr'><strong>r.</strong></span> <span class='ocrx_word' id='word_1_63' title='bbox 1202 1159 1283 1220; x_wconf 78' lang='grc'>1415</span> <span class='ocrx_word' id='word_1_64' title='bbox 1302 1152 1475 1238; x_wconf 72' lang='grc' dir='ltr'><strong><em>Κέκροπος</em></strong></span> 
     </span>
     <span class='ocr_line' id='line_1_8' title="bbox 312 1252 1474 1345; baseline -0.002 -21"><span class='ocrx_word' id='word_1_65' title='bbox 312 1252 428 1341; x_wconf 68' lang='lat' dir='ltr'><strong>dossas</strong></span> <span class='ocrx_word' id='word_1_66' title='bbox 442 1261 555 1338; x_wconf 86' lang='lat' dir='ltr'><strong>dieitur,</strong></span> <span class='ocrx_word' id='word_1_67' title='bbox 570 1278 632 1324; x_wconf 91' lang='lat' dir='ltr'><strong>non</strong></span> <span class='ocrx_word' id='word_1_68' title='bbox 647 1261 733 1326; x_wconf 83' lang='lat' dir='ltr'><strong>abam</strong></span> <span class='ocrx_word' id='word_1_69' title='bbox 749 1262 787 1325; x_wconf 94' lang='lat' dir='ltr'><strong>ob</strong></span> <span class='ocrx_word' id='word_1_70' title='bbox 802 1281 930 1336; x_wconf 86' lang='lat' dir='ltr'><strong>eausam,</strong></span> <span class='ocrx_word' id='word_1_71' title='bbox 951 1264 1066 1345; x_wconf 88' lang='lat' dir='ltr'><strong>opinor,</strong></span> <span class='ocrx_word' id='word_1_72' title='bbox 1083 1279 1173 1343; x_wconf 84' lang='lat' dir='ltr'><strong>quarn</strong></span> <span class='ocrx_word' id='word_1_73' title='bbox 1188 1261 1268 1342; x_wconf 93' lang='lat' dir='ltr'><strong>quod</strong></span> <span class='ocrx_word' id='word_1_74' title='bbox 1284 1259 1315 1321; x_wconf 89' lang='lat' dir='ltr'><strong>in</strong></span> <span class='ocrx_word' id='word_1_75' title='bbox 1328 1278 1403 1341; x_wconf 89' lang='lat' dir='ltr'><strong>rupe</strong></span> <span class='ocrx_word' id='word_1_76' title='bbox 1417 1259 1474 1322; x_wconf 83' lang='lat' dir='ltr'><strong>Ce-</strong></span> 
     </span>
     <span class='ocr_line' id='line_1_9' title="bbox 312 1364 505 1445; baseline -0.01 -19"><span class='ocrx_word' id='word_1_77' title='bbox 312 1364 427 1445; x_wconf 74' lang='lat' dir='ltr'><strong>cropiae</strong></span> <span class='ocrx_word' id='word_1_78' title='bbox 440 1364 505 1426; x_wconf 82' lang='lat' dir='ltr'><strong>mit</strong></span> 
     </span>
     <span class='ocr_line' id='line_1_10' title="bbox 396 1465 1173 1547; baseline 0.004 -20"><span class='ocrx_word' id='word_1_79' title='bbox 396 1466 533 1529; x_wconf 85' lang='lat' dir='ltr'><strong>inversu</strong></span> <span class='ocrx_word' id='word_1_80' title='bbox 549 1466 598 1540; x_wconf 87' lang='grc'><strong>14,</strong></span> <span class='ocrx_word' id='word_1_81' title='bbox 615 1465 666 1528; x_wconf 92' lang='lat' dir='ltr'><strong>ubi</strong></span> <span class='ocrx_word' id='word_1_82' title='bbox 681 1467 716 1529; x_wconf 92' lang='lat' dir='ltr'><strong>de</strong></span> <span class='ocrx_word' id='word_1_83' title='bbox 733 1467 857 1530; x_wconf 79' lang='lat' dir='ltr'><strong>Creusae</strong></span> <span class='ocrx_word' id='word_1_84' title='bbox 870 1467 1041 1547; x_wconf 77' lang='lat' dir='ltr'><strong>graviditate</strong></span> <span class='ocrx_word' id='word_1_85' title='bbox 1054 1467 1173 1541; x_wconf 87' lang='lat' dir='ltr'><strong>dieitur,</strong></span> 
     </span>
     <span class='ocr_line' id='line_1_11' title="bbox 412 1555 1258 1655; baseline 0 -24"><span class='ocrx_word' id='word_1_86' title='bbox 412 1598 415 1609; x_wconf 89' lang='lat'><strong>·</strong></span> <span class='ocrx_word' id='word_1_87' title='bbox 512 1560 617 1650; x_wconf 77' lang='grc' dir='ltr'><strong><em>α’γνώς</em></strong></span> <span class='ocrx_word' id='word_1_88' title='bbox 638 1563 678 1633; x_wconf 81' lang='grc' dir='ltr'><strong>δέ</strong></span> <span class='ocrx_word' id='word_1_89' title='bbox 700 1571 817 1655; x_wconf 80' lang='grc' dir='ltr'><strong><em>πατρί·</em></strong></span> <span class='ocrx_word' id='word_1_90' title='bbox 840 1566 887 1655; x_wconf 78' lang='grc' dir='ltr'><strong>τῷ</strong></span> <span class='ocrx_word' id='word_1_91' title='bbox 908 1570 983 1653; x_wconf 71' lang='lat' dir='ltr'><strong>deq</strong></span> <span class='ocrx_word' id='word_1_92' title='bbox 1005 1563 1066 1650; x_wconf 74' lang='grc' dir='ltr'><strong>γὰρ</strong></span> <span class='ocrx_word' id='word_1_93' title='bbox 1089 1555 1128 1652; x_wconf 75' lang='grc' dir='ltr'><strong>ἦν</strong></span> <span class='ocrx_word' id='word_1_94' title='bbox 1149 1561 1258 1654; x_wconf 70' lang='grc' dir='ltr'><strong><em>φίλον·</em></strong></span> 
     </span>
    </p>

    <p class='ocr_par' dir='ltr' id='par_1_3' title="bbox 309 1662 1474 2778">
     <span class='ocr_line' id='line_1_12' title="bbox 513 1662 943 1756; baseline 0.009 -24"><span class='ocrx_word' id='word_1_95' title='bbox 513 1667 654 1751; x_wconf 75' lang='grc' dir='ltr'><strong><em>γαστρὸς</em></strong></span> <span class='ocrx_word' id='word_1_96' title='bbox 676 1663 813 1756; x_wconf 76' lang='grc' dir='ltr'><strong>διήνεγκ’</strong></span> <span class='ocrx_word' id='word_1_97' title='bbox 837 1662 943 1753; x_wconf 67' lang='grc' dir='ltr'><strong><em>ὄγκον,</em></strong></span> 
     </span>
     <span class='ocr_line' id='line_1_13' title="bbox 311 1769 1474 1852; baseline 0.002 -21"><span class='ocrx_word' id='word_1_98' title='bbox 311 1771 336 1832; x_wconf 91' lang='lat' dir='ltr'><strong>si</strong></span> <span class='ocrx_word' id='word_1_99' title='bbox 351 1788 401 1832; x_wconf 91' lang='lat' dir='ltr'><strong>me</strong></span> <span class='ocrx_word' id='word_1_100' title='bbox 413 1772 548 1834; x_wconf 92' lang='lat' dir='ltr'><strong>nonnihil</strong></span> <span class='ocrx_word' id='word_1_101' title='bbox 563 1774 671 1835; x_wconf 86' lang='lat' dir='ltr'><strong>ollendi</strong></span> <span class='ocrx_word' id='word_1_102' title='bbox 685 1774 801 1849; x_wconf 81' lang='lat' dir='ltr'><strong>dixero,</strong></span> <span class='ocrx_word' id='word_1_103' title='bbox 821 1775 961 1838; x_wconf 86' lang='lat' dir='ltr'><strong>ridebunt</strong></span> <span class='ocrx_word' id='word_1_104' title='bbox 978 1774 1044 1835; x_wconf 87' lang='lat' dir='ltr'><strong>sino</strong></span> <span class='ocrx_word' id='word_1_105' title='bbox 1062 1772 1152 1837; x_wconf 90' lang='lat' dir='ltr'><strong>dubio</strong></span> <span class='ocrx_word' id='word_1_106' title='bbox 1174 1778 1226 1835; x_wconf 91' lang='lat' dir='ltr'><strong>aut</strong></span> <span class='ocrx_word' id='word_1_107' title='bbox 1245 1769 1474 1852; x_wconf 86' lang='lat' dir='ltr'><strong>indignabuntur</strong></span> 
     </span>
     <span class='ocr_line' id='line_1_14' title="bbox 311 1873 1473 1953; baseline -0.002 -19"><span class='ocrx_word' id='word_1_108' title='bbox 311 1873 362 1953; x_wconf 92' lang='lat' dir='ltr'><strong>qui</strong></span> <span class='ocrx_word' id='word_1_109' title='bbox 378 1873 512 1936; x_wconf 90' lang='lat' dir='ltr'><strong>oodioum</strong></span> <span class='ocrx_word' id='word_1_110' title='bbox 534 1883 564 1938; x_wconf 92' lang='lat' dir='ltr'><strong>et</strong></span> <span class='ocrx_word' id='word_1_111' title='bbox 584 1876 770 1939; x_wconf 81' lang='lat' dir='ltr'><strong>librariorum</strong></span> <span class='ocrx_word' id='word_1_112' title='bbox 792 1876 997 1940; x_wconf 76' lang='lat' dir='ltr'><strong>auctoritatem</strong></span> <span class='ocrx_word' id='word_1_113' title='bbox 1018 1875 1266 1938; x_wconf 79' lang='lat' dir='ltr'><strong>renertrisolent.</strong></span> <span class='ocrx_word' id='word_1_114' title='bbox 1311 1873 1411 1952; x_wconf 84' lang='lat' dir='ltr'><strong>Neque</strong></span> <span class='ocrx_word' id='word_1_115' title='bbox 1426 1879 1473 1933; x_wconf 86' lang='lat' dir='ltr'><strong>ta·</strong></span> 
     </span>
     <span class='ocr_line' id='line_1_15' title="bbox 311 1974 1472 2062; baseline 0 -26"><span class='ocrx_word' id='word_1_116' title='bbox 311 1994 382 2038; x_wconf 89' lang='lat' dir='ltr'><strong>men</strong></span> <span class='ocrx_word' id='word_1_117' title='bbox 395 1976 451 2039; x_wconf 91' lang='lat' dir='ltr'><strong>bos</strong></span> <span class='ocrx_word' id='word_1_118' title='bbox 466 1979 546 2058; x_wconf 91' lang='lat' dir='ltr'><strong>ipsos</strong></span> <span class='ocrx_word' id='word_1_119' title='bbox 560 1989 717 2060; x_wconf 80' lang='lat' dir='ltr'><strong>negaturos</strong></span> <span class='ocrx_word' id='word_1_120' title='bbox 732 1998 798 2042; x_wconf 89' lang='lat' dir='ltr'><strong>esse</strong></span> <span class='ocrx_word' id='word_1_121' title='bbox 812 1981 912 2051; x_wconf 88' lang='lat' dir='ltr'><strong>oredo,</strong></span> <span class='ocrx_word' id='word_1_122' title='bbox 927 1987 1042 2062; x_wconf 81' lang='lat' dir='ltr'><strong>putrem</strong></span> <span class='ocrx_word' id='word_1_123' title='bbox 1058 1979 1094 2040; x_wconf 94' lang='lat' dir='ltr'><strong>de</strong></span> <span class='ocrx_word' id='word_1_124' title='bbox 1108 1979 1221 2060; x_wconf 92' lang='lat' dir='ltr'><strong>puellae</strong></span> <span class='ocrx_word' id='word_1_125' title='bbox 1238 1974 1408 2056; x_wconf 60' lang='lat' dir='ltr'><strong>munidato</strong></span> <span class='ocrx_word' id='word_1_126' title='bbox 1421 1993 1472 2037; x_wconf 89' lang='lat' dir='ltr'><strong>ee·</strong></span> 
     </span>
     <span class='ocr_line' id='line_1_16' title="bbox 311 2077 1473 2162; baseline 0.002 -23"><span class='ocrx_word' id='word_1_127' title='bbox 311 2078 363 2140; x_wconf 89' lang='lat' dir='ltr'><strong>lari</strong></span> <span class='ocrx_word' id='word_1_128' title='bbox 377 2079 467 2141; x_wconf 88' lang='lat' dir='ltr'><strong>etiam</strong></span> <span class='ocrx_word' id='word_1_129' title='bbox 488 2080 552 2143; x_wconf 86' lang='lat' dir='ltr'><strong>sine</strong></span> <span class='ocrx_word' id='word_1_130' title='bbox 574 2101 630 2162; x_wconf 91' lang='lat' dir='ltr'><strong>ope</strong></span> <span class='ocrx_word' id='word_1_131' title='bbox 649 2082 747 2147; x_wconf 84' lang='lat' dir='ltr'><strong>divina</strong></span> <span class='ocrx_word' id='word_1_132' title='bbox 766 2082 844 2144; x_wconf 90' lang='lat' dir='ltr'><strong>haud</strong></span> <span class='ocrx_word' id='word_1_133' title='bbox 865 2082 982 2147; x_wconf 87' lang='lat' dir='ltr'><strong>diifioile</strong></span> <span class='ocrx_word' id='word_1_134' title='bbox 996 2082 1098 2156; x_wconf 87' lang='lat' dir='ltr'><strong>luisse,</strong></span> <span class='ocrx_word' id='word_1_135' title='bbox 1121 2081 1230 2162; x_wconf 90' lang='lat' dir='ltr'><strong>quippe</strong></span> <span class='ocrx_word' id='word_1_136' title='bbox 1241 2077 1293 2160; x_wconf 93' lang='lat' dir='ltr'><strong>qui</strong></span> <span class='ocrx_word' id='word_1_137' title='bbox 1306 2077 1396 2139; x_wconf 90' lang='lat' dir='ltr'><strong>filiam</strong></span> <span class='ocrx_word' id='word_1_138' title='bbox 1410 2093 1473 2141; x_wconf 87' lang='lat' dir='ltr'><strong>non</strong></span> 
     </span>
     <span class='ocr_line' id='line_1_17' title="bbox 310 2179 1472 2265; baseline -0.001 -23"><span class='ocrx_word' id='word_1_139' title='bbox 310 2181 367 2243; x_wconf 88' lang='lat' dir='ltr'><strong>nisi</strong></span> <span class='ocrx_word' id='word_1_140' title='bbox 380 2182 511 2245; x_wconf 83' lang='lat' dir='ltr'><strong>vestibus</strong></span> <span class='ocrx_word' id='word_1_141' title='bbox 526 2184 650 2246; x_wconf 87' lang='lat' dir='ltr'><strong>relatum</strong></span> <span class='ocrx_word' id='word_1_142' title='bbox 664 2185 762 2247; x_wconf 85' lang='lat' dir='ltr'><strong>videre</strong></span> <span class='ocrx_word' id='word_1_143' title='bbox 776 2184 895 2247; x_wconf 87' lang='lat' dir='ltr'><strong>soleret.</strong></span> <span class='ocrx_word' id='word_1_144' title='bbox 939 2184 1095 2265; x_wconf 80' lang='lat' dir='ltr'><strong>Aliquanto</strong></span> <span class='ocrx_word' id='word_1_145' title='bbox 1111 2183 1256 2247; x_wconf 72' lang='lat' dir='ltr'><strong>difficilius</strong></span> <span class='ocrx_word' id='word_1_146' title='bbox 1270 2187 1365 2245; x_wconf 88' lang='lat' dir='ltr'><strong>mater</strong></span> <span class='ocrx_word' id='word_1_147' title='bbox 1384 2179 1472 2241; x_wconf 85' lang='lat' dir='ltr'><strong>celari</strong></span> 
     </span>
     <span class='ocr_line' id='line_1_18' title="bbox 310 2281 1472 2368; baseline -0.001 -24"><span class='ocrx_word' id='word_1_148' title='bbox 310 2284 424 2365; x_wconf 90' lang='lat' dir='ltr'><strong>potuit,</strong></span> <span class='ocrx_word' id='word_1_149' title='bbox 446 2302 534 2364; x_wconf 92' lang='lat' dir='ltr'><strong>qnam</strong></span> <span class='ocrx_word' id='word_1_150' title='bbox 556 2286 677 2366; x_wconf 87' lang='lat' dir='ltr'><strong>quidem</strong></span> <span class='ocrx_word' id='word_1_151' title='bbox 697 2287 851 2351; x_wconf 75' lang='lat' dir='ltr'><strong>etiamtum</strong></span> <span class='ocrx_word' id='word_1_152' title='bbox 871 2288 1062 2368; x_wconf 82' lang='lat' dir='ltr'><strong>superstitem</strong></span> <span class='ocrx_word' id='word_1_153' title='bbox 1082 2286 1175 2348; x_wconf 84' lang='lat' dir='ltr'><strong>luisse</strong></span> <span class='ocrx_word' id='word_1_154' title='bbox 1195 2286 1322 2348; x_wconf 84' lang='lat' dir='ltr'><strong>Creusae</strong></span> <span class='ocrx_word' id='word_1_155' title='bbox 1343 2281 1430 2345; x_wconf 85' lang='lat' dir='ltr'><strong>rerba</strong></span> <span class='ocrx_word' id='word_1_156' title='bbox 1444 2302 1472 2343; x_wconf 82' lang='lat' dir='ltr'><strong>v.</strong></span> 
     </span>
     <span class='ocr_line' id='line_1_19' title="bbox 310 2375 1471 2470; baseline 0.002 -24"><span class='ocrx_word' id='word_1_157' title='bbox 310 2385 372 2448; x_wconf 82' lang='lat'><strong>907</strong></span> <span class='ocrx_word' id='word_1_158' title='bbox 392 2391 423 2449; x_wconf 89' lang='lat' dir='ltr'><strong>ot</strong></span> <span class='ocrx_word' id='word_1_159' title='bbox 444 2385 508 2448; x_wconf 75' lang='lat'><strong>912</strong></span> <span class='ocrx_word' id='word_1_160' title='bbox 528 2386 742 2451; x_wconf 78' lang='lat' dir='ltr'><strong>demonstrant</strong></span> <span class='ocrx_word' id='word_1_161' title='bbox 791 2390 894 2470; x_wconf 87' lang='lat' dir='ltr'><strong>Neque</strong></span> <span class='ocrx_word' id='word_1_162' title='bbox 913 2399 1012 2452; x_wconf 87' lang='lat' dir='ltr'><strong>tamen</strong></span> <span class='ocrx_word' id='word_1_163' title='bbox 1035 2389 1208 2462; x_wconf 78' lang='lat' dir='ltr'><strong>serendum,</strong></span> <span class='ocrx_word' id='word_1_164' title='bbox 1229 2386 1349 2468; x_wconf 89' lang='lat' dir='ltr'><strong>nequis</strong></span> <span class='ocrx_word' id='word_1_165' title='bbox 1365 2375 1471 2466; x_wconf 75' lang='grc' dir='ltr'><strong><em>ἀγνώς</em></strong></span> 
     </span>
     <span class='ocr_line' id='line_1_20' title="bbox 310 2482 1471 2572; baseline 0 -23"><span class='ocrx_word' id='word_1_166' title='bbox 310 2482 348 2549; x_wconf 77' lang='lat' dir='ltr'><strong>dl</strong></span> <span class='ocrx_word' id='word_1_167' title='bbox 367 2487 467 2572; x_wconf 72' lang='grc' dir='ltr'><em>μητρί</em></span> <span class='ocrx_word' id='word_1_168' title='bbox 479 2489 663 2568; x_wconf 86' lang='lat' dir='ltr'><strong>repositurus</strong></span> <span class='ocrx_word' id='word_1_169' title='bbox 679 2491 726 2553; x_wconf 90' lang='lat' dir='ltr'><strong>sit.</strong></span> <span class='ocrx_word' id='word_1_170' title='bbox 771 2491 829 2553; x_wconf 89' lang='lat' dir='ltr'><strong>Sed</strong></span> <span class='ocrx_word' id='word_1_171' title='bbox 846 2482 949 2572; x_wconf 76' lang='lat' dir='ltr'><strong>dysoig</strong></span> <span class='ocrx_word' id='word_1_172' title='bbox 972 2485 1011 2553; x_wconf 78' lang='grc' dir='ltr'><strong>δὲ</strong></span> <span class='ocrx_word' id='word_1_173' title='bbox 1032 2490 1136 2565; x_wconf 81' lang='grc' dir='ltr'><strong><em>πᾶσι,</em></strong></span> <span class='ocrx_word' id='word_1_174' title='bbox 1155 2491 1182 2553; x_wconf 93' lang='lat' dir='ltr'><strong>si</strong></span> <span class='ocrx_word' id='word_1_175' title='bbox 1201 2507 1263 2552; x_wconf 88' lang='lat' dir='ltr'><strong>non</strong></span> <span class='ocrx_word' id='word_1_176' title='bbox 1277 2488 1419 2568; x_wconf 83' lang='lat' dir='ltr'><strong>seriptum</strong></span> <span class='ocrx_word' id='word_1_177' title='bbox 1434 2486 1471 2549; x_wconf 88' lang='lat' dir='ltr'><strong>ab</strong></span> 
     </span>
     <span class='ocr_line' id='line_1_21' title="bbox 309 2589 1471 2675; baseline 0.002 -22"><span class='ocrx_word' id='word_1_178' title='bbox 309 2591 456 2672; x_wconf 83' lang='lat' dir='ltr'><strong>Euripide,</strong></span> <span class='ocrx_word' id='word_1_179' title='bbox 472 2598 551 2654; x_wconf 83' lang='lat' dir='ltr'><strong>certe</strong></span> <span class='ocrx_word' id='word_1_180' title='bbox 565 2592 671 2654; x_wconf 88' lang='lat' dir='ltr'><strong>molius</strong></span> <span class='ocrx_word' id='word_1_181' title='bbox 687 2612 758 2667; x_wconf 89' lang='lat' dir='ltr'><strong>esse,</strong></span> <span class='ocrx_word' id='word_1_182' title='bbox 775 2613 864 2673; x_wconf 84' lang='lat' dir='ltr'><strong>quam</strong></span> <span class='ocrx_word' id='word_1_183' title='bbox 878 2594 958 2675; x_wconf 92' lang='lat' dir='ltr'><strong>qnod</strong></span> <span class='ocrx_word' id='word_1_184' title='bbox 969 2612 1049 2656; x_wconf 85' lang='lat' dir='ltr'><strong>nune</strong></span> <span class='ocrx_word' id='word_1_185' title='bbox 1058 2594 1191 2674; x_wconf 92' lang='lat' dir='ltr'><strong>legimns,</strong></span> <span class='ocrx_word' id='word_1_186' title='bbox 1205 2591 1285 2657; x_wconf 89' lang='lat' dir='ltr'><strong>haud</strong></span> <span class='ocrx_word' id='word_1_187' title='bbox 1294 2591 1377 2655; x_wconf 79' lang='lat' dir='ltr'><strong>faede</strong></span> <span class='ocrx_word' id='word_1_188' title='bbox 1388 2589 1471 2671; x_wconf 73' lang='lat' dir='ltr'><strong>quis</strong></span> 
     </span>
     <span class='ocr_line' id='line_1_22' title="bbox 311 2692 1310 2778; baseline 0 -23"><span class='ocrx_word' id='word_1_189' title='bbox 311 2712 401 2775; x_wconf 89' lang='lat' dir='ltr'><strong>quam</strong></span> <span class='ocrx_word' id='word_1_190' title='bbox 414 2693 596 2758; x_wconf 84' lang='lat' dir='ltr'><strong>diffitebitur.</strong></span> <span class='ocrx_word' id='word_1_191' title='bbox 602 2692 631 2771; x_wconf 77' lang='lat' dir='ltr'><strong>*l</strong></span> <span class='ocrx_word' id='word_1_192' title='bbox 647 2729 688 2740; x_wconf 93' lang='lat'><strong>—</strong></span> <span class='ocrx_word' id='word_1_193' title='bbox 704 2696 789 2769; x_wconf 80' lang='lat' dir='ltr'><strong>Quod</strong></span> <span class='ocrx_word' id='word_1_194' title='bbox 804 2705 905 2759; x_wconf 91' lang='lat' dir='ltr'><strong>autem</strong></span> <span class='ocrx_word' id='word_1_195' title='bbox 918 2716 1009 2778; x_wconf 91' lang='lat' dir='ltr'><strong>porro</strong></span> <span class='ocrx_word' id='word_1_196' title='bbox 1024 2696 1186 2760; x_wconf 85' lang='lat' dir='ltr'><strong>Nerourius</strong></span> <span class='ocrx_word' id='word_1_197' title='bbox 1201 2700 1310 2764; x_wconf 87' lang='lat' dir='ltr'><strong>narrat,</strong></span> 
     </span>
    </p>

    <p class='ocr_par' dir='ltr' id='par_1_4' title="bbox 710 2786 1057 2883">
     <span class='ocr_line' id='line_1_23' title="bbox 710 2786 1057 2883; baseline 0.003 -23"><span class='ocrx_word' id='word_1_198' title='bbox 710 2791 755 2874; x_wconf 78' lang='grc' dir='ltr'><strong>ὥς</strong></span> <span class='ocrx_word' id='word_1_199' title='bbox 777 2786 911 2883; x_wconf 72' lang='grc' dir='ltr'><strong>δ’ἧλθον</strong></span> <span class='ocrx_word' id='word_1_200' title='bbox 931 2790 1057 2880; x_wconf 77' lang='grc' dir='ltr'><strong><em>χρόνος,</em></strong></span> 
     </span>
    </p>

    <p class='ocr_par' dir='ltr' id='par_1_5' title="bbox 494 2891 1271 2984">
     <span class='ocr_line' id='line_1_24' title="bbox 494 2891 1271 2984; baseline 0.001 -23"><span class='ocrx_word' id='word_1_201' title='bbox 494 2891 619 2962; x_wconf 74' lang='grc' dir='ltr'><strong><em>νοκοῦο’</em></strong></span> <span class='ocrx_word' id='word_1_202' title='bbox 641 2893 676 2962; x_wconf 72' lang='grc' dir='ltr'><strong>ἐν</strong></span> <span class='ocrx_word' id='word_1_203' title='bbox 697 2891 807 2975; x_wconf 78' lang='grc' dir='ltr'><strong><em>οἴκοις</em></strong></span> <span class='ocrx_word' id='word_1_204' title='bbox 828 2892 924 2962; x_wconf 72' lang='grc' dir='ltr'><strong><em>παῖδ’</em></strong></span> <span class='ocrx_word' id='word_1_205' title='bbox 946 2892 1129 2984; x_wconf 76' lang='grc' dir='ltr'><strong><em>αἀήνεγκον</em></strong></span> <span class='ocrx_word' id='word_1_206' title='bbox 1148 2891 1271 2983; x_wconf 73' lang='grc' dir='ltr'><strong><em>βρέφος</em></strong></span> 
     </span>
    </p>

    <p class='ocr_par' dir='ltr' id='par_1_6' title="bbox 305 2990 1469 3906">
     <span class='ocr_line' id='line_1_25' title="bbox 494 2990 1223 3086; baseline 0.003 -23"><span class='ocrx_word' id='word_1_207' title='bbox 494 2992 542 3074; x_wconf 79' lang='grc' dir='ltr'><strong>εἰς</strong></span> <span class='ocrx_word' id='word_1_208' title='bbox 561 2992 681 3064; x_wconf 72' lang='grc' dir='ltr'><strong><em>ταύτὸν</em></strong></span> <span class='ocrx_word' id='word_1_209' title='bbox 703 2993 819 3086; x_wconf 71' lang='grc' dir='ltr'><strong><em>ἄντρον</em></strong></span> <span class='ocrx_word' id='word_1_210' title='bbox 841 2990 944 3086; x_wconf 78' lang='grc' dir='ltr'><strong><em>οὗπερ</em></strong></span> <span class='ocrx_word' id='word_1_211' title='bbox 966 2994 1118 3086; x_wconf 73' lang='grc' dir='ltr'><strong>ηὐνάσθη</strong></span> <span class='ocrx_word' id='word_1_212' title='bbox 1139 3001 1223 3085; x_wconf 70' lang='grc' dir='ltr'><strong>θεῷ,</strong></span> 
     </span>
     <span class='ocr_line' id='line_1_26' title="bbox 308 3103 1468 3187; baseline -0.003 -21"><span class='ocrx_word' id='word_1_213' title='bbox 308 3109 419 3185; x_wconf 80' lang='lat' dir='ltr'><strong>pugnat</strong></span> <span class='ocrx_word' id='word_1_214' title='bbox 433 3103 492 3165; x_wconf 87' lang='lat' dir='ltr'><strong>hoo</strong></span> <span class='ocrx_word' id='word_1_215' title='bbox 505 3122 574 3166; x_wconf 89' lang='lat' dir='ltr'><strong>oum</strong></span> <span class='ocrx_word' id='word_1_216' title='bbox 588 3104 680 3185; x_wconf 89' lang='lat' dir='ltr'><strong>ipsius</strong></span> <span class='ocrx_word' id='word_1_217' title='bbox 695 3106 820 3169; x_wconf 89' lang='lat' dir='ltr'><strong>Creusae</strong></span> <span class='ocrx_word' id='word_1_218' title='bbox 834 3106 1025 3187; x_wconf 80' lang='lat' dir='ltr'><strong>professione,</strong></span> <span class='ocrx_word' id='word_1_219' title='bbox 1039 3122 1116 3184; x_wconf 86' lang='lat' dir='ltr'><strong>quae</strong></span> <span class='ocrx_word' id='word_1_220' title='bbox 1132 3123 1158 3165; x_wconf 85' lang='lat' dir='ltr'><strong>v.</strong></span> <span class='ocrx_word' id='word_1_221' title='bbox 1174 3103 1236 3166; x_wconf 79' lang='lat'><strong>965</strong></span> <span class='ocrx_word' id='word_1_222' title='bbox 1252 3120 1313 3167; x_wconf 92' lang='lat' dir='ltr'><strong>non</strong></span> <span class='ocrx_word' id='word_1_223' title='bbox 1328 3103 1408 3165; x_wconf 91' lang='lat' dir='ltr'><strong>domi</strong></span> <span class='ocrx_word' id='word_1_224' title='bbox 1425 3120 1468 3177; x_wconf 91' lang='lat' dir='ltr'><strong>se,</strong></span> 
     </span>
     <span class='ocr_line' id='line_1_27' title="bbox 308 3205 1469 3289; baseline -0.001 -21"><span class='ocrx_word' id='word_1_225' title='bbox 308 3207 362 3268; x_wconf 91' lang='lat' dir='ltr'><strong>sed</strong></span> <span class='ocrx_word' id='word_1_226' title='bbox 378 3206 409 3266; x_wconf 96' lang='lat' dir='ltr'><strong>in</strong></span> <span class='ocrx_word' id='word_1_227' title='bbox 421 3205 525 3267; x_wconf 93' lang='lat' dir='ltr'><strong>eodem</strong></span> <span class='ocrx_word' id='word_1_228' title='bbox 540 3205 589 3269; x_wconf 94' lang='lat' dir='ltr'><strong>illo</strong></span> <span class='ocrx_word' id='word_1_229' title='bbox 605 3216 699 3281; x_wconf 91' lang='lat' dir='ltr'><strong>antro,</strong></span> <span class='ocrx_word' id='word_1_230' title='bbox 716 3209 746 3270; x_wconf 90' lang='lat' dir='ltr'><strong>in</strong></span> <span class='ocrx_word' id='word_1_231' title='bbox 761 3226 820 3288; x_wconf 94' lang='lat' dir='ltr'><strong>quo</strong></span> <span class='ocrx_word' id='word_1_232' title='bbox 832 3208 867 3270; x_wconf 89' lang='lat' dir='ltr'><strong>ab</strong></span> <span class='ocrx_word' id='word_1_233' title='bbox 882 3207 1016 3289; x_wconf 76' lang='lat' dir='ltr'><strong>Apolline</strong></span> <span class='ocrx_word' id='word_1_234' title='bbox 1035 3223 1206 3286; x_wconf 81' lang='lat' dir='ltr'><strong>compressa</strong></span> <span class='ocrx_word' id='word_1_235' title='bbox 1224 3214 1321 3278; x_wconf 85' lang='lat' dir='ltr'><strong>esset,</strong></span> <span class='ocrx_word' id='word_1_236' title='bbox 1343 3222 1469 3286; x_wconf 86' lang='lat' dir='ltr'><strong>puerum</strong></span> 
     </span>
     <span class='ocr_line' id='line_1_28' title="bbox 307 3305 1468 3389; baseline -0.001 -20"><span class='ocrx_word' id='word_1_237' title='bbox 307 3308 422 3370; x_wconf 81' lang='lat' dir='ltr'><strong>enixam</strong></span> <span class='ocrx_word' id='word_1_238' title='bbox 442 3326 508 3370; x_wconf 89' lang='lat' dir='ltr'><strong>osse</strong></span> <span class='ocrx_word' id='word_1_239' title='bbox 529 3307 578 3371; x_wconf 88' lang='lat' dir='ltr'><strong>ait.</strong></span> <span class='ocrx_word' id='word_1_240' title='bbox 616 3309 692 3383; x_wconf 86' lang='lat' dir='ltr'><strong>Quid</strong></span> <span class='ocrx_word' id='word_1_241' title='bbox 706 3305 819 3389; x_wconf 78' lang='lat' dir='ltr'><strong>igiuut</strong></span> <span class='ocrx_word' id='word_1_242' title='bbox 837 3308 1013 3370; x_wconf 85' lang='lat' dir='ltr'><strong>llieemusne</strong></span> <span class='ocrx_word' id='word_1_243' title='bbox 1028 3306 1171 3371; x_wconf 83' lang='lat' dir='ltr'><strong>Mercurio</strong></span> <span class='ocrx_word' id='word_1_244' title='bbox 1186 3326 1251 3370; x_wconf 89' lang='lat' dir='ltr'><strong>rem</strong></span> <span class='ocrx_word' id='word_1_245' title='bbox 1264 3324 1325 3369; x_wconf 93' lang='lat' dir='ltr'><strong>non</strong></span> <span class='ocrx_word' id='word_1_246' title='bbox 1339 3306 1410 3370; x_wconf 85' lang='lat' dir='ltr'><strong>satis</strong></span> <span class='ocrx_word' id='word_1_247' title='bbox 1425 3325 1468 3369; x_wconf 78' lang='lat' dir='ltr'><strong>ae</strong></span> 
     </span>
     <span class='ocr_line' id='line_1_29' title="bbox 308 3409 1468 3492; baseline -0.002 -19"><span class='ocrx_word' id='word_1_248' title='bbox 308 3417 408 3473; x_wconf 85' lang='lat' dir='ltr'><strong>curate</strong></span> <span class='ocrx_word' id='word_1_249' title='bbox 423 3418 526 3473; x_wconf 88' lang='lat' dir='ltr'><strong>notam</strong></span> <span class='ocrx_word' id='word_1_250' title='bbox 545 3409 663 3491; x_wconf 80' lang='lat' dir='ltr'><strong>luisse?</strong></span> <span class='ocrx_word' id='word_1_251' title='bbox 681 3412 811 3474; x_wconf 87' lang='lat' dir='ltr'><strong>Eandem</strong></span> <span class='ocrx_word' id='word_1_252' title='bbox 833 3411 921 3492; x_wconf 90' lang='lat' dir='ltr'><strong>igitur</strong></span> <span class='ocrx_word' id='word_1_253' title='bbox 941 3410 1160 3474; x_wconf 80' lang='lat' dir='ltr'><strong>exeusationem</strong></span> <span class='ocrx_word' id='word_1_254' title='bbox 1179 3409 1269 3473; x_wconf 89' lang='lat' dir='ltr'><strong>etiam</strong></span> <span class='ocrx_word' id='word_1_255' title='bbox 1284 3430 1311 3473; x_wconf 82' lang='lat' dir='ltr'><strong>a.</strong></span> <span class='ocrx_word' id='word_1_256' title='bbox 1331 3409 1369 3471; x_wconf 86' lang='grc'><strong>18</strong></span> <span class='ocrx_word' id='word_1_257' title='bbox 1384 3410 1468 3471; x_wconf 88' lang='lat' dir='ltr'><strong>adbi-</strong></span> 
     </span>
     <span class='ocr_line' id='line_1_30' title="bbox 307 3503 1469 3593; baseline -0.001 -18"><span class='ocrx_word' id='word_1_258' title='bbox 307 3514 376 3575; x_wconf 87' lang='lat' dir='ltr'><strong>bere</strong></span> <span class='ocrx_word' id='word_1_259' title='bbox 391 3513 572 3590; x_wconf 86' lang='lat' dir='ltr'><strong>debebimus,</strong></span> <span class='ocrx_word' id='word_1_260' title='bbox 592 3516 644 3577; x_wconf 92' lang='lat' dir='ltr'><strong>ubi</strong></span> <span class='ocrx_word' id='word_1_261' title='bbox 663 3514 824 3577; x_wconf 85' lang='lat' dir='ltr'><strong>Mercurius</strong></span> <span class='ocrx_word' id='word_1_262' title='bbox 841 3514 982 3577; x_wconf 82' lang='lat' dir='ltr'><strong>Creusam</strong></span> <span class='ocrx_word' id='word_1_263' title='bbox 1001 3513 1159 3593; x_wconf 90' lang='lat' dir='ltr'><strong>puerulum</strong></span> <span class='ocrx_word' id='word_1_264' title='bbox 1179 3520 1213 3575; x_wconf 95' lang='lat' dir='ltr'><strong>ut</strong></span> <span class='ocrx_word' id='word_1_265' title='bbox 1227 3512 1401 3593; x_wconf 89' lang='lat' dir='ltr'><strong>periturum,</strong></span> <span class='ocrx_word' id='word_1_266' title='bbox 1423 3503 1469 3586; x_wconf 68' lang='lat' dir='ltr'><strong>da</strong></span> 
     </span>
     <span class='ocr_line' id='line_1_31' title="bbox 306 3610 1467 3699; baseline -0.001 -22"><span class='ocrx_word' id='word_1_267' title='bbox 306 3610 521 3697; x_wconf 75' lang='grc' dir='ltr'><strong><em>θανούμενον,</em></strong></span> <span class='ocrx_word' id='word_1_268' title='bbox 536 3619 707 3699; x_wconf 80' lang='lat' dir='ltr'><strong>exposuisse</strong></span> <span class='ocrx_word' id='word_1_269' title='bbox 721 3617 836 3692; x_wconf 86' lang='lat' dir='ltr'><strong>dieitur,</strong></span> <span class='ocrx_word' id='word_1_270' title='bbox 851 3617 881 3679; x_wconf 88' lang='lat' dir='ltr'><strong>h.</strong></span> <span class='ocrx_word' id='word_1_271' title='bbox 896 3637 923 3678; x_wconf 89' lang='lat' dir='ltr'><strong>o.</strong></span> <span class='ocrx_word' id='word_1_272' title='bbox 937 3617 980 3679; x_wconf 90' lang='lat' dir='ltr'><strong>sio</strong></span> <span class='ocrx_word' id='word_1_273' title='bbox 993 3621 1028 3679; x_wconf 91' lang='lat' dir='ltr'><strong>ut</strong></span> <span class='ocrx_word' id='word_1_274' title='bbox 1041 3634 1112 3679; x_wconf 90' lang='lat' dir='ltr'><strong>eum</strong></span> <span class='ocrx_word' id='word_1_275' title='bbox 1125 3616 1292 3696; x_wconf 83' lang='lat' dir='ltr'><strong>periturum</strong></span> <span class='ocrx_word' id='word_1_276' title='bbox 1303 3633 1369 3678; x_wconf 88' lang='lat' dir='ltr'><strong>esse</strong></span> <span class='ocrx_word' id='word_1_277' title='bbox 1379 3632 1467 3696; x_wconf 90' lang='lat' dir='ltr'><strong>prae-</strong></span> 
     </span>
     <span class='ocr_line' id='line_1_32' title="bbox 305 3716 1468 3803; baseline 0 -20"><span class='ocrx_word' id='word_1_278' title='bbox 305 3721 421 3801; x_wconf 88' lang='lat' dir='ltr'><strong>sagiret,</strong></span> <span class='ocrx_word' id='word_1_279' title='bbox 436 3720 467 3783; x_wconf 87' lang='lat' dir='ltr'><strong>id</strong></span> <span class='ocrx_word' id='word_1_280' title='bbox 482 3722 562 3802; x_wconf 92' lang='lat' dir='ltr'><strong>qnod</strong></span> <span class='ocrx_word' id='word_1_281' title='bbox 578 3722 720 3803; x_wconf 86' lang='lat' dir='ltr'><strong>repetitur</strong></span> <span class='ocrx_word' id='word_1_282' title='bbox 734 3720 823 3783; x_wconf 88' lang='lat' dir='ltr'><strong>etiam</strong></span> <span class='ocrx_word' id='word_1_283' title='bbox 838 3739 864 3781; x_wconf 85' lang='lat' dir='ltr'><strong>r.</strong></span> <span class='ocrx_word' id='word_1_284' title='bbox 881 3719 931 3781; x_wconf 80' lang='lat'><strong>27.</strong></span> <span class='ocrx_word' id='word_1_285' title='bbox 975 3720 1042 3800; x_wconf 91' lang='lat' dir='ltr'><strong>lpsa</strong></span> <span class='ocrx_word' id='word_1_286' title='bbox 1060 3726 1160 3783; x_wconf 90' lang='lat' dir='ltr'><strong>autom</strong></span> <span class='ocrx_word' id='word_1_287' title='bbox 1182 3719 1239 3781; x_wconf 83' lang='lat' dir='ltr'><strong>boe</strong></span> <span class='ocrx_word' id='word_1_288' title='bbox 1252 3725 1348 3800; x_wconf 72' lang='lat' dir='ltr'><strong>negm.</strong></span> <span class='ocrx_word' id='word_1_289' title='bbox 1391 3716 1468 3783; x_wconf 79' lang='lat' dir='ltr'><strong>Nam</strong></span> 
     </span>
     <span class='ocr_line' id='line_1_33' title="bbox 305 3821 722 3906; baseline 0.012 -25"><span class='ocrx_word' id='word_1_290' title='bbox 305 3841 333 3884; x_wconf 86' lang='lat' dir='ltr'><strong>r.</strong></span> <span class='ocrx_word' id='word_1_291' title='bbox 348 3821 411 3886; x_wconf 74' lang='lat'><strong>982</strong></span> <span class='ocrx_word' id='word_1_292' title='bbox 426 3824 540 3905; x_wconf 79' lang='lat' dir='ltr'><strong>roganti</strong></span> <span class='ocrx_word' id='word_1_293' title='bbox 555 3824 722 3906; x_wconf 84' lang='lat' dir='ltr'><strong>paedagogo</strong></span> 
     </span>
    </p>

    <p class='ocr_par' dir='ltr' id='par_1_7' title="bbox 305 3916 1276 4112">
     <span class='ocr_line' id='line_1_34' title="bbox 490 3916 1276 4007; baseline 0 -19"><span class='ocrx_word' id='word_1_294' title='bbox 490 3921 548 3990; x_wconf 78' lang='grc' dir='ltr'><strong>σοὶ</strong></span> <span class='ocrx_word' id='word_1_295' title='bbox 569 3917 636 4001; x_wconf 63' lang='lat' dir='ltr'><strong>dle</strong></span> <span class='ocrx_word' id='word_1_296' title='bbox 654 3926 689 3988; x_wconf 80' lang='lat' dir='ltr'><strong>sd</strong></span> <span class='ocrx_word' id='word_1_297' title='bbox 710 3916 781 4000; x_wconf 74' lang='grc' dir='ltr'><strong>δόξ’</strong></span> <span class='ocrx_word' id='word_1_298' title='bbox 803 3916 957 4007; x_wconf 71' lang='grc' dir='ltr'><strong>εἰσῆλθον</strong></span> <span class='ocrx_word' id='word_1_299' title='bbox 978 3916 1276 4004; x_wconf 65' lang='lat' dir='ltr'><strong>innumerosior,</strong></span> 
     </span>
     <span class='ocr_line' id='line_1_35' title="bbox 305 4030 482 4112; baseline -0.017 -20"><span class='ocrx_word' id='word_1_300' title='bbox 305 4030 482 4112; x_wconf 88' lang='lat' dir='ltr'><strong>respondet:</strong></span> 
     </span>
    </p>

    <p class='ocr_par' dir='ltr' id='par_1_8' title="bbox 491 4117 1268 4210">
     <span class='ocr_line' id='line_1_36' title="bbox 491 4117 1268 4210; baseline -0.003 -17"><span class='ocrx_word' id='word_1_301' title='bbox 491 4121 539 4206; x_wconf 67' lang='lat' dir='ltr'><strong>&lt;da</strong></span> <span class='ocrx_word' id='word_1_302' title='bbox 560 4124 617 4192; x_wconf 78' lang='lat' dir='ltr'><strong>adv</strong></span> <span class='ocrx_word' id='word_1_303' title='bbox 638 4126 721 4193; x_wconf 71' lang='lat' dir='ltr'><strong>dedo</strong></span> <span class='ocrx_word' id='word_1_304' title='bbox 742 4122 892 4192; x_wconf 75' lang='grc' dir='ltr'><strong><em>σώσοντα</em></strong></span> <span class='ocrx_word' id='word_1_305' title='bbox 912 4119 970 4189; x_wconf 75' lang='grc' dir='ltr'><strong>τόν</strong></span> <span class='ocrx_word' id='word_1_306' title='bbox 993 4117 1020 4209; x_wconf 67' lang='grc' dir='ltr'><strong>η]</strong></span> <span class='ocrx_word' id='word_1_307' title='bbox 1042 4120 1142 4191; x_wconf 78' lang='grc' dir='ltr'><strong><em>αὑτοῦ</em></strong></span> <span class='ocrx_word' id='word_1_308' title='bbox 1164 4122 1268 4210; x_wconf 75' lang='grc' dir='ltr'><strong><em>γόνον,</em></strong></span> 
     </span>
    </p>
   </div>
   <div class='ocr_carea' id='block_1_3' title="bbox 305 4256 507 4267">
    <p class='ocr_par' dir='ltr' id='par_1_9' title="bbox 305 4256 507 4267">
     <span class='ocr_line' id='line_1_37' title="bbox 305 4256 507 4267; baseline -0.02 0"><span class='ocrx_word' id='word_1_309' title='bbox 305 4256 507 4267; x_wconf 67' lang='grc' dir='ltr'><strong>-οι-ο--ι-ι</strong></span> 
     </span>
    </p>
   </div>
   <div class='ocr_carea' id='block_1_4' title="bbox 304 4280 1467 4524">
    <p class='ocr_par' dir='ltr' id='par_1_10' title="bbox 304 4280 1467 4524">
     <span class='ocr_line' id='line_1_38' title="bbox 374 4280 1467 4356; baseline -0.002 -21"><span class='ocrx_word' id='word_1_310' title='bbox 374 4286 397 4350; x_wconf 77' lang='grc'><strong>*)</strong></span> <span class='ocrx_word' id='word_1_311' title='bbox 416 4283 524 4345; x_wconf 84' lang='lat' dir='ltr'><strong>Nellos,</strong></span> <span class='ocrx_word' id='word_1_312' title='bbox 547 4283 662 4348; x_wconf 85' lang='lat' dir='ltr'><strong>iuquam,</strong></span> <span class='ocrx_word' id='word_1_313' title='bbox 678 4299 723 4334; x_wconf 86' lang='lat' dir='ltr'><strong>use</strong></span> <span class='ocrx_word' id='word_1_314' title='bbox 743 4291 827 4334; x_wconf 77' lang='lat' dir='ltr'><strong>minen</strong></span> <span class='ocrx_word' id='word_1_315' title='bbox 849 4287 982 4346; x_wconf 82' lang='lat' dir='ltr'><strong>propterea</strong></span> <span class='ocrx_word' id='word_1_316' title='bbox 999 4280 1086 4347; x_wconf 88' lang='lat' dir='ltr'><strong>utique</strong></span> <span class='ocrx_word' id='word_1_317' title='bbox 1106 4281 1287 4356; x_wconf 75' lang='lat' dir='ltr'><strong>reponendum</strong></span> <span class='ocrx_word' id='word_1_318' title='bbox 1309 4295 1366 4332; x_wconf 80' lang='lat' dir='ltr'><strong>uum</strong></span> <span class='ocrx_word' id='word_1_319' title='bbox 1387 4280 1467 4333; x_wconf 62' lang='grc' dir='ltr'><strong>πίονι</strong></span> 
     </span>
     <span class='ocr_line' id='line_1_39' title="bbox 306 4362 1466 4437; baseline -0.003 -14"><span class='ocrx_word' id='word_1_320' title='bbox 306 4388 329 4423; x_wconf 86' lang='lat' dir='ltr'><strong>v.</strong></span> <span class='ocrx_word' id='word_1_321' title='bbox 356 4372 406 4423; x_wconf 77' lang='lat'><strong>354</strong></span> <span class='ocrx_word' id='word_1_322' title='bbox 424 4369 518 4421; x_wconf 80' lang='lat' dir='ltr'><strong>Creusa</strong></span> <span class='ocrx_word' id='word_1_323' title='bbox 536 4363 630 4437; x_wconf 73' lang='grc' dir='ltr'><strong><em>λάθρᾳ</em></strong></span> <span class='ocrx_word' id='word_1_324' title='bbox 641 4362 748 4434; x_wconf 73' lang='grc' dir='ltr'><strong><em>πατρὸς</em></strong></span> <span class='ocrx_word' id='word_1_325' title='bbox 764 4366 892 4430; x_wconf 77' lang='lat' dir='ltr'><strong>peperisse</strong></span> <span class='ocrx_word' id='word_1_326' title='bbox 912 4365 1019 4429; x_wconf 79' lang='lat' dir='ltr'><strong>dieitur,</strong></span> <span class='ocrx_word' id='word_1_327' title='bbox 1040 4366 1083 4432; x_wconf 79' lang='lat' dir='ltr'><strong>qui</strong></span> <span class='ocrx_word' id='word_1_328' title='bbox 1098 4363 1170 4417; x_wconf 71' lang='lat' dir='ltr'><strong>bons</strong></span> <span class='ocrx_word' id='word_1_329' title='bbox 1187 4381 1285 4419; x_wconf 79' lang='lat' dir='ltr'><strong>onnon</strong></span> <span class='ocrx_word' id='word_1_330' title='bbox 1299 4367 1466 4419; x_wconf 71' lang='lat' dir='ltr'><strong>nusum</strong></span> 
     </span>
     <span class='ocr_line' id='line_1_40' title="bbox 304 4458 411 4524; baseline -0.009 -14"><span class='ocrx_word' id='word_1_331' title='bbox 304 4458 411 4524; x_wconf 84' lang='lat' dir='ltr'><strong>respuit.</strong></span> 
     </span>
    </p>
   </div>
   <div class='ocr_carea' id='block_1_5' title="bbox 0 0 1650 5142">
    <p class='ocr_par' dir='ltr' id='par_1_11' title="bbox 0 0 1650 5142">
     <span class='ocr_line' id='line_1_41' title="bbox 0 0 1650 5142; baseline 0 2"><span class='ocrx_word' id='word_1_332' title='bbox 0 0 1650 5142; x_wconf 95' lang='lat' dir='ltr'><strong> </strong></span> 
     </span>
    </p>
   </div>
  </div>
 </body>
</html>
