3276 5144
813 513 831 519 -
857 427 962 521 184*-η

309 617 387 698 apud
401 615 575 696 Aeschylum
591 617 673 678 Pers.
688 634 715 676 r.
732 613 810 677 573:
832 615 920 695 igitur
940 607 1121 679 ἀνατείνειν
1141 610 1223 700 βοήν
1237 617 1256 679 ἰ.
1271 637 1301 698 q.
1317 608 1471 697 ἀναβοᾶν,

309 719 361 780 sed
375 712 460 801 τόνῳ
476 718 709 791 vehementiore,
726 718 975 798 quemadmodum
990 708 1173 798 ὑπέρτονον
1194 714 1278 801 βοάν
1299 720 1471 800 Aristopha-

310 839 365 883 nes
380 821 457 883 Nub.
471 839 498 882 r.
517 820 599 882 1118
614 819 701 882 habet
716 821 746 881 in
761 838 848 882 versu
863 841 900 883 ex
914 821 1061 901 Euripidis
1073 821 1170 895 Peleo,
1186 829 1220 884 ut
1234 822 1345 885 scholia
1356 822 1472 885 docent.

395 925 427 984 V.
448 922 510 983 537
531 922 664 1002 queritur
682 923 881 1005 Dimeopelis,
910 923 989 1004 quod
1011 923 1206 985 Athenienses
1225 924 1323 986 nobile
1343 924 1414 986 illud
1435 925 1471 986 dc

309 1025 527 1106 Megarensibus
546 1025 714 1106 psephisma
733 1026 836 1088 tollere
856 1025 1012 1088 noluerint.
1047 1027 1199 1088 Petierunt
1219 1027 1275 1100 illi,
1294 1027 1404 1106 iuquit,
1430 1021 1470 1089 τὸ

309 1119 465 1212 ψήφισμ’
489 1120 584 1200 ὅπως
605 1120 951 1212 μεταστραφείημεεὺο
974 1137 1061 1189 utens
1077 1128 1165 1190 lecilii
1180 1128 1299 1209 quidem
1314 1129 1351 1190 ed
1365 1127 1471 1191 intelli·

309 1231 446 1311 gendum,
461 1230 514 1291 sed
529 1246 589 1290 non
605 1230 749 1291 tamenin
764 1230 814 1292 toli
828 1249 860 1293 re
874 1231 997 1293 usitato:
1013 1248 1082 1292 nem
1094 1230 1200 1292 dicitur
1211 1232 1295 1311 vulgo
1307 1225 1471 1313 ψήφισμα

309 1324 512 1416 ἀναιρεῖνειη
522 1332 707 1414 καθαιρεῖν,
718 1332 877 1396 colibus.
893 1335 920 1407 l,
932 1332 999 1395 189.
1021 1333 1200 1414 Interpretes
1211 1333 1470 1413 illudpsrcoepo·

309 1430 388 1521 φαίη
403 1437 519 1498 silentio
534 1436 811 1516 praetermisemnt:
834 1455 940 1518 operae
955 1434 1084 1517 pretium
1100 1436 1187 1514 igitur
1200 1434 1290 1497 fuerit
1304 1436 1469 1511 ostendere,

310 1540 388 1601 unde
396 1540 575 1601 insolentem
588 1540 765 1601 locutionem
779 1539 990 1619 Aristophanes
1001 1537 1163 1618 sumpsisse
1176 1538 1315 1600 videatur.
1336 1539 1471 1620 Sumpsit

309 1660 326 1704 e
338 1641 560 1703 Lacedaemonii
571 1641 723 1704 cuiusdam
736 1641 828 1714 dicto,
842 1642 878 1703 de
890 1660 950 1721 quo
960 1641 1052 1703 refert
1062 1640 1247 1715 Plutarchus,
1259 1641 1361 1703 Pericl.
1375 1661 1401 1702 c.
1414 1642 1469 1705 30:

309 1736 443 1824 λέγουσι
472 1738 509 1806 δὲ
531 1736 711 1824 πρεσβείας
733 1734 898 1826 Ἀθήναζε
913 1740 991 1825 περὶ
1011 1737 1136 1806 τούτων
1156 1737 1194 1806 lx
1215 1740 1471 1822 Λακεδαίμονος

310 1836 497 1931 ἀφιγμένης
517 1841 575 1907 καὶ
597 1846 656 1909 τοῦ
677 1839 878 1927 Περικλέους
897 1839 997 1927 νόμον
1010 1842 1086 1908 τννά
1101 1840 1351 1927 προβαλομὲνοο
1365 1841 1470 1908 κωλύ-

313 1953 407 2009 οντα
422 1944 577 2010 καθελεῖν
609 1944 649 2009 cd
675 1941 846 2024 πινάκιον,
879 1940 912 2009 ἐν
941 1935 970 2032 ᾦ
995 1943 1035 2011 τὸ
1061 1943 1224 2032 ψήφισμα
1251 1942 1471 2029 γεγραμμένον

308 2041 487 2129 ἐτύγχανεν,
511 2042 618 2112 εἰπεῖν
639 2047 798 2133 Πολυκλῆ
821 2052 888 2112 τῶν
909 2044 1081 2132 πρέσβεων
1102 2044 1192 2111 τινά·
1216 2048 1262 2111 Ed
1286 2046 1322 2112 δὲ
1343 2047 1388 2133 μή
1411 2070 1469 2111 κα-

308 2146 420 2236 θέλῃς,
444 2142 530 2216 ἀλλὰ
552 2146 730 2237 στρέψον
752 2143 849 2214 εἴσω
870 2149 909 2216 κά
933 2147 1105 2216 πινάκιον·
1129 2145 1167 2216 οὐ
1190 2148 1252 2234 γάρ
1274 2147 1347 2216 ἐστι
1368 2148 1470 2233 νόμος

309 2246 328 2317 tl
349 2252 447 2318 τοῦτο
470 2248 614 2317 κωλύων.

393 2359 426 2420 ll.
443 2359 504 2421 605
527 2358 604 2420 inter
624 2358 762 2419 homines
784 2357 864 2420 nullo
886 2375 941 2419 suo
964 2358 1072 2421 merito
1087 2358 1124 2420 ad
1137 2359 1265 2440 gerenda
1279 2360 1322 2420 rei
1337 2359 1470 2441 publicae

308 2460 425 2540 negotia
450 2460 612 2522 honorifice
638 2468 668 2521 et
693 2468 870 2540 quaestuosa
894 2460 1010 2522 admitti
1035 2461 1362 2524 solitos‘memorantur
1381 2463 1471 2525 etiam

309 2556 606 2641 Διομειαλάζονες,
627 2561 663 2624 de
686 2562 792 2644 quibus
807 2561 876 2643 quid
892 2563 1082 2625 statuendum
1096 2565 1137 2626 sit
1150 2584 1186 2626 ex
1202 2565 1412 2645 interpretibus
1426 2565 1471 2628 ael

309 2664 456 2726 veteribus
478 2664 522 2724 vel
542 2664 754 2726 recentioribus
774 2666 885 2728 frustm
900 2684 1031 2746 quaeres.
1062 2666 1178 2728 Dudum
1194 2676 1293 2730 eutem
1309 2688 1326 2729 a
1340 2667 1425 2730 nobis
1440 2668 1472 2729 in

309 2766 533 2847 antiquitatibus
547 2767 601 2829 iur.
617 2767 697 2848 publ.
714 2766 763 2828 Gr.
778 2786 807 2848 p.
825 2767 896 2837 305,
912 2768 942 2841 4,
963 2787 998 2831 ec
1011 2775 1113 2848 postea
1127 2769 1158 2829 in
1173 2770 1471 2832 commentatiuncula

310 2869 346 2930 de
362 2869 470 2931 Cratini
484 2869 608 2931 iunioris
622 2869 726 2949 fragm.
742 2887 810 2932 aun.
829 2868 910 2932 1858
926 2869 1012 2943 edita,
1034 2871 1154 2951 quinam
1170 2870 1211 2932 illi
1226 2866 1437 2951 Διομειαλάζ
1455 2905 1471 2917 -

308 2991 360 3046 νος
373 2972 464 3033 fuisse
479 2972 648 3033 riderentur
661 2972 827 3053 expositum
844 2978 898 3034 est.
929 2972 1002 3036 llam
1018 2973 1095 3035 inter
1109 2972 1247 3035 sodelieie
1261 2974 1330 3036 aerii
1344 2973 1469 3054 generis,

308 3093 436 3156 quorum
458 3074 585 3155 plurima
606 3074 728 3137 Athenis
748 3073 819 3135 olim
839 3074 930 3137 luisse
949 3082 1081 3149 constat,
1107 3085 1191 3138 erant
1211 3077 1299 3139 ctiam
1319 3077 1469 3153 nonnulla,

308 3196 383 3259 quee
403 3177 475 3238 nibil
489 3178 551 3238 lere
573 3177 650 3238 eliud
673 3176 728 3238 sibi
743 3179 930 3258 propositum
945 3178 1101 3252 hebebant,
1117 3197 1205 3260 quam
1221 3186 1255 3241 ut
1269 3180 1353 3241 statis
1367 3180 1470 3243 diebus

308 3281 471 3359 congregati
483 3280 597 3341 sodales
608 3280 685 3341 inter
696 3297 728 3340 se
740 3280 962 3342 convivarentur
973 3282 1161 3362 hilariterque
1171 3281 1294 3344 iocando
1303 3290 1333 3343 et
1341 3282 1470 3345 ludendo

307 3402 339 3444 se
355 3382 543 3444 oblectarent.
574 3382 617 3443 llx
631 3381 689 3443 hoc
702 3400 808 3462 genere
821 3399 917 3444 unum
934 3382 1149 3445 nobilissimum
1164 3384 1254 3446 luisse
1270 3384 1469 3464 comperimus

307 3485 463 3547 hominum
489 3485 637 3564 sexaginta
663 3501 803 3558 numero,
828 3485 880 3566 qui
901 3482 1059 3565 patronum
1080 3486 1135 3548 sibi
1151 3485 1306 3548 Herculem
1328 3486 1466 3560 fecerent,

308 3588 430 3649 heroem
451 3587 594 3668 epulando
616 3596 646 3649 et
665 3587 796 3667 potando
815 3604 875 3648 non
897 3588 994 3650 minus
1015 3605 1104 3668 quem
1124 3588 1273 3652 laboribus
1288 3587 1470 3652 excutiendis

308 3689 470 3770 insignem,
489 3691 519 3751 in
539 3690 623 3752 cuius
643 3691 785 3752 comitatu
801 3691 923 3771 proinde
937 3690 1026 3752 etiam
1042 3691 1170 3770 Cynthus
1184 3697 1215 3752 et
1235 3692 1315 3772 Cylix
1329 3710 1469 3757 numera·

308 3792 431 3866 bantur,
453 3810 582 3874 quorum
603 3800 738 3855 naturam
760 3801 790 3853 et
810 3811 908 3855 mores
923 3794 986 3875 ipsa
1000 3793 1121 3854 nomina
1136 3794 1294 3855 declarant.
1322 3794 1366 3857 Ad
1382 3796 1469 3858 huius

306 3895 395 3975 igitur
408 3896 508 3957 lanum
525 3896 683 3958 Iliomense
698 3896 737 3957 illi
752 3895 838 3958 certis
853 3897 1037 3977 temporibus
1052 3895 1303 3977 congregabantur
1318 3897 1470 3978 multaque

306 3998 444 4060 iocularia
460 3998 544 4061 dictis
558 3998 702 4078 factisque
717 3997 849 4071 edebant
866 4017 995 4079 quorum
1011 4004 1091 4060 tenta
1102 4015 1162 4060 non
1174 3999 1271 4060 solum
1284 4000 1407 4062 Athenis
1417 4001 1469 4062 sed

308 4100 395 4161 etiem
411 4100 487 4181 apud
504 4108 620 4162 exteros
636 4100 787 4162 celebritas
802 4101 865 4173 luit,
887 4110 921 4164 ut
934 4101 1094 4181 Philippus,
1114 4119 1165 4162 rex
1181 4101 1381 4175 Macedoniae,
1404 4121 1470 4165 me-

306 4221 381 4285 gnua
395 4202 586 4265 ridiculorum
602 4211 725 4275 amator,
741 4202 848 4266 librum
861 4204 916 4266 sibi
929 4204 965 4265 de
976 4205 1010 4265 iis
1022 4206 1161 4287 componi
1173 4205 1286 4267 iuberet
1300 4206 1377 4268 laute
1389 4224 1470 4268 mer·

307 4306 377 4368 cede
397 4304 503 4369 oblata.
533 4304 670 4366 lleiertur
691 4307 748 4367 boc
767 4305 803 4368 eb
818 4306 982 4380 Athenaeo,
1005 4307 1113 4384 lllll,3
1135 4326 1163 4389 p.
1180 4309 1242 4370 611
1263 4315 1294 4370 et
1309 4309 1360 4381 Vl,
1383 4309 1423 4370 76
1438 4328 1467 4389 p.

307 4407 378 4469 260.
409 4408 440 4468 ld
455 4407 627 4470 sodalicium
642 4427 704 4473 nou
720 4409 844 4490 Philippi
860 4411 980 4474 demum
996 4417 1091 4472 aetate
1106 4412 1222 4485 initum,
1237 4412 1289 4473 sed
1300 4412 1360 4475 hm
1368 4412 1469 4475 multis
