3190 5136
848 402 909 465 144

303 602 365 645 non
382 586 443 647 hoc
461 585 558 646 solum
579 585 619 647 dii
637 586 780 661 iurarunt,
799 587 962 649 rediturum
977 586 1008 650 in
1022 588 1146 669 patriam
1162 589 1301 663 Oresten,
1321 589 1372 651 scd
1387 606 1459 671 per-

303 687 446 749 fecturum
457 687 613 750 vindictam
631 687 713 750 necis
728 697 878 769 paternae:
894 684 1062 773 πράξειν
1081 711 1132 753 νιν
1152 682 1327 770 ὑπτίασμα
1346 685 1461 771 κοιμί-

302 808 358 850 νοο
373 782 509 872 πατρός.
540 788 614 851 Nam
632 783 791 874 πράττειν
809 808 863 869 pro
883 783 1097 873 πράττεσθαι
1116 793 1202 855 etiam
1217 792 1283 855 alibi
1297 793 1459 873 Aeschylus

303 891 382 963 dixit,
398 892 482 952 Eum.
498 910 524 951 r.
540 891 615 953 614:
638 886 776 976 φράζειν
792 883 924 978 Ὀρέστῃ
938 890 1026 979 τῷδε
1038 890 1096 958 τὸν
1109 890 1237 978 πατρὸς
1250 887 1354 978 φόνον
1367 887 1460 976 προί-

302 988 402 1069 ξαντα
415 988 538 1077 μητρὸς
551 990 705 1077 μηδαμοῦ
718 990 819 1073 τιμὰς
831 987 948 1075 νέμειν.
965 1031 1003 1042 -
1020 997 1054 1060 ln
1069 997 1205 1078 proximo
1220 1014 1307 1060 versu

526 1109 561 1178 τί
582 1108 650 1201 δῆτ’
674 1111 737 1200 dyc}
757 1112 943 1195 κάτοικος
964 1107 1023 1182 ὧδ’
1045 1111 1225 1199 decoctae,-

302 1242 486 1307 Hermannus
506 1241 662 1324 μέτοικος
677 1245 805 1326 scripsit,
825 1247 1074 1326 quemadmodum
1093 1248 1151 1310 iam
1166 1257 1233 1309 ante
1246 1245 1282 1307 Η.
1294 1246 1327 1308 L.
1342 1246 1459 1308 Abrens

302 1345 469 1409 coniecerat.
504 1347 621 1428 Respici
635 1347 713 1409 enim
729 1348 768 1409 ait
783 1348 817 1409 ad
832 1368 858 1409 r.
879 1348 969 1425 1234,
985 1348 1034 1410 ubi
1049 1349 1212 1411 Cassandra
1226 1368 1259 1410 se
1273 1347 1310 1410 ab
1324 1347 1459 1426 Apolline

302 1449 424 1528 epatris
444 1450 598 1511 deductam
617 1468 683 1511 csse
697 1449 828 1529 queritur
842 1453 877 1513 ad
897 1460 1023 1513 mortem
1038 1452 1122 1530 Argis
1143 1450 1323 1523 obeundam,
1346 1449 1458 1511 confir-

302 1549 433 1629 marIque
454 1551 688 1615 emendationem
706 1552 791 1613 etiarn
812 1551 955 1631 proximis
975 1551 1120 1625 versibus,
1141 1551 1193 1613 ubi
1213 1558 1402 1632 opponantur
1414 1547 1459 1635 τῇ

300 1643 443 1735 μετοίκῳ
458 1652 513 1726 illi,
529 1653 579 1732 qui
594 1652 624 1713 in
638 1653 731 1732 patria
746 1652 912 1733 interempti
926 1652 993 1717 sint.
1023 1652 1109 1732 Atqui
1123 1653 1169 1714 rix
1184 1652 1270 1714 credo
1286 1671 1365 1725 eam,
1381 1671 1459 1733 quae

301 1753 411 1833 captiva
426 1754 456 1815 in
471 1754 651 1833 peregrinam
668 1762 774 1816 terram
790 1755 912 1817 deducta
927 1756 974 1830 sit,
988 1766 1065 1817 recte
1078 1751 1232 1835 μέτοικον
1243 1754 1299 1816 dici
1313 1754 1458 1835 potuisse,

301 1874 391 1935 quum
407 1856 580 1937 praesertim
595 1875 655 1917 non
671 1856 831 1919 habitatrua
846 1858 900 1931 ibi,
916 1857 967 1919 sed
983 1857 1081 1920 statim
1095 1857 1237 1919 moritura
1251 1857 1341 1935 sit³):
1361 1875 1459 1937 neque

299 1957 443 2020 rationem
467 1959 564 2033 rideo,
593 1978 644 2021 cur
673 1958 837 2022 facillimam
861 1959 997 2040 Scaligeri
1023 1959 1257 2021 emendationem
1281 1951 1457 2033 κάτοικτος

300 2078 482 2140 spernamus.
526 2060 600 2121 Nam
619 2061 649 2122 id
669 2060 785 2140 quidem
805 2079 893 2122 nemo
914 2060 1066 2135 dubitabit,
1086 2060 1158 2140 quin
1172 2077 1295 2139 prorsus
1310 2076 1459 2139 personae

301 2180 371 2222 suae
391 2162 595 2223 convenienter
613 2161 776 2225 Cassandra
796 2163 891 2224 dicere
909 2162 1018 2243 possit:
1038 2160 1120 2242 quid
1136 2178 1199 2239 ego
1219 2159 1272 2221 sic
1285 2160 1459 2222 lamenta-

299 2261 382 2324 bilis
409 2261 635 2344 conqueror?
671 2264 716 2325 dn
744 2265 819 2325 torte
840 2264 899 2325 hcc
918 2263 1017 2344 ipsum
1039 2262 1108 2324 huic
1135 2261 1329 2323 emendationi
1353 2261 1460 2337 olfecit,

301 2366 381 2446 quod
398 2364 487 2427 nimis
510 2364 600 2427 facilis
621 2363 746 2445 ideoque
763 2383 867 2444 parum
887 2385 992 2445 sagax
1011 2365 1071 2425 visa
1091 2361 1156 2425 cst?
1189 2364 1274 2425 Certe
1292 2363 1459 2443 sagacius

300 2468 425 2528 duratus
440 2460 602 2551 πρόοικος
616 2465 776 2528 coniecisse
790 2465 904 2528 dicitur.
935 2466 1046 2547 Nempe
1059 2466 1102 2528 sic
1120 2472 1166 2527 est
1184 2482 1398 2546 nonnunquam
1413 2465 1461 2527 rir

301 2586 443 2642 summus,
458 2569 493 2630 ad
506 2569 599 2631 instar
610 2567 756 2631 venatoris
772 2567 847 2630 illius
859 2568 1053 2645 Callimachei,
1067 2563 1109 2629 τὰ
1123 2563 1182 2647 μὲν
1196 2560 1358 2653 φεύγοντα
1373 2561 1460 2630 διοί-

298 2689 369 2732 κειν
388 2656 474 2747 olco,
498 2665 540 2731 τὰ
565 2662 599 2732 d'
617 2665 652 2733 ἐν
669 2663 781 2753 μέσσῳ
803 2662 935 2750 κείμενα
958 2664 1182 2755 παρτιὲταται.
1216 2669 1290 2731 Nam
1313 2670 1370 2730 hoe
1393 2687 1460 2732 uon

301 2771 388 2833 credo
403 2790 471 2833 eum
490 2771 634 2847 movisse,
654 2771 733 2852 quod
748 2765 922 2846 κάτοικτος
937 2771 1005 2833 alibi
1024 2791 1086 2834 non
1098 2770 1211 2851 legitur.
1240 2771 1283 2833 Ne
1299 2762 1461 2847 ἕποικτος

301 2874 417 2954 quidem
433 2872 500 2935 alibi
513 2874 568 2953 legi
580 2873 714 2947 arbitror,
730 2892 816 2953 quam
830 2891 891 2935 uno
907 2873 1038 2954 Aeschyli
1052 2874 1127 2947 loco,
1141 2874 1193 2952 Ag.
1208 2892 1233 2934 r.
1249 2873 1345 2949 15823
1359 2891 1460 2953 neque

301 2984 398 3038 tamen
412 2983 567 3055 propterea
582 2994 599 3036 a
614 2993 763 3055 qucquam
778 2975 808 3036 in
824 2975 946 3037 dubium
961 2984 1097 3038 vocatum
1111 2985 1163 3038 est.

383 3079 528 3139 Versuum
547 3076 627 3139 1282
643 3095 709 3158 sqq.
723 3077 754 3139 in
769 3076 918 3139 codicibus
932 3078 1006 3139 haec
1020 3078 1115 3139 torma
1129 3085 1188 3139 est:

269 3215 283 3264 ῖ
864 3193 948 3286 ἡλίῳ
965 3193 997 3263 d'
1012 3195 1197 3282 ἐπεύχομαι

512 3300 597 3385 πρὸς
610 3296 750 3367 ύστατον
764 3299 845 3390 φῶς,
861 3302 932 3379 τοῖς
947 3297 1038 3384 ἐμοῖς
1051 3298 1226 3385 τιμαόροις

512 3398 647 3487 ἐχθροῖς
660 3402 796 3492 φονεῦσι
810 3405 882 3483 τοῖς
895 3400 987 3487 ἐμοῖς
999 3399 1101 3468 τίνειν
1116 3398 1198 3485 ὁμοῦ

512 3502 633 3592 δούλης
646 3502 813 3594 θανούσης
829 3500 990 3591 εύμαροῦς
1003 3501 1214 3591 χειρώματος.

223 3639 229 3647 “
297 3653 371 3715 quae
381 3651 471 3714 pum
482 3633 639 3696 manilestc
651 3642 788 3716 corrupta
799 3632 1056 3715 aliterqueabaliis
1068 3641 1175 3696 tentata
1187 3633 1254 3705 sint,
1267 3631 1458 3695 Hermanuus

365 3877 390 3941 d)
410 3878 570 3934 Μειοίκους
586 3876 726 3941 Remigius,
738 3893 822 3929 enarr.
840 3878 902 3929 (led.
921 3876 975 3929 Col.
992 3891 1017 3943 p.
1035 3875 1138 3941 CXXV,
1157 3883 1226 3928 recte
1242 3882 1327 3926 monet
1343 3876 1457 3941 apoetis

297 3962 436 4027 generatim
452 3962 502 4013 dici
518 3977 576 4027 coe,
592 3962 634 4029 qui
651 3962 752 4013 sedibus
769 3963 820 4012 suis
837 3962 938 4012 mutatis
955 3962 1038 4013 alieno
1055 3961 1080 4012 in
1096 3962 1153 4013 loco
1171 3960 1328 4023 babitent3
1345 3961 1390 4011 sed
1407 3961 1458 4011 boc

296 4049 384 4114 ipsum,
397 4053 425 4097 ut
435 4046 549 4097 habitent
557 4046 599 4109 ibi,
612 4063 661 4098 non
674 4047 847 4111 negligendum
859 4052 907 4098 est.
933 4046 1096 4112 Quamobrem
1109 4062 1157 4097 non
1169 4053 1239 4097 recte
1249 4053 1309 4112 puto
1321 4045 1352 4095 ab
1365 4046 1458 4096 eodem

296 4132 406 4196 Reisigio
424 4137 452 4181 et
462 4131 493 4181 ab
506 4130 645 4182 Hermanno
658 4132 683 4181 in
696 4131 743 4195 Ag.
756 4148 780 4181 v.
795 4131 826 4181 57
839 4132 895 4184 τῶν
907 4128 938 4183 δὲ
949 4134 1087 4201 μετοίκων
1103 4131 1135 4180 de
1147 4131 1223 4197 pullis
1235 4131 1364 4181 vulturum
1375 4130 1457 4196 accipi

296 4234 310 4267 e
323 4216 380 4267 nido
392 4216 513 4283 abreptis,
526 4215 586 4266 licet
598 4214 735 4281 praeiverit
751 4216 816 4266 banc
827 4216 1020 4283 explicationem
1031 4217 1189 4267 scholiastes.
1223 4213 1384 4278 intelligendi
1395 4222 1458 4265 sunt

296 4302 344 4368 ipsi
355 4302 471 4354 vultures
483 4301 508 4351 in
519 4301 649 4352 altissimis
661 4301 723 4351 locis
735 4302 876 4352 nidulantcs
888 4308 915 4353 et
927 4301 952 4352 in
969 4316 1064 4353 summo
1075 4302 1178 4354 aethere
1189 4300 1336 4366 coutentes,
1347 4300 1458 4368 ideoque

297 4387 445 4440 molestiam
456 4387 560 4438 deorum
571 4386 747 4453 quodammodo
760 4387 883 4455 inquilini.
