3190 5136
605 472 802 571 „eo-

111 662 254 725 ratiouem
271 678 384 743 parum
407 665 598 741 perspectam
611 656 724 721 babeat.
767 657 845 721 Deos
860 657 907 721 ille
923 674 1040 731 omnes,
1062 673 1137 737 quos
1151 657 1280 737 populus

112 766 231 848 publicis
246 763 445 844 religionibus
461 762 577 837 coleret,
592 769 620 822 et
634 780 701 823 esse
712 761 785 823 deos
801 761 893 824 credit
909 768 938 823 et
952 759 1120 823 adorandos
1139 768 1277 840 tanquam

111 869 213 930 muudi
238 884 404 947 rerumque
423 866 620 927 humanarum
644 864 793 945 praesides
816 872 846 926 et
869 864 1086 935 moderatores,
1111 860 1200 924 alium
1220 861 1277 924 alio

112 971 264 1053 sapientia,
276 971 396 1045 virtute,
413 969 544 1049 potentia
561 966 813 1048 praestantiorem,
827 967 943 1029 bonore
956 973 1055 1027 tamen
1070 970 1098 1024 et
1116 963 1276 1026 reverentia

110 1074 218 1152 dignos
244 1091 365 1134 omnes.
410 1072 504 1151 Atque
529 1070 605 1132 banc
622 1069 815 1132 reverentiam
835 1078 865 1131 et
878 1068 1048 1148 religionem
1075 1084 1137 1129 uon
1162 1066 1276 1147 passim

109 1175 320 1238 unrrrmmodo
342 1175 488 1254 inspersis
508 1171 591 1235 dictis
610 1171 780 1252 praeclaris,
806 1171 899 1252 qualia
913 1170 1000 1233 etiam
1014 1170 1092 1251 apud
1106 1168 1276 1250 Euripidem

109 1277 201 1339 muba
216 1286 305 1348 stant,
319 1275 477 1337 hominum
497 1274 601 1336 animis
619 1272 753 1349 inculcat
767 1273 820 1335 sed
839 1283 885 1335 ost
899 1273 972 1335 baec
984 1272 1117 1335 omnium
1131 1272 1195 1334 aius
1215 1279 1275 1334 tra·

107 1379 287 1458 goediurum
301 1396 428 1451 summa,
444 1377 601 1457 omnisque
614 1395 715 1440 earum
731 1375 886 1457 descriptio
902 1384 931 1438 et
944 1373 1119 1455 compositio
1134 1374 1193 1437 buc
1207 1392 1276 1456 per·

107 1480 190 1551 thret,
205 1497 273 1540 non
289 1486 323 1541 ut
337 1479 479 1541 infinitam
494 1478 620 1559 aliquam
635 1487 664 1540 ct
681 1478 846 1541 absolutam
861 1487 995 1542 naturam
1015 1477 1155 1552 divinam,
1177 1495 1274 1539 rerum

105 1582 247 1645 omnium
262 1581 438 1643 effectricem
453 1588 481 1643 et
496 1581 727 1654 moderatricem,
742 1581 794 1643 sed
808 1589 842 1643 ut
855 1582 912 1643 bos
932 1581 1014 1661 ipsos
1035 1580 1122 1653 deos,
1147 1598 1274 1659 quorum

104 1685 233 1747 aomina
248 1704 267 1747 a
282 1684 445 1746 maioribus
459 1683 562 1746 tradita
577 1692 740 1765 acceperat,
751 1701 878 1764 quorum
892 1684 998 1765 templa
1012 1684 1042 1745 in
1057 1681 1180 1745 urbibus
1196 1700 1269 1745 eon-
1288 1697 1304 1750 a

105 1787 211 1850 stituta
226 1795 324 1861 eram,
338 1804 414 1866 quos
425 1787 518 1849 sacris
534 1794 563 1848 et
577 1785 763 1849 caerimoniis
777 1785 855 1848 cives
870 1785 1015 1859 colebant,
1032 1785 1169 1865 religiose
1183 1802 1271 1848 vene-

104 1891 219 1952 randos
235 1907 306 1951 esse
321 1889 448 1951 deceret
492 1888 569 1951 Huic
582 1897 680 1951 autem
696 1888 820 1952 consilio
835 1888 1035 1969 attemperavit
1054 1889 1141 1951 ctiam
1163 1888 1272 1951 tabula-

104 2010 189 2066 rum,
216 2010 296 2072 quas
321 1998 511 2072 proponeret,
547 1991 690 2054 delectum
720 1993 984 2054 attrectationem.
1038 1990 1113 2053 Nam
1138 1993 1273 2071 prolecto

104 2094 274 2175 Aeschylus
289 2110 351 2155 non
365 2093 458 2174 magis
473 2111 561 2174 quam
577 2094 732 2174 quisquam
745 2093 791 2155 itta
802 2102 902 2168 aetate,
917 2094 966 2174 qui
985 2093 1081 2173 paullo
1104 2111 1193 2174 supra
1208 2093 1272 2155 aad·

103 2216 175 2278 gum
186 2204 317 2277 saperet,
332 2204 392 2258 tarn
407 2196 644 2277 superstistiosus
660 2196 806 2277 stulteque
820 2195 955 2258 credulus
970 2195 1032 2269 luit,
1043 2204 1076 2258 ut
1086 2194 1225 2276 quidquid
1237 2196 1273 2258 de

103 2300 233 2362 deorum
249 2299 341 2362 rebus
356 2298 447 2379 gesb‘s
461 2306 592 2361 vetustae
606 2298 718 2361 tabulae
736 2306 902 2373 samaram,
922 2308 1076 2379 propterea
1096 2299 1176 2379 quod
1196 2299 1270 2360 anti-

103 2402 206 2486 qiritua
234 2402 378 2465 traditum
406 2409 469 2463 erat
483 2408 511 2463 et
537 2400 708 2464 credebatur
733 2403 860 2465 tortasse
874 2401 909 2465 ab
924 2400 1059 2475 anicrrlis,
1081 2400 1137 2464 sibi
1154 2420 1271 2483 quoque

102 2505 290 2568 medardum
310 2512 340 2565 et
357 2522 412 2584 pro
433 2521 501 2566 vero
516 2503 682 2566 babendum
698 2522 765 2566 essa
778 2512 932 2578 staureret3
950 2503 1074 2585 plurima
1090 2505 1166 2567 baud
1183 2505 1271 2568 dubie

101 2609 179 2681 licta,
202 2608 421 2688 planeosrtum
436 2614 466 2668 et
480 2606 675 2670 indubitatum
690 2610 815 2671 tortasse
833 2607 906 2669 nihil
924 2625 991 2669 esse
1012 2606 1166 2669 iudicabat.
1212 2607 1269 2670 Sed

101 2718 135 2771 ut
160 2710 297 2790 tragicas
322 2717 409 2788 poeta
434 2708 504 2770 alias
524 2727 560 2770 er
584 2709 631 2771 bis
657 2708 776 2784 tabulis,
807 2728 879 2790 quas
898 2727 955 2771 uec
975 2709 1099 2771 deorum
1122 2710 1270 2772 maiestate

102 2812 243 2891 indignas
272 2819 302 2872 et
328 2811 438 2890 populo
460 2810 545 2873 utiles
571 2821 622 2874 aut
642 2831 709 2874 esse
735 2820 784 2874 aut
809 2812 981 2874 tractatione
1007 2829 1060 2873 sua
1086 2809 1161 2873 ellici
1180 2829 1270 2891 posse

102 2914 304 2985 mistimarct,
333 2911 504 2986 asciscebat,
531 2912 600 2974 alias
627 2921 724 2975 autem
750 2913 917 2994 spernebat,
944 2931 1051 2994 easque
1077 2921 1126 2974 aut
1152 2912 1268 2975 silentio

101 3014 359 3098 praetermittebat
372 3022 422 3076 aut
435 3014 522 3076 etiam
537 3015 643 3094 apertis
657 3014 753 3078 verbis
768 3015 927 3089 reiiciebat3
946 3016 977 3077 in
993 3033 1051 3095 quo
1074 3014 1186 3076 delectu
1205 3014 1268 3079 dis·

101 3120 214 3180 aarum
228 3119 359 3179 tortasse
373 3116 476 3197 aliquis
490 3136 507 3178 a
522 3117 631 3179 summi
645 3117 699 3178 viri
712 3118 819 3181 iudicio
834 3118 937 3199 possit,
951 3118 1045 3198 ipsam
1061 3125 1157 3180 autem
1181 3137 1268 3198 quam

101 3220 197 3283 tenuit
218 3218 368 3281 rationem
389 3236 547 3297 agnoscere
566 3219 707 3282 debemus
726 3219 814 3282 talem
840 3239 920 3295 esso,
946 3239 1019 3300 quae
1034 3220 1070 3282 ad
1095 3219 1267 3300 religionem

100 3321 205 3384 omnia
219 3327 252 3381 et
268 3318 403 3399 pietatem
418 3320 502 3382 unice
515 3321 634 3395 referat,
648 3321 778 3401 nihilque
792 3321 925 3385 admittat
942 3320 1147 3385 variandorum
1167 3331 1196 3384 et
1216 3341 1267 3385 or—

99 3425 279 3488 nandorum
302 3422 462 3484 carminum
483 3442 584 3494 causa,
606 3424 684 3502 qued
705 3423 741 3485 ab
761 3423 817 3485 illis
836 3425 999 3487 seiunctum
1020 3443 1087 3487 esse
1101 3433 1131 3487 et
1144 3425 1267 3489 deorum

99 3527 180 3607 apud
208 3523 350 3587 nomines
377 3524 556 3588 venerationi
582 3524 700 3587 officere
730 3544 819 3605 posse
850 3525 990 3589 rideatur.
1033 3527 1134 3606 ltaque
1157 3527 1266 3601 lovem

99 3639 275 3693 ceterorum
298 3626 421 3689 deorum
447 3626 533 3708 longe
551 3627 850 3707 praestantissimum,
869 3629 956 3691 etiam
975 3628 1026 3691 ubi
1044 3627 1164 3691 traditas
1179 3630 1215 3692 de
1230 3650 1266 3693 eo

99 3732 217 3794 tabulas
233 3745 299 3791 non
314 3729 438 3809 speruit,
457 3747 519 3791 non
538 3739 636 3791 tamen
650 3738 807 3812 propterea
820 3730 893 3792 nihil
908 3730 1055 3793 maenum
1074 3732 1217 3812 proponit
1230 3732 1266 3794 ab

97 3831 320 3903 istotabuloso‚
331 3849 418 3911 quem
433 3831 626 3911 sapientiores
641 3832 753 3895 dudum
765 3852 903 3914 spernere
912 3842 1075 3915 coeperant,
1090 3842 1194 3916 utpote
1205 3836 1266 3899 sela

98 3934 236 4018 potentia
256 3942 285 3995 et
303 3932 535 4007 immortalitate,
556 3950 617 3995 nou
637 3952 705 3996 vero
725 3935 867 4016 sapientia
887 3944 917 3998 et
934 3937 1039 3999 virtute
1053 3937 1183 4017 quolibet
1202 3958 1266 4003 me-

99 4036 197 4100 diocri
222 4037 347 4098 bom’me
371 4035 607 4115 praecellentem:
635 4054 696 4099 non
721 4038 815 4119 magis
840 4045 939 4101 autam
965 4038 1218 4105 absolutissimum
1237 4049 1267 4103 ct

98 4138 349 4221 perlectissimum
370 4155 496 4211 numen,
518 4138 631 4218 qualem
652 4157 802 4203 summurn
821 4149 850 4203 et
869 4160 961 4203 unum
977 4160 1079 4204 verum
1098 4143 1186 4205 deum
1201 4162 1267 4207 esse

100 4241 211 4304 omas
228 4240 402 4322 philosophi
422 4238 639 4316 intellexerunt,
658 4242 709 4305 sed
725 4242 808 4323 quasi
828 4243 951 4306 mixtum
967 4253 1093 4326 utroque
1107 4253 1136 4308 et
1150 4253 1264 4326 tempe·

100 4352 212 4417 retiam,
231 4362 333 4426 qoem,
361 4360 459 4424 quum
474 4341 509 4404 ab
527 4343 675 4406 humanae
693 4353 815 4408 uacuae
829 4345 1018 4410 similitudine
1031 4365 1094 4410 nou
1108 4347 1198 4410 nimis
1213 4346 1265 4408 ab·
