3266 5140
785 469 984 567 „mm

308 654 470 729 crederent,
490 672 552 718 non
566 655 657 718 modo
673 655 811 719 saeellum
829 655 903 719 Pani
922 655 978 718 sub
997 673 1064 717 aroe
1079 662 1297 729 consecrarunt,
1311 655 1364 718 sed
1378 654 1464 717 etiam

308 774 391 821 saura
409 774 506 820 annua
521 776 588 819 oum
602 757 862 838 lampadodromiis
876 757 1076 821 instituerunt.
1101 756 1202 836 Neque
1215 775 1272 821 nos
1287 757 1465 827 dubitamus,

307 859 378 938 quin
393 858 520 923 labulam
535 859 621 923 istam
636 859 672 921 de
686 859 861 939 Phidippide
876 859 958 921 multi
973 877 1028 939 pro
1047 876 1114 921 vera
1133 858 1301 932 habuerim
1315 860 1465 939 composi-

309 968 367 1023 tam
394 969 491 1025 numm
517 970 654 1042 putamus
678 980 730 1025 seu
752 961 788 1023 ab
809 962 877 1042 ipso
900 962 1073 1042 Phidippide
1095 961 1156 1023 sire
1176 962 1213 1024 ab
1235 961 1313 1036 aliis,
1340 981 1399 1043 quo
1422 965 1465 1025 la-

309 1061 390 1124 cilius
418 1063 546 1147 populus
573 1063 608 1125 ad
637 1064 781 1127 honorem
808 1065 915 1143 agresti
942 1064 982 1127 illi
1009 1074 1038 1127 et
1059 1065 1141 1144 quasi
1164 1064 1200 1126 de
1223 1063 1306 1145 plebe
1327 1065 1383 1126 deo
1405 1072 1465 1125 tam

307 1164 452 1243 insignem
467 1165 634 1228 babendum
649 1176 878 1246 permoveretur.
922 1168 1028 1231 Ortum
1043 1176 1141 1230 aulem
1154 1168 1213 1229 hoo
1226 1165 1382 1229 eonsilium
1397 1174 1467 1245 post

307 1285 437 1347 pugnam
453 1268 572 1332 demum
589 1269 810 1343 Marathoniam,
832 1280 862 1333 et
883 1279 1006 1351 propter
1026 1270 1126 1351 ipsum
1141 1287 1257 1349 pugnae
1275 1269 1373 1333 locum
1396 1286 1465 1331 sus·

307 1370 447 1450 pioamur.
496 1370 570 1435 Nam
598 1372 747 1453 probabile
773 1381 819 1435 est
849 1374 880 1437 in
907 1374 962 1436 lrae
987 1381 1070 1453 parte
1095 1372 1219 1445 Atticae,
1248 1388 1322 1450 quaa
1350 1369 1464 1433 Diaeria

306 1471 420 1547 dieitur,
441 1481 560 1555 eratque
582 1474 683 1554 penori
704 1474 797 1555 magis
819 1493 907 1556 quam
929 1473 1134 1554 agriculturae
1155 1481 1231 1552 apta,
1245 1470 1355 1535 Panem
1378 1471 1465 1534 deum

306 1573 344 1637 ab
364 1573 469 1637 ineolis
491 1575 659 1655 pastoribus
680 1584 710 1638 et
729 1575 848 1639 rusticis
871 1576 928 1639 iarn
950 1576 1033 1657 prius
1056 1575 1167 1639 cultum
1189 1573 1288 1648 luisse,
1311 1573 1464 1637 novimus-

307 1694 366 1755 que
391 1675 467 1757 apud
494 1677 695 1740 Marathonem
722 1677 808 1741 edam
835 1685 968 1739 montom
997 1676 1070 1738 Pani
1102 1685 1249 1741 sacratum
1280 1675 1371 1741 nusae
1398 1695 1464 1739 cunr

307 1785 402 1853 antro,
424 1779 456 1841 in
478 1798 536 1859 quo
559 1778 622 1843 eius
644 1779 692 1843 dei
714 1771 873 1843 αἰπόλιον
894 1778 1111 1853 monstrabant,
1139 1781 1197 1843 boc
1222 1788 1267 1841 est
1285 1778 1396 1859 lapides
1417 1796 1465 1841 aa·

306 1898 428 1959 prarum
450 1880 595 1960 quandam
618 1881 838 1945 similitudinem
865 1881 1103 1959 relerentes²⁰):
1131 1900 1205 1962 quae
1226 1880 1326 1960 religio
1354 1880 1380 1941 si
1406 1880 1464 1941 iam

307 1990 375 2047 ante
400 1982 509 2047 bellum
535 1982 686 2049 Persicum
709 1983 748 2047 ibi
775 1984 843 2057 luit,
870 2002 931 2046 non
962 1984 1137 2049 mirabimur
1161 1983 1232 2045 bino
1252 1982 1363 2045 multus
1396 2001 1465 2062 per-

260 2092 565 2161 innotescecent
590 2086 620 2147 in
646 2086 760 2166 proelio
788 2086 897 2149 ibidem
924 2088 1000 2150 laeto
1022 2086 1108 2151 vieini
1135 2085 1181 2147 dei
1207 2084 1328 2151 numine
1355 2103 1387 2147 se
1413 2083 1465 2146 ad·

307 2187 386 2251 iutos
416 2205 497 2260 esse,
524 2205 646 2266 eamque
677 2187 718 2248 ob
744 2206 863 2251 eausam
890 2188 1022 2268 publicos
1049 2189 1076 2253 ei
1102 2190 1233 2254 honores
1264 2186 1365 2251 deberi
1390 2186 1467 2251 iudi·

307 2298 416 2355 went.

391 2392 451 2453 Sed
471 2409 510 2453 ne
531 2390 597 2455 illos
620 2391 738 2473 quidem
761 2392 844 2467 deos,
867 2412 957 2473 quos,
983 2394 1049 2475 quia
1072 2394 1166 2457 uultus
1193 2410 1295 2455 eorum
1318 2393 1467 2474 antiquior

307 2493 368 2567 tuit,
390 2494 473 2572 ipsos
494 2512 612 2575 quoque
633 2496 771 2577 antiquos
792 2496 888 2560 dicere
908 2496 983 2569 licet,
1006 2513 1110 2559 omnes
1132 2496 1191 2559 iarn
1212 2495 1249 2559 ab
1265 2495 1368 2558 rdtima
1388 2496 1465 2561 anti·

308 2595 415 2675 quitata
441 2596 602 2677 primisque
628 2598 671 2661 rei
698 2598 830 2678 publicae
856 2599 946 2661 initiis
973 2599 1067 2663 cultos
1093 2618 1160 2660 esse
1181 2597 1253 2661 adeo
1276 2598 1464 2661 manifestum

307 2706 365 2772 est,
392 2706 426 2763 ut
446 2699 571 2763 dubitari
593 2719 609 2763 a
631 2701 710 2765 nullo
732 2702 838 2781 possit
881 2700 1086 2775 Ponderibus,
1109 2719 1185 2781 quos
1207 2700 1359 2779 indigenae
1379 2699 1464 2763 Attici

307 2800 471 2875 coluerunt,
486 2812 672 2865 accesserunt
692 2821 763 2867 mox
783 2803 831 2866 alii
852 2803 889 2866 ab
910 2804 1029 2865 advenis
1052 2803 1138 2866 allati:
1161 2802 1308 2883 Dionysus
1330 2822 1347 2864 e
1366 2802 1464 2865 Boeo-

307 2903 345 2966 tia
372 2902 501 2983 primum
528 2905 558 2966 in
588 2903 699 2967 meinos
726 2905 836 2967 Atticae
862 2923 954 2984 pagos
986 2905 1142 2968 translatus
1170 2905 1347 2986 paganisque
1372 2905 1465 2968 samis

307 3003 411 3077 uultus,
434 3005 529 3066 donec
549 3023 619 3065 mox
639 3005 724 3066 etiarn
747 3005 778 3066 in
804 3005 906 3067 urbem
934 3015 1070 3087 receptus
1094 3006 1274 3088 publicisque
1300 3007 1464 3069 bonoribus

306 3107 425 3168 adactus
448 3114 508 3168 est:
530 3106 642 3186 apollo,
664 3107 689 3168 is
712 3125 799 3188 quem
814 3107 917 3188 Delphi
939 3117 969 3170 et
982 3108 1139 3171 Dorienses
1160 3110 1321 3181 coluerunt,
1343 3111 1463 3172 Athenis

304 3216 454 3271 nonanto
477 3207 632 3288 adoptatus
655 3216 709 3281 est,
732 3228 820 3291 quam
846 3210 953 3289 priscis
979 3211 1082 3273 Atticis
1106 3211 1190 3274 multi
1211 3210 1372 3275 Hellenioee
1394 3214 1463 3274 stir-

304 3311 351 3391 pis
378 3310 519 3385 advenae,
546 3327 621 3390 quos
650 3311 733 3393 vulgo
761 3331 913 3394 perperam
941 3314 1027 3376 lones
1057 3314 1171 3389 dicunt,
1203 3313 1323 3376 admixti
1350 3324 1463 3376 essent:

305 3411 417 3475 Cereris
439 3421 466 3474 et
489 3412 683 3493 Proserpinae
705 3413 783 3476 initia
810 3433 871 3477 non
886 3424 966 3489 ente,
992 3435 1081 3497 quam
1108 3418 1247 3483 Eleusinii
1275 3437 1341 3480 cum
1373 3418 1462 3479 Athe·

304 3514 456 3577 nieuaibus
479 3513 618 3577 insanius
640 3515 682 3577 rei
704 3516 837 3595 publicae
860 3518 1100 3581 communitatem
1122 3522 1233 3602 accepti
1259 3528 1368 3583 essent.
1404 3520 1461 3581 Sed

303 3619 375 3681 haec
395 3617 507 3697 aliaque
528 3616 683 3691 eiusmodi,
704 3636 831 3698 quorum
853 3619 979 3681 obseura
1001 3620 1105 3685 indicia
1127 3641 1162 3683 ex
1185 3623 1318 3685 tabmosa
1341 3621 1462 3683 historia

304 3718 432 3781 eruenda
454 3725 532 3791 sunt,
554 3719 613 3781 boc
633 3719 750 3799 quidem
772 3721 802 3782 in
824 3720 993 3784 universum
1020 3722 1237 3799 demonstrant,
1259 3725 1371 3805 priscas
1393 3724 1461 3785 reli-

304 3823 407 3901 giones
430 3820 577 3900 paullatim
599 3822 683 3884 novis
705 3833 734 3884 et
755 3823 923 3887 adventiciis
945 3834 1044 3888 auctas
1066 3846 1142 3900 esse,
1165 3827 1201 3888 de
1222 3826 1346 3908 singulis
1365 3835 1461 3888 autem

371 4100 412 4166 26)
431 4101 537 4155 Pauuu.
548 4102 567 4168 l,
580 4102 622 4167 32,
635 4102 658 4152 i.
667 4128 702 4139 -
712 4098 788 4152 Panis
801 4102 926 4168 templum,
938 4106 1071 4170 Heraion,
1084 4104 1107 4153 in
1121 4118 1184 4170 pago
1193 4103 1359 4170 Anaphlystio
1369 4103 1461 4155 Strabo

302 4195 479 4240 commemorat
487 4186 532 4254 la,
543 4187 553 4238 l
565 4204 589 4255 p.
599 4185 657 4237 398.
670 4192 698 4236 et
708 4186 733 4236 iu
745 4185 870 4238 Salamiua
883 4189 963 4241 insula
976 4190 1040 4240 bono
1052 4190 1123 4240 deum
1136 4190 1230 4241 cultam
1241 4204 1299 4240 ease
1311 4205 1326 4240 e
1337 4188 1461 4239 Pausania

301 4272 320 4335 l,
334 4274 373 4341 36,
387 4273 403 4324 2
415 4273 582 4339 cognoscitur,
594 4287 642 4337 quo
655 4272 766 4337 pertinet
777 4271 861 4338 etim
874 4274 939 4341 qnod
948 4274 1097 4341 Aeschylus,
1110 4274 1180 4325 Paro
1192 4290 1215 4325 ν.
1227 4274 1285 4338 445,
1298 4290 1354 4325 eum
1367 4273 1391 4325 iu
1401 4290 1461 4342 pro-

302 4358 392 4427 pinqua
404 4358 535 4428 Psyttalea
548 4362 692 4407 versantem
703 4356 806 4407 inducit.
