3290 5142
821 468 970 566 *os—

315 657 455 721 dieertins
475 657 605 720 indicari.
635 655 821 741 δισκῆσαι
841 657 880 720 illi
899 648 1067 720 οἷθοὲνατοι
1086 655 1207 738 quinam
1228 655 1287 719 sint
1306 654 1473 737 ambigitur.

314 760 389 824 Nam
403 760 595 835 Wieselarvvs,
619 760 662 822 vir
682 759 905 835 subtilissimus,
927 760 958 823 in
971 759 1054 822 Iabn.
1071 760 1167 823 annal.
1182 759 1285 840 philol.
1300 757 1356 822 vol.
1372 757 1474 821 LXXV

312 885 343 946 p.
358 863 430 939 684,
446 864 546 945 ipsum
560 863 664 945 templi
677 864 797 945 adytum
812 863 933 944 intelligi
946 863 1018 939 vult,
1034 863 1066 925 in
1080 881 1139 945 qno
1154 879 1215 925 non
1229 879 1320 926 unam
1331 861 1383 924 sed
1394 860 1475 925 rnul-

311 973 359 1030 tas
373 965 473 1033 lauros
487 966 581 1029 tuisse
597 967 716 1043 statuit3
739 959 880 1051 δρόσους
893 973 993 1030 autem
1009 957 1109 1046 ἱοροὶς,
1125 982 1212 1029 versu
1230 966 1299 1039 117,
1316 965 1353 1027 de
1367 966 1474 1028 Cesso·

310 1068 374 1133 tide
386 1069 500 1150 accipit,
517 1070 601 1133 cuius
615 1088 723 1152 aquam
737 1069 927 1133 subterraneo
943 1076 1044 1133 meatu
1057 1069 1088 1131 in
1102 1068 1222 1150 adytum
1238 1067 1398 1132 derivatam
1408 1087 1474 1132 esse

311 1171 472 1235 Pausanias
492 1172 582 1235 refert
602 1171 636 1233 K
653 1172 694 1236 24
714 1181 788 1236 extr.
824 1172 915 1235 Nobis
937 1190 1033 1254 neque
1050 1164 1166 1255 κήπων
1185 1188 1297 1234 noman
1318 1171 1355 1234 da
1375 1171 1473 1252 adyto,

312 1274 427 1337 edamsi
442 1275 609 1356 complures
623 1275 665 1338 ibi
680 1276 800 1339 arbores
815 1275 907 1338 luisse
921 1292 1085 1349 sumamus,
1101 1273 1239 1355 usvupari
1249 1272 1382 1355 potuisse
1392 1273 1473 1336 vide-

311 1381 376 1453 tur,
399 1393 496 1459 neque
516 1395 634 1440 causam
655 1398 720 1441 asse
736 1378 929 1453 arbitramur,
947 1396 1000 1441 cnr
1014 1378 1105 1441 alium
1118 1377 1233 1440 fontem
1249 1376 1394 1457 designari
1407 1393 1473 1439 ore-

312 1479 431 1557 damus,
458 1499 547 1563 qnam
568 1481 666 1556 illum,
692 1482 771 1545 unda
791 1500 898 1564 aquam
919 1481 957 1544 ad
976 1480 1161 1544 lustrandum
1181 1479 1304 1562 petitam
1324 1498 1390 1541 essa
1409 1479 1474 1559 ipse

312 1583 375 1646 lon.
396 1603 423 1646 v.
446 1583 506 1647 148
527 1584 650 1660 indicat,
671 1584 832 1667 lustsrique
850 1584 954 1665 templi
975 1583 1144 1647 sacerdotes
1164 1600 1198 1645 ac
1218 1581 1369 1645 ministros
1387 1582 1475 1645 iussit

311 1705 399 1750 varsu
414 1686 472 1762 95,
492 1687 523 1748 b.
539 1706 565 1750 a.
580 1687 696 1750 fontem
712 1687 871 1751 Castalim
885 1688 916 1750 in
930 1687 1098 1769 propinqua
1112 1686 1259 1756 convalle,
1280 1702 1370 1766 quam
1384 1684 1473 1747 lauris

311 1789 410 1853 danais
424 1789 569 1854 consitam
583 1789 676 1855 luisse
692 1798 821 1864 constat,
841 1790 920 1853 unda
934 1790 1035 1853 laurus
1050 1789 1113 1871 ipsa
1128 1788 1287 1853 Castalia
1301 1788 1413 1850 arbor
1427 1785 1473 1848 di·

311 1893 389 1956 citur
402 1911 418 1956 a
432 1893 588 1974 Propertio
604 1893 655 1969 lll‚
671 1893 701 1968 2,
719 1895 768 1969 13,
784 1900 814 1957 et
829 1893 990 1957 Castalia
1005 1891 1132 1955 umbra
1148 1890 1293 1954 a'libullo
1308 1890 1358 1966 lll,
1376 1892 1403 1963 1,
1423 1889 1472 1952 16.

311 1995 373 2058 llos
396 1995 484 2077 igitur
502 2014 568 2059 essa
587 1996 750 2060 iudicamus
770 1989 900 2081 κήπους
922 1987 1123 2071 ἀθανάτους.
1157 1994 1193 2056 lu
1211 1992 1354 2074 proximis
1373 1998 1473 2055 auum

310 2097 445 2165 versibus

658 2199 714 2265 ἴνα
736 2195 855 2286 δρόσοι
875 2190 1026 2284 τέγγουσ’
1048 2190 1137 2281 ἱεραὶ

658 2300 719 2367 ταν
740 2294 875 2369 docem
895 2297 1009 2386 παγοέν

657 2400 868 2492 ἐκπροϊεῖσαι

656 2502 816 2594 μυρσίνας
838 2500 929 2589 inodo
951 2502 1071 2592 φόβαν,

657 2597 680 2697 ᾇ
700 2606 806 2695 σαίρω
829 2606 979 2675 δάπεδον
999 2608 1095 2683 deod,

311 2710 343 2773 in
361 2712 467 2793 quibus
487 2719 609 2794 apparet
623 2713 705 2776 vorbi
719 2707 872 2797 τέγγουσι
886 2713 1035 2777 obiectum
1049 2730 1115 2775 esee
1130 2701 1289 2795 μυρσίνας
1303 2702 1394 2796 ἱερὰν
1406 2705 1474 2797 ‹pd-
1524 2697 1526 2701 ¹

310 2810 390 2892 βαν,
410 2814 533 2881 offendit
545 2832 607 2877 non
622 2815 728 2879 mincia
743 2816 866 2891 multos,
888 2815 970 2896 qnod
983 2832 1064 2878 nuno
1078 2814 1182 2895 myrtis
1197 2833 1229 2877 se
1243 2831 1340 2876 aream
1356 2832 1473 2878 verrere

310 2917 365 2983 lon
379 2918 459 2988 dicit,
475 2916 526 2998 qui
540 2917 639 2999 paullo
654 2925 723 2983 anm
738 2918 854 2981 burum
869 2917 1066 3000 appellaverit
1091 2917 1259 2979 Badbamus
1273 2917 1394 2998 quidem
1409 2916 1428 2979 l.
1440 2917 1471 2980 l.:

312 3011 517 3101 ,,μυρσίνας“
531 3019 627 3101 inquit
640 3019 744 3094 „idem
761 3021 896 3103 estquod
908 3013 1072 3105 ὀάφνας“,
1088 3027 1119 3082 et
1129 3018 1268 3082 mirificae
1279 3020 1367 3082 huius
1378 3019 1473 3083 inter·

311 3122 484 3206 prelationis
499 3134 650 3186 auctorem
666 3121 736 3185 citat
749 3123 898 3186 Donatum
912 3123 949 3186 ad
964 3123 1083 3187 Terent
1098 3122 1188 3186 Andr.
1205 3121 1251 3195 lv,
1267 3121 1297 3196 3,
1316 3124 1365 3197 ll,
1382 3140 1471 3204 quem

310 3226 336 3289 si
348 3224 418 3307 (pavis¹
424 3223 586 3305 inspexerit
595 3223 668 3286 nibil
679 3225 756 3287 aliud
767 3226 922 3289 docentem
934 3206 1053 3299 videbit,⁵
1067 3242 1156 3306 quam
1167 3223 1346 3288 verbenae
1360 3242 1470 3287 nomen

310 3327 388 3411 apud
407 3327 559 3391 Romanos
584 3328 719 3408 generale
745 3347 820 3403 assa,
836 3336 866 3391 et
885 3328 922 3391 da
941 3328 1030 3391 lauris
1051 3344 1185 3409 quoque,
1213 3326 1296 3390 olivis
1314 3346 1349 3389 ac
1366 3327 1471 3409 myrtis

309 3430 445 3511 usurpari
464 3448 567 3514 posse:
590 3429 662 3492 nibil
676 3430 819 3495 interesse
833 3439 934 3495 autem
949 3431 1027 3494 inter
1040 3429 1157 3493 laurum
1172 3437 1202 3492 et
1216 3437 1346 3510 myrtum
1360 3428 1473 3492 nemini

309 3548 442 3615 unquam
461 3532 518 3596 nisi
533 3532 682 3596 Badbamo
697 3533 727 3597 in
743 3540 875 3598 menum
890 3532 978 3596 venit.
1007 3534 1076 3597 Non
1090 3526 1211 3597 meliore
1225 3531 1395 3596 dalansiona
1411 3532 1471 3595 uti-

309 3640 359 3699 tur
373 3619 548 3701 Schenkliivs
567 3655 597 3720 p.
618 3636 690 3701 481.
711 3655 782 3702 nam
800 3654 893 3719 quum
912 3655 939 3698 v.
959 3636 1018 3698 104
1037 3636 1092 3699 lon
1112 3635 1218 3699 dixerit
1231 3653 1264 3698 se
1284 3628 1472 3716 πτόρθοισι

311 3728 441 3824 δάφνης
461 3731 616 3822 στέφοοιν
637 3730 673 3802 θ’
695 3732 796 3823 ἱεροῖς
816 3756 951 3812 usurum,
973 3738 1020 3803 his
1041 3733 1197 3824 στέφτσιν
1217 3728 1317 3821 ἱεροῖς
1330 3737 1471 3802 verdoun

310 3859 327 3903 a
346 3841 452 3922 myrtis
472 3842 599 3906 indicata
614 3860 679 3906 esse
691 3849 802 3906 censet.
832 3841 1009 3906 Prudentius
1025 3841 1201 3906 Wiesalerue
1215 3841 1234 3904 l.
1251 3841 1270 3904 l.
1285 3859 1340 3922 pro
1354 3839 1470 3922 popol-

309 3962 369 4017 νας
381 3943 486 4026 reponi
498 3938 619 4029 μυρίαν
631 3944 739 4009 voluit:
754 3963 856 4008 vereor
867 3952 967 4007 umen
977 3963 1015 4007 ne
1026 3932 1069 4008 sio
1079 3944 1249 4026 Euripidem
1260 3944 1361 4026 potins
1371 3944 1469 4025 ipsum

311 4063 400 4128 qum
421 4046 555 4110 librarios
577 4046 740 4111 consuisse
754 4047 895 4113 dicendus
911 4048 958 4110 sit
987 4047 1063 4111 Nam
1077 4047 1151 4111 mibi
1165 4047 1285 4129 quidem
1300 4046 1471 4110 huiusmodi

309 4148 483 4232 negligentia
502 4149 533 4211 in
547 4149 605 4214 hoc
618 4158 704 4232 poeta
719 4157 750 4214 et
763 4151 795 4214 in
808 4151 865 4213 hac
878 4149 992 4224 fabula,
1013 4169 1102 4232 quam
1117 4148 1304 4214 festinantius
1318 4148 1471 4230 composi-

309 4258 371 4316 tam
385 4271 450 4318 esse
465 4252 527 4316 aliis
541 4251 657 4315 indiciis
671 4270 733 4316 non
747 4253 847 4337 paucis
860 4253 1040 4336 intelligitur,
1055 4253 1282 4335 haudquaquam
1292 4250 1470 4316 incredibilis

309 4374 375 4417 esec
390 4344 514 4428 videtur,
529 4363 572 4430 ut,
587 4373 681 4437 συααι
693 4357 795 4420 locem
811 4357 909 4439 scopis
924 4376 960 4420 ex
974 4358 1047 4420 lauri
1062 4368 1092 4422 et
1103 4356 1190 4439 myrti
1202 4356 1292 4419 ramis
1304 4353 1470 4419 coniunctis

308 4464 443 4520 nucum
459 4452 595 4539 tingeret,
617 4452 811 4543 posteaquam
824 4461 957 4543 primum
970 4460 1045 4525 lauri
1058 4467 1175 4524 uatum
1189 4459 1373 4523 mentionem
1387 4455 1467 4532 lacit,
