3266 5140
855 449 917 512 tta

307 656 361 719 pro
376 636 506 700 blittero
521 637 617 717 posita
632 644 661 699 et
675 638 695 699 d
709 637 867 719 geminata,
887 637 953 699 licet
967 636 997 698 in
1012 635 1132 701 vocibus
1146 636 1292 708 medieim,
1312 634 1462 707 rudtrud,

306 741 436 814 eradicet,
451 759 524 820 quas
541 758 607 802 cum
623 739 671 802 illo
683 748 821 820 cognatas
833 758 899 801 esse
910 738 1015 800 merito
1027 737 1194 817 suspiceris,
1210 738 1229 799 d
1243 738 1366 819 simplex
1378 757 1462 800 com-

306 851 413 922 pareat.
453 843 592 917 Meridies,
618 851 740 924 utraque
758 843 851 905 bitere
870 840 1027 921 geminata,
1046 840 1150 919 legitur
1168 841 1199 901 in
1219 840 1308 902 abaco
1323 841 1462 903 Hercula·

270 955 287 1006 t
308 946 392 1007 nansi
402 946 487 1008 Oscis
501 946 604 1008 litteris
620 945 761 1025 inscripto
778 944 855 1023 apud
864 943 974 1005 Grotel.
987 942 1043 1004 tab.
1051 942 1086 1016 11,
1101 944 1116 1003 1
1130 943 1176 1017 B.‚
1191 944 1319 1023 itemque
1330 943 1360 1004 in
1375 944 1462 1024 cippo

306 1048 458 1128 sepulcrali
478 1049 556 1130 apud
580 1049 705 1111 eundem
721 1047 760 1108 ib.
773 1046 801 1109 3.
818 1039 1032 1112 ΜΕΔΔΙΕΞ
1047 1063 1148 1125 graece
1163 1045 1305 1126 scriptum
1321 1054 1365 1108 est
1379 1045 1410 1107 in
1424 1046 1462 1107 ti-

306 1150 367 1213 tulo
382 1151 554 1213 blamerlino
569 1151 719 1212 Messanae
735 1157 866 1230 reperto,
887 1148 965 1229 apud
980 1148 1105 1210 eundem
1119 1168 1149 1229 p.
1163 1148 1218 1210 21:
1241 1148 1365 1230 denique
1380 1148 1463 1211 Med·

307 1255 360 1316 die
385 1253 461 1334 apud
480 1253 600 1315 Festum
622 1250 954 1333 paraeneticen,
980 1249 1030 1312 ubi
1049 1250 1099 1330 qui
1118 1251 1237 1312 allectus
1254 1249 1341 1312 Ennii
1360 1269 1462 1313 versus

307 1375 463 1429 „sternentes
481 1355 524 1417 ibi
542 1358 658 1436 copitar
675 1354 807 1424 meddin,
835 1352 976 1414 occiditur
996 1351 1099 1413 alteru
1118 1353 1143 1414 si
1162 1371 1222 1415 non
1243 1353 1346 1415 iisdem
1360 1353 1463 1416 litteris

307 1459 449 1540 scriptum
468 1458 655 1531 vambasium,
682 1464 712 1519 at
731 1464 807 1518 certe
826 1455 999 1537 productam
1018 1463 1172 1536 utramque
1191 1454 1328 1538 syllabam
1347 1465 1462 1537 apoeta

307 1563 498 1623 demonstrat.
526 1560 676 1622 Veriorem
692 1566 788 1621 autem
809 1578 875 1620 esse
890 1577 954 1620 eam
971 1557 1203 1620 terminationem
1219 1557 1364 1633 vocabuli,
1390 1577 1464 1639 quae

308 1663 395 1726 habet
413 1664 538 1725 litteram
556 1681 594 1737 ee,
615 1670 644 1724 et
662 1661 807 1723 evelosa
822 1660 955 1722 llantinis
975 1659 1097 1742 aliisquo
1111 1667 1224 1722 tanturn
1240 1660 1279 1722 ob
1295 1662 1393 1741 lugam
1408 1681 1464 1723 oo·

306 1770 404 1831 adoris
418 1767 542 1841 litterae,
557 1773 589 1828 ut
604 1765 704 1829 Cicero
720 1764 772 1839 ait,
788 1770 976 1844 usurpatum,
993 1782 1027 1825 ex
1041 1763 1092 1838 iis,
1107 1781 1181 1843 quae
1196 1764 1232 1825 de
1247 1763 1360 1843 origine
1375 1783 1463 1827 roca·

306 1870 366 1933 buli
380 1870 547 1951 perspicere
565 1868 653 1931 nobis
669 1867 813 1941 videmur,
831 1864 983 1946 probabile
1002 1867 1044 1927 fic
1075 1867 1117 1928 Ac
1132 1866 1254 1946 stirpem
1270 1865 1387 1946 quidem
1401 1867 1463 1931 cius

306 1972 429 2034 eandem
444 1990 519 2045 esse,
534 1989 623 2051 quam
633 1969 759 2032 Graecae
774 1969 852 2032 vocis
867 1961 982 2049 μέδων,
997 1967 1145 2030 Homerici
1160 1960 1316 2052 ἡγήτορες
1330 1958 1392 2052 ἠδὲ
1404 1961 1464 2049 μέ·

308 2071 419 2150 δοπες
437 2074 494 2135 iam
510 2074 621 2136 dudum
636 2073 783 2153 plerisque
797 2073 1057 2153 persuaserunt⁴b
1090 2072 1147 2146 Qui
1161 2071 1239 2133 enim
1254 2071 1350 2151 aptius
1364 2090 1464 2133 rerum

306 2176 493 2257 publicarum
512 2176 712 2238 moderatores
732 2194 821 2256 quam
837 2194 853 2237 a
869 2175 999 2237 curando
1014 2181 1043 2235 ct
1058 2174 1237 2236 consulendo
1252 2174 1393 2254 appellari
1407 2192 1463 2255 po·

308 2276 447 2341 luerunt?
470 2279 551 2353 Quae
567 2279 669 2341 sinon
685 2279 769 2341 fallax
779 2285 825 2339 est
836 2277 895 2338 reri
907 2276 1030 2356 species,
1044 2276 1175 2338 eiusdem
1187 2277 1288 2358 stirpis
1298 2284 1343 2339 est
1354 2277 1464 2339 Oscum

306 2380 489 2455 vocabulum,
499 2381 581 2443 carius
595 2388 664 2442 sunt
674 2379 774 2443 Latina
786 2380 897 2441 medem·
903 2380 1080 2454 etmeditori‚
1092 2398 1219 2460 quornm
1230 2379 1360 2454 alterurn,
1372 2398 1463 2460 mum

307 2482 442 2563 primitus
456 2482 534 2544 baud
550 2482 637 2545 dubie
651 2482 724 2544 nibil
737 2482 815 2545 aliud
827 2489 905 2544 esset
916 2501 1004 2562 quam
1016 2501 1122 2545 curere
1134 2483 1177 2544 vel
1189 2482 1347 2557 scandere,
1362 2492 1464 2564 postea

308 2586 427 2647 demum
442 2584 610 2665 angustiore
624 2583 785 2663 significatu
801 2584 838 2646 de
851 2584 964 2646 morbis
979 2585 1166 2666 potissimum
1179 2586 1316 2648 curandis
1328 2586 1463 2666 usurpari

308 2688 418 2769 coepit,
443 2687 521 2750 unde
541 2686 615 2749 lacili
636 2688 761 2749 bansitu
783 2687 813 2748 in
828 2688 957 2749 soooodi
970 2687 1210 2768 significationem
1226 2687 1308 2762 abiit,
1332 2688 1418 2769 plane
1431 2698 1465 2751 ut

307 2800 410 2853 noster
424 2809 542 2871 quoque
556 2808 654 2851 sermo
670 2790 841 2853 vernaculus
856 2809 891 2851 eo
908 2790 1006 2865 verbo,
1022 2791 1103 2870 quod
1118 2791 1153 2851 de
1167 2790 1269 2853 Latino
1286 2809 1393 2854 curere
1407 2793 1463 2855 du-

308 2903 386 2957 ctum
402 2901 461 2968 est,
487 2911 542 2973 pro
558 2892 605 2953 illo
620 2892 662 2954 uti
677 2893 841 2968 consuevit,
862 2894 941 2973 quod
957 2912 1066 2956 sonore
1080 2894 1236 2976 significat,
1255 2893 1376 2974 perinde
1389 2914 1424 2957 ac
1438 2894 1464 2956 ai

306 2997 384 3059 idem
399 3003 477 3057 esset
492 3013 599 3057 curare
613 2994 736 3058 morbos
751 3005 779 3057 et
792 3015 913 3070 eooore;
928 3014 1104 3077 quamquam
1119 2997 1228 3077 experti
1244 2997 1402 3077 plurimum
1417 2998 1464 3060 in·

307 3107 418 3160 teresse
443 3098 636 3173 contendunt,
665 3106 696 3160 et
718 3107 800 3162 tanto
825 3100 999 3181 plerumque
1025 3099 1169 3161 difficilius
1195 3108 1332 3179 aegrotos
1358 3101 1465 3174 sanari,

307 3210 416 3280 quanto
437 3199 599 3262 studiosius
619 3221 635 3263 a
657 3202 779 3264 medicis
807 3205 994 3279 carentum).
1036 3201 1093 3263 Sed
1113 3201 1200 3265 basius
1221 3201 1315 3283 ipsius
1334 3202 1464 3264 nominis

307 3302 411 3364 medici
424 3301 534 3363 Oscum
549 3302 731 3378 cembellum,
750 3304 775 3366 si
791 3304 827 3366 de
842 3305 953 3383 origine
968 3303 1031 3365 eius
1046 3321 1147 3365 verum
1162 3304 1297 3378 vidimus,
1316 3305 1464 3384 geminum

307 3423 341 3466 ac
359 3422 483 3484 prorsus
502 3404 580 3466 idem
599 3424 665 3467 esse
685 3415 815 3488 apparet.
854 3407 927 3469 Nam
948 3425 1037 3487 quum
1053 3406 1161 3487 pariter
1174 3415 1331 3487 utrumque
1345 3408 1464 3489 proprie

308 3516 472 3569 curatorem
493 3507 649 3587 significet,
670 3517 733 3570 tum
751 3510 877 3571 lormam
897 3508 984 3569 etiam
1001 3507 1106 3571 Oscam
1122 3510 1221 3571 oeedm
1234 3528 1287 3590 per
1302 3527 1464 3591 syncopam

307 3609 370 3672 eius
394 3611 475 3689 quod
494 3618 541 3671 est
559 3611 686 3672 medicus
705 3618 802 3672 ortam
820 3630 886 3673 esse
905 3611 1112 3691 planissimum
1133 3612 1201 3673 iude
1216 3612 1261 3685 sc,
1282 3613 1463 3692 quodetiam

307 3731 361 3792 pro
382 3713 472 3774 altero
494 3711 634 3774 vocabulo
653 3716 769 3788 aeteae,
795 3730 883 3793 quam
903 3716 1029 3776 formam
1044 3713 1142 3775 Livius
1161 3722 1189 3775 et
1203 3714 1307 3776 Festus
1325 3718 1464 3796 produnt,

306 3819 383 3878 tatic
405 3834 428 3876 s.
449 3818 542 3877 toettbt
568 3814 667 3876 eadem
693 3834 823 3897 syncopa
849 3816 881 3880 in
901 3817 991 3879 abaco
1010 3816 1216 3879 Herculanensi
1242 3817 1385 3898 scriptum
1411 3829 1464 3895 est„

304 4027 402 4088 aeaeae,
414 4022 627 4086 illuminatione,
645 4018 841 4086 Maede‘aetub‘ae,
854 4019 1052 4086 Maedaleb'tioos,
1065 4020 1257 4083 Mediatutione,
1271 4021 1462 4088 neomutus,

305 4106 492 4173 Medietatem,
506 4104 659 4157 Madioticae
670 4104 776 4168 babeot3
795 4105 839 4155 sed
850 4106 973 4169 geminam
985 4106 1004 4158 d
1014 4106 1105 4158 nullus.

374 4192 399 4255 4)
417 4190 475 4242 Vid.
492 4191 631 4242 Foreellia.
648 4206 670 4241 s.
686 4207 711 4241 v.
746 4191 891 4243 Doederlin.
909 4191 1046 4262 Synonpm.
1063 4200 1089 4244 et
1105 4192 1216 4261 Etymol.
1235 4202 1293 4246 tom.
1309 4192 1346 4247 Vl
1361 4210 1385 4262 p.
1403 4194 1462 4247 att.

307 4275 453 4329 Grotelead.
467 4277 522 4327 rad.
535 4277 552 4328 l.
563 4276 622 4328 Oce.
634 4292 658 4343 p.
673 4275 712 4328 15.
725 4276 743 4327 l.
755 4276 839 4330 Umbr.
851 4275 887 4329 lV
899 4295 923 4346 p.
939 4278 978 4330 14.

374 4360 481 4498 bpglep(
491 4376 561 4413 meus
573 4363 613 4413 bic
629 4378 726 4429 sermo,
739 4364 782 4414 sed
799 4370 917 4415 auctores
935 4363 1013 4417 babeo
1026 4380 1100 4432 quum
1111 4363 1176 4416 alios
1188 4364 1281 4416 multos
1292 4372 1345 4416 tam
1357 4363 1462 4417 Plinium

306 4447 336 4499 ll.
348 4445 380 4498 N.
482 4446 525 4513 ‚l.
