3154 5138
670 499 730 562 ata

137 692 245 754 aCotta
263 691 400 763 retertur,
420 688 616 770 propositum.
661 689 722 750 vid.
743 688 779 750 de
801 688 939 751 universo
959 688 1016 751 boc
1039 670 1144 770 genere
1159 688 1279 769 liniger.

136 797 167 857 de
181 812 294 874 conseq.
310 800 423 872 tempp.
442 810 471 872 p.
491 791 533 853 60
553 809 617 871 sqq.
637 799 666 852 et
684 791 868 870 dompnum,
888 794 1115 871 grammt'll,
1131 792 1178 866 12,
1196 794 1317 854 l.-8

135 897 233 959 Contra
257 896 354 976 paullo
378 902 445 957 ante
464 894 543 975 quod
565 894 594 955 in
613 893 763 955 codicibus
782 902 841 963 est,
861 894 940 974 quia
961 910 1030 956 non
1061 894 1280 971 confidebas,

133 1008 193 1062 tam
219 1000 250 1061 id
276 1017 357 1060 esse
375 997 603 1078 perspicuum
625 1014 724 1076 quam
750 1002 787 1057 tu
811 996 912 1069 velis,
936 1013 992 1075 qua
1010 994 1154 1075 probabili
1168 996 1281 1059 ratione

133 1121 261 1182 praesens
281 1111 399 1181 tempus
419 1100 549 1162 excusari
570 1100 677 1180 possit,
697 1114 757 1159 non
777 1098 869 1160 rideo.
900 1098 1049 1178 Sequutus
1063 1098 1153 1176 igitur
1165 1097 1280 1160 Ernesti

131 1204 287 1285 exemplum
304 1202 409 1264 velles
422 1202 554 1283 reposui,
570 1219 659 1281 quum
676 1203 846 1281 praesertim
868 1202 919 1261 has
934 1201 1007 1262 duas
1022 1202 1131 1263 lorrnas
1146 1201 1280 1281 piurimis

130 1305 194 1368 locis
209 1314 388 1387 permutatas
404 1323 469 1366 esse
484 1312 609 1366 constet.

205 1412 273 1490 Cap.
307 1409 370 1482 llll,
404 1407 450 1469 18.
502 1408 695 1487 eodemque
721 1406 779 1469 illa
809 1407 910 1469 etiam
938 1405 1159 1481 dilleremus,
1188 1409 1279 1488 quod

129 1512 356 1593 Chrysippum
376 1511 494 1572 dicere
512 1509 628 1572 aiebas
644 1517 698 1571 etc.
744 1510 786 1570 Ad
808 1509 949 1571 tuendum
970 1509 1107 1589 pluralem
1128 1511 1187 1574 illa
1209 1511 1279 1573 satis

129 1614 229 1676 dictum
247 1623 295 1676 est
311 1614 340 1675 in
355 1612 543 1674 annotatione
562 1612 597 1674 ad
613 1614 642 1674 h.
659 1612 676 1674 l.
693 1622 722 1676 et
740 1612 769 1674 in
789 1631 902 1693 nupera
923 1615 1171 1677 commentatione
1190 1615 1225 1676 ad
1246 1615 1279 1689 ll,

128 1718 173 1791 bt,
191 1717 262 1780 126:
279 1717 393 1779 Addam
409 1733 489 1778 nnnc
503 1716 599 1776 locum
615 1715 749 1777 similiter
764 1715 981 1795 explicandum,
999 1715 1078 1778 Verr.
1095 1717 1144 1793 lV,
1159 1717 1209 1790 23,
1225 1720 1279 1779 51:

128 1818 179 1880 llla
194 1839 275 1881 vero
292 1819 441 1899 optima,
456 1819 562 1898 quod,
576 1837 678 1898 quum
696 1819 897 1883 Haluntium
914 1818 1083 1893 venisset,
1098 1856 1139 1866 —
1154 1821 1229 1900 ipse
1245 1825 1278 1882 in

128 1924 287 2003 oppidana
303 1922 420 1984 uoluit
435 1922 611 1983 accedere.
656 1922 709 1984 llic
723 1941 840 2002 quoque
855 1923 994 2003 pluralem
1015 1923 1071 1984 illa
1092 1930 1192 1985 orator
1205 1943 1278 2005 pro-

127 2034 216 2104 pterea
230 2026 346 2107 posuit,
365 2025 444 2105 quod
464 2042 525 2086 uon
540 2025 598 2085 hoc
618 2042 722 2095 nonam
744 2014 830 2104 quod
843 2025 941 2086 atatim
962 2024 1106 2105 sequitur,
1125 2027 1176 2088 sed
1195 2028 1278 2107 plura

126 2130 202 2191 marn
215 2137 286 2210 post
298 2127 489 2189 memoranda
501 2128 600 2190 animo
611 2129 673 2189 eius
687 2128 932 2189 obversabantur:
949 2128 1201 2208 Archagathum
1217 2148 1278 2191 ro-

126 2233 189 2293 cari
202 2232 326 2294 iussit:
346 2232 375 2291 ci
395 2230 574 2310 negotium
594 2230 699 2291 dedit.
720 2266 761 2275 —
781 2229 954 2291 Ascendit
972 2230 1006 2291 in
1028 2229 1194 2310 oppidum
1216 2233 1277 2292 Ar-

126 2336 328 2415 chagathus:
355 2369 396 2378 —-
423 2334 519 2395 iubet
545 2352 666 2394 omnes
692 2334 930 2413 prolerrcetc.
980 2332 1133 2413 Zumptius
1159 2334 1277 2413 quidem

126 2438 237 2519 scripsit
252 2437 329 2500 illla
344 2454 426 2497 vero
443 2435 575 2515 optima
591 2443 657 2509 est,
673 2456 707 2497 ex
720 2435 868 2509 omnibus,
882 2443 913 2496 ut
928 2436 975 2509 ait,
991 2434 1149 2510 codicibus,
1165 2446 1279 2517 praeter

123 2557 208 2601 unum
224 2540 260 2602 ll.
277 2537 431 2619 Stephani,
443 2538 472 2599 in
488 2556 546 2618 quo
562 2545 644 2598 sunt
658 2537 770 2617 legitur.
801 2537 938 2600 Editores
953 2545 1049 2599 autern
1066 2537 1133 2599 inde
1148 2558 1164 2600 a
1179 2539 1277 2602 Victo·

122 2643 162 2704 rio
177 2643 299 2705 rerbnm
317 2642 401 2721 plane
415 2641 586 2712 omiscmnl,
603 2641 681 2720 quod
698 2641 723 2702 si
738 2640 904 2702 addendum
920 2641 967 2715 sit,
984 2641 1117 2722 equidem
1132 2659 1193 2704 non
1210 2652 1277 2714 est,

122 2747 167 2807 sed
182 2755 268 2808 sunt
283 2743 472 2806 scribendum
485 2760 600 2804 censeo.
644 2744 666 2805 A
682 2743 805 2805 librariis
822 2744 874 2804 has
894 2743 966 2804 duas
986 2744 1096 2805 formas
1112 2763 1173 2806 non
1189 2746 1278 2807 semel

120 2858 296 2928 penantatas
318 2867 384 2907 esse
404 2855 530 2908 constat:
551 2865 646 2927 neque
664 2865 751 2908 causa
771 2846 802 2906 in
818 2845 944 2906 obscuro
959 2854 1012 2907 cst.
1057 2845 1118 2906 Vid.
1135 2846 1277 2910 Drakenh.

119 2953 151 3013 ad
166 2952 225 3013 Lir.
243 2950 332 3022 XLV,
351 2950 398 3023 17,
414 2950 482 3024 5¹).
526 2949 612 3023 Quod
633 2967 702 3010 rero
722 2948 875 3028 Zumptius
895 2947 929 3009 ad
950 2947 1152 3028 explicandum
1170 2967 1277 3013 nume·

118 3072 179 3115 rum
194 3052 376 3133 singularem
385 3069 537 3131 genusque
544 3050 715 3112 femininum
726 3051 874 3113 subaudiri
890 3051 969 3114 iubet
984 3070 1052 3124 res,
1067 3053 1138 3114 mihi
1152 3072 1277 3134 prorsus

118 3155 310 3236 improbabile
330 3154 455 3223 videtur,
475 3171 570 3234 neque
586 3172 707 3214 moveor
725 3155 865 3233 exemplis
885 3154 919 3216 ad
936 3156 1187 3235 comprobandam
1201 3156 1276 3218 hanc

116 3259 229 3340 ellipsin
257 3276 274 3319 a
301 3257 365 3318 viro
391 3255 563 3318 doctissimo
590 3256 690 3318 allatis.
735 3256 812 3319 Sunt
835 3265 931 3320 autem
956 3258 1102 3321 haectn'a.
1143 3258 1309 3322 Primuma

118 3362 192 3424 verr.
208 3361 250 3432 ll,
268 3359 325 3431 23,
342 3359 397 3420 56:
419 3359 542 3420 Verres
561 3360 670 3420 refert
696 3358 791 3422 illam
812 3379 910 3422 suam
927 3362 1194 3442 Syracusanam:
1214 3382 1273 3442 quo

116 3464 192 3537 loco,
218 3463 246 3525 si
270 3480 338 3522 rere
364 3480 435 3522 rem
455 3461 683 3523 subaudiendam
704 3469 826 3537 statuas,
847 3464 1025 3537 boemiis,
1052 3483 1125 3544 quae
1145 3464 1278 3546 proxime

116 3567 310 3646 praecedunt:
331 3564 397 3625 llcs
422 3562 663 3644 percrebruit3
687 3565 720 3626 in
742 3574 926 3646 orentque
947 3585 1108 3628 sermone
1124 3568 1276 3629 omnium

116 3669 232 3751 coepit
259 3667 411 3739 versari,
436 3667 519 3728 lacile
537 3667 690 3748 repetitur,
708 3676 741 3729 ut
760 3668 796 3729 de
815 3668 908 3749 ellipsi
928 3687 988 3730 non
1016 3666 1202 3750 cogitandum
1230 3671 1275 3731 sit.

115 3770 207 3834 Porro
224 3768 350 3845 Quintil.
366 3767 388 3828 l.
404 3767 439 3832 0.
456 3768 499 3841 vt,
520 3770 550 3840 1,
565 3771 598 3830 4:
619 3768 680 3830 llla
701 3789 782 3832 rero
802 3771 1071 3846 iucundissima,
1090 3772 1118 3834 si
1135 3774 1276 3835 contin-

182 4086 206 4151 l)
227 4084 310 4135 Sunt
329 4098 375 4151 pro
392 4089 442 4133 eat
458 4082 550 4133 habant
569 4084 666 4151 aliquot
686 4086 784 4136 codices
802 4101 878 4153 supra
895 4086 938 4137 lib.
959 4087 1043 4153 1,³t,
1061 4088 1106 4139 96:
1119 4104 1197 4156 quae
1210 4088 1276 4140 sala

115 4170 217 4222 divina
239 4177 355 4221 natura
378 4176 462 4234 aaut,
483 4170 514 4221 tle
531 4186 579 4236 qno
595 4172 651 4222 loco
667 4172 718 4222 vid.
731 4172 962 4223 commentationem
979 4174 1098 4224 aestivae.
1110 4175 1186 4225 schol.
1202 4173 1275 4224 iadiol

115 4258 288 4322 praemissam,
300 4272 324 4323 p.
338 4255 380 4306 24.
416 4254 498 4306 Etiam
510 4255 541 4306 tle
554 4254 632 4320 Lagg.
648 4255 673 4319 1,
691 4256 722 4319 8,
736 4256 769 4307 at
782 4272 826 4323 pro
840 4272 878 4317 eo,
892 4258 956 4324 quotl
970 4258 1044 4324 vulgo
1057 4259 1162 4322 legitur:
1183 4267 1214 4309 et
1230 4257 1276 4308 ni·

115 4341 653 4407 mirumistasunlotdisputantnr.
678 4342 834 4394 scribendum
852 4343 1276 4410 suadeo‚llaaatuttlisputa-

116 4432 172 4476 tnr.
210 4426 246 4477 Et
260 4425 305 4476 ila
318 4426 409 4476 habent
421 4426 521 4475 codices
534 4426 628 4492 optimi,
641 4426 804 4494 probavitque
813 4429 860 4478 boc
869 4427 1019 4495 Madvigius,
1034 4429 1073 4479 cni
1086 4435 1160 4478 aunt
1173 4434 1199 4478 ol
1210 4428 1277 4477 dis·

117 4518 273 4573 putantur
284 4511 383 4577 placere
397 4512 509 4579 potuisse
522 4512 607 4563 miror.
