3164 5138
680 458 721 525 st

120 653 286 724 must).
327 645 407 708 llinc
424 646 515 725 igitur
534 646 719 709 menifestum
741 667 807 710 esse
825 649 962 728 arbitror,
984 675 1045 720 ncn
1069 660 1185 724 obstare
1202 664 1283 725 bunc

121 749 233 820 locum,
251 749 414 829 quominus
428 748 499 821 illis,
519 767 593 828 quoe
607 749 697 811 attero
713 751 794 825 loco,
818 771 881 831 erp.
898 754 951 831 23,
972 759 1008 820 de
1023 780 1127 841 parrae
1142 764 1238 826 biudis
1254 773 1283 826 et

119 850 298 931 Cypriorum
318 850 488 912 auctoribus
507 850 583 912 dioto
602 860 685 924 sunt,
706 852 778 913 fides
796 853 946 920 habentor.
972 860 1170 941 Reprehendit
1184 875 1281 928 autem

118 952 157 1013 rbi
171 953 361 1024 Aristoteles,
377 951 625 1032 quemadmodum
641 972 732 1032 supro
747 955 881 1031 vidimus,
897 959 954 1021 boc
969 981 1070 1039 unum,
1086 969 1174 1046 quod,
1189 987 1280 1047 quum

118 1054 266 1116 actionem
283 1054 472 1133 multiplicem
482 1061 647 1129 uectorem,
661 1073 723 1117 non
738 1056 887 1120 vitaverint
900 1060 940 1135 id,
956 1067 1035 1143 quod
1046 1066 1192 1131 Homerus
1207 1090 1280 1150 pru-

118 1155 223 1217 denter·
238 1156 359 1230 carent,
378 1172 417 1216 ne
435 1162 556 1235 propter
573 1157 695 1219 nimiam
714 1177 813 1221 rerum
828 1161 1044 1228 multitudinem
1063 1188 1098 1231 ac
1111 1171 1278 1234 varietatem

117 1255 267 1335 implicata
284 1258 413 1319 carmine
426 1258 593 1319 evaderent:
611 1277 685 1338 quoe
698 1262 888 1339 reprehensio
904 1265 1066 1345 significare
1080 1273 1206 1349 ridetur,
1227 1295 1279 1337 eos

116 1375 177 1418 non
188 1359 266 1421 sotis
278 1360 352 1420 scite
362 1359 485 1434 fabulas,
500 1379 573 1440 quos
584 1360 798 1440 proponebant,
813 1364 849 1426 ad
864 1366 1004 1432 unitatem
1019 1373 1142 1436 aetionis
1155 1394 1279 1457 compc-

116 1461 223 1534 suisse,
238 1462 295 1523 sed
308 1461 349 1523 itu
362 1462 461 1542 potius
478 1461 576 1522 omnio
591 1479 739 1540 domasse,
755 1474 788 1527 ut
803 1468 872 1546 quid
888 1469 1069 1549 primarium,
1086 1477 1155 1557 quid
1170 1498 1277 1541 secun·

7 1582 9 1593 ¹
117 1562 231 1623 derium
247 1571 338 1637 esset,
352 1581 413 1625 non
427 1570 531 1643 posset
542 1564 683 1643 dignosci,
698 1566 823 1648 ideoque
834 1570 929 1633 unitos
940 1574 1073 1651 aetionis,
1088 1580 1200 1642 etiamsi
1216 1599 1277 1644 non

7 1680 9 1733 ε
117 1663 202 1742 plane
216 1663 346 1735 deesset,
361 1683 422 1726 non
436 1673 534 1727 tomen
550 1665 622 1727 sotis
641 1667 775 1731 eluceret.

8 1764 9 1779 ¹
202 1766 342 1828 Cotem
362 1769 442 1847 quod
461 1768 495 1829 ad
515 1767 592 1829 hone
610 1769 750 1831 unitatem
770 1772 893 1835 actionis
913 1777 1028 1853 attinet,
1048 1789 1094 1842 est
1113 1784 1277 1864 ecquidem

7 1836 9 1917 ἶ
115 1869 297 1941 marie,
317 1887 392 1949 quoe
416 1869 468 1931 nbi
483 1870 571 1943 desit,
596 1870 671 1933 bene
696 1875 893 1952 compositum
914 1896 1033 1942 cannen
1053 1902 1118 1945 esse
1142 1896 1275 1967 nequeat,

7 1980 9 2009 t
116 1987 212 2049 neque
227 1978 329 2032 tomen
343 1970 407 2032 eolo
421 1971 457 2033 ad
471 1972 587 2033 leudem
602 1974 828 2053 compositionis
848 1979 1004 2043 sufficiens.
1048 1984 1215 2066 Requiritur
1229 1991 1276 2052 in·

117 2090 214 2152 super,
228 2082 264 2133 ut
279 2072 355 2133 actio
371 2079 445 2134 tota
459 2072 507 2147 sit,
521 2073 573 2149 rel,
587 2082 621 2136 ut
635 2094 702 2136 oum
717 2077 871 2141 Aristotele
885 2081 1001 2163 loquer,
1016 2093 1048 2147 ut
1062 2087 1191 2165 initium,
1212 2112 1275 2153 rne-

116 2173 196 2235 dium
215 2182 246 2235 et
266 2175 356 2236 tinem
376 2174 493 2249 hebeat,
513 2176 541 2237 lt.
561 2195 586 2237 e.
608 2185 640 2238 ut
659 2196 675 2238 a
694 2178 839 2260 principio
858 2184 894 2244 od
913 2185 1022 2247 exitum
1041 2193 1206 2254 necessario
1226 2206 1276 2256 aut

117 2275 261 2355 probabili
282 2295 425 2355 processu
443 2295 497 2357 per
515 2279 623 2357 gredm
642 2280 810 2345 deducatur.
860 2282 933 2371 Χρή
956 2277 1025 2366 οὖν,
1052 2290 1185 2371 inquito.
1201 2295 1230 2371 8,
1246 2298 1274 2372 4,

116 2372 172 2438 τάν
203 2372 332 2457 μῦθον,
365 2371 442 2440 ἐπεὶ
467 2373 620 2464 πράξεως
644 2373 783 2467 μίμησίς
812 2379 897 2465 ἐστι,
929 2387 1012 2469 μιᾶς
1035 2412 1074 2455 σε
1104 2385 1190 2458 εἶναι
1216 2397 1274 2460 καὶ

114 2473 235 2564 ταύτης
262 2472 349 2563 ὅλης.
377 2480 446 2542 item
469 2499 492 2541 c.
516 2481 565 2555 23,
591 2484 622 2544 1:
650 2479 703 2545 dei
725 2482 803 2561 τούς
823 2483 955 2567 μύθους
981 2492 1172 2561 συνιστάναι
1193 2497 1272 2585 περὶ
1293 2518 1326 2570 rr

115 2574 195 2660 μίαν
221 2577 347 2665 πρᾶξιν
373 2574 450 2667 ὅλην
474 2578 531 2645 καὶ
556 2577 698 2661 τελείαν,
726 2578 864 2665 ἔχουσαν
889 2583 987 2678 άρχήν
1013 2592 1071 2659 καὶ
1092 2595 1195 2680 μέσον
1215 2600 1274 2667 καὶ

8 2710 9 2739 t
115 2678 217 2759 τέλος,
240 2674 286 2744 ἵν’
313 2675 427 2767 ὥσπερ
455 2679 539 2768 ζῷον
560 2677 595 2749 tr
617 2679 692 2750 ὅλον
712 2687 797 2776 ποιῇ
817 2688 877 2776 τήν
899 2687 1025 2759 οἰκείαν
1045 2692 1174 2785 ἡδονήν.
1206 2707 1272 2768 odd.

115 2803 139 2845 e.
158 2786 188 2859 7,
208 2785 243 2847 3:
272 2776 353 2869 άρχή
381 2777 415 2846 d'
440 2779 531 2851 ἐστὶν
552 2777 574 2849 ὃ
599 2781 680 2852 oded
707 2787 766 2871 μὲν
792 2790 836 2879 μή
863 2789 901 2871 ἐξ
925 2789 1067 2885 άνάγκης
1091 2796 1164 2882 μετ’
1192 2796 1273 2869 doto

114 2878 194 2962 dori,
216 2877 292 2966 μσς)
314 2881 420 2950 ἐκεῖνο
441 2880 472 2949 d'
497 2883 605 2973 ἕτερον
631 2885 777 2976 πέφυκεν
799 2883 885 2958 εἶναι
905 2888 928 2982 ἢ
949 2895 1119 2981 γίνεσθαι·
1140 2903 1272 2994 τελευτή

116 2982 153 3050 dd
177 2980 369 3051 τούναντίον
390 2979 408 3052 ὃ
430 2982 510 3054 αὐτὸ
536 2986 610 3072 μετ’
635 2983 716 3057 dtto
741 2992 887 3082 πέφυκεν
915 2990 999 3065 εἶναι
1021 2995 1045 3090 ἢ
1069 3000 1107 3082 ἐξ
1131 2999 1272 3095 άνάγκης

113 3078 136 3171 ἢ
156 3081 203 3163 ὦς
223 3084 286 3153 ἐπὶ
306 3086 347 3153 τά
368 3087 463 3169 aoid,
484 3090 568 3173 μετὰ
590 3089 627 3158 δὲ
647 3098 745 3159 τοῦτο
766 3090 846 3163 dito
868 3093 975 3167 οὐδέν·
990 3101 1089 3185 μέσον
1111 3107 1149 3173 δὲ
1171 3103 1192 3175 d
1213 3110 1270 3176 καὶ

115 3183 194 3255 αὐτὸ
215 3184 293 3272 μετ’
315 3185 403 3273 ἄλλο,
425 3190 483 3257 καὶ
503 3188 577 3275 μετ’
598 3191 702 3261 ἐκεῖνο
725 3192 841 3283 άνερον.
886 3204 963 3268 llaec
976 3215 1008 3269 ut
1027 3212 1096 3274 setis
1113 3214 1212 3292 plana,
1228 3218 1270 3279 sie

113 3294 200 3356 etism
219 3296 383 3358 certissime
403 3306 486 3359 sunt:
508 3298 559 3360 sed
579 3318 665 3380 quem
685 3301 761 3364 bene
779 3307 955 3371 rectoribus
975 3311 1030 3374 illis
1050 3314 1140 3394 epicis
1158 3330 1269 3383 servata

111 3398 185 3472 sint,
206 3415 313 3477 porum
332 3399 432 3479 liquet
476 3400 553 3462 Srmt
566 3403 657 3477 enim,
678 3405 728 3484 qui
743 3423 780 3467 ne
794 3407 910 3471 [liudem
931 3413 1048 3491 quidem
1064 3426 1093 3479 et
1107 3419 1269 3500 odysseam

111 3499 161 3571 sic,
177 3510 211 3562 ut
226 3518 282 3580 per
295 3510 385 3576 meet,
406 3502 496 3576 liniri,
518 3503 569 3565 sed
585 3514 741 3586 utromque
755 3510 830 3571 ultra
845 3511 955 3574 iustum
970 3518 1060 3579 finem
1073 3522 1195 3599 produci
1211 3541 1268 3602 pu·

112 3610 188 3676 tent3
207 3613 238 3664 et
254 3601 400 3682 Odysseae
418 3613 532 3684 portem
551 3616 744 3685 postremam,
764 3632 781 3673 a
799 3613 900 3687 xxttt
921 3616 996 3693 297,
1018 3621 1140 3683 alienam
1159 3642 1213 3685 nec
1232 3627 1267 3688 cb

111 3705 231 3779 eodem,
259 3705 308 3783 qui
332 3704 444 3785 reliqua
470 3708 548 3783 lecit,
575 3717 661 3788 poeto
680 3716 843 3790 protectum
868 3735 1015 3782 essenon
1041 3725 1210 3804 ambigitur,
1235 3747 1267 3790 en

7 3832 8 3887 p
110 3817 216 3881 rutero,
236 3825 311 3887 quoe
329 3807 366 3869 de
385 3827 457 3888 pace
471 3828 538 3872 eum
556 3812 722 3875 occisorum
741 3835 901 3896 procorum
920 3823 1088 3900 parentibus
1104 3830 1266 3909 composito

7 3912 8 3915 ’
109 3906 212 3983 xxtv,
233 3909 295 3971 413
322 3924 387 3991 sqp.
415 3916 692 3987 commonebam
718 3916 753 3980 ab
778 3939 825 3996 eo,
851 3940 939 4001 quarn
959 3924 1131 3991 Aristoteles
1155 3931 1265 4011 legerit,

110 4007 244 4089 Odyssea
257 4011 386 4073 abluisse
396 4015 529 4077 nonnulli
543 4017 735 4081 crediderunt
766 4020 823 4083 Sed
838 4024 945 4088 borum
961 4030 1080 4108 quidem
1096 4032 1265 4112 opinionem

8 4104 9 4107 ’
112 4111 289 4175 aldtzsclrio
309 4114 379 4177 satis
399 4119 550 4182 refutatum
569 4138 636 4183 esse
658 4121 762 4184 lubens
781 4126 927 4203 concedo,
948 4149 1003 4194 nec
1016 4133 1053 4195 de
1071 4133 1167 4197 Iliadis
1186 4137 1263 4199 iusto

174 4350 200 4415 9)
218 4349 291 4401 Cous.
302 4366 365 4418 quse
373 4353 405 4404 do
414 4354 490 4405 simili
499 4356 602 4422 quodam
611 4357 635 4408 in
645 4372 669 4410 o.
677 4372 703 4425 p.
713 4358 868 4425 indiligentia
877 4365 1014 4431 prudenter
1024 4372 1120 4421 monuit
1131 4370 1161 4423 u.
1171 4370 1264 4439 Εςςοο,

111 4426 215 4487 Histoire
227 4438 259 4488 de
272 4437 298 4489 le
309 4439 414 4506 eridqne
427 4442 489 4492 eben
500 4442 539 4492 les
552 4441 631 4494 Grece
645 4444 736 4510 (Puris.
750 4445 835 4514 1849.)
848 4465 872 4516 p.
887 4450 943 4503 145.
