3276 5144
160 676 272 739 addita:
290 676 482 750 „Ludibrium
495 696 529 739 eo
542 678 703 751 constabat,
720 676 800 758 quod
812 675 980 757 accipiendo
991 676 1142 737 frumento
1154 676 1322 757 praepositi,

160 779 185 840 si
200 780 346 853 Britanni,
368 780 420 860 qul
435 781 617 847 frumentum
633 799 694 842 non
709 780 865 852 baberent,
886 798 940 859 pro
956 799 992 841 eo
1008 780 1162 860 pecuniam
1179 779 1246 840 dare
1263 778 1323 840 vel·

160 880 230 953 lent,
244 902 276 944 ea
290 882 397 944 reiecta
412 882 600 965 pertinaciter
614 884 644 944 in
659 903 693 945 eo
709 882 889 965 perstabant,
899 900 935 943 ex
949 883 1010 962 lege
1026 883 1208 943 frumentum
1224 881 1323 962 ipsunt

160 1003 226 1046 esse
241 985 451 1064 praebendum.
473 986 556 1059 Quod
572 995 606 1048 ut
621 987 740 1049 tandem
755 986 931 1058 efficeretur,
952 985 986 1045 ad
1001 984 1219 1067 desperandum
1234 984 1322 1045 adac-

161 1087 198 1149 tis
214 1087 361 1149 Britannis
381 1088 435 1168 ipsi
458 1108 492 1150 ex
513 1089 626 1151 horreis
647 1090 708 1151 suis
725 1087 904 1161 vendebant,
928 1088 1006 1168 quod
1021 1088 1061 1150 illi
1076 1086 1237 1161 debebant,
1258 1086 1323 1148 irn-

160 1198 304 1265 mentum,
316 1190 408 1252 nimio
420 1191 529 1254 scilieet
541 1192 645 1274 pretio,
661 1198 757 1271 atque,
772 1191 822 1253 ubi
835 1191 1034 1262 vendiderant,
1047 1189 1136 1264 idem,
1153 1189 1232 1271 quod
1244 1206 1324 1250 nunc

160 1295 217 1357 iam
233 1294 270 1354 ab
285 1294 467 1373 emptoribus
482 1294 683 1375 praebebatur,
707 1313 809 1356 rursus
825 1295 990 1356 condebant
1003 1293 1034 1353 in
1048 1292 1163 1364 horrea,
1184 1309 1280 1373 nequo
1295 1291 1323 1353 id

160 1395 224 1457 sine
238 1413 311 1456 nova
327 1397 449 1476 pecunia
466 1394 579 1458 ert'orta
595 1397 713 1477 (pretio)
735 1397 772 1459 ob
790 1397 1009 1476 multiplicatam
1025 1395 1157 1457 videlicet
1171 1399 1323 1474 operam.“

162 1498 203 1559 Do
219 1498 334 1561 ludibrii
348 1518 455 1579 genere
470 1501 571 1580 utique
587 1500 745 1561 assentior:
760 1500 805 1561 ¹de
824 1499 948 1561 lectione
965 1496 1100 1560 assentiri
1115 1515 1176 1559 non
1189 1513 1322 1577 possum.

161 1601 234 1662 Nam
261 1620 299 1663 ne
325 1602 420 1665 dicam
447 1603 483 1663 de
507 1603 644 1664 inusitata
666 1603 745 1664 verbi
769 1601 964 1662 recludere
984 1600 1206 1680 significatione,
1234 1599 1323 1679 quod,

161 1723 253 1786 quum
274 1688 366 1768 soleat
387 1706 423 1766 de
444 1705 601 1786 aperiendo
621 1713 651 1766 et
670 1705 829 1768 reserando
850 1704 919 1775 dici,
946 1720 1026 1765 nunc
1046 1721 1101 1783 pro
1119 1722 1155 1765 eo
1178 1703 1258 1782 quod
1278 1708 1324 1764 est

160 1825 290 1871 rursus
305 1807 499 1870 includere
514 1808 645 1887 accipere
661 1807 805 1878 iubemur,
821 1806 878 1867 boc
893 1806 991 1886 ipsum
1007 1822 1130 1885 prorsus
1146 1801 1322 1877 incredibile,

159 1909 198 1982 id,
215 1912 292 1990 quod
309 1912 434 1972 [tomani
448 1912 625 1973 horreorum
641 1909 779 1992 praelecti
795 1908 948 1982 faciebant,
967 1907 1078 1969 seihcet
1092 1915 1126 1969 ut
1139 1907 1323 1968 frumentum

161 2031 263 2075 rursus
278 2013 309 2074 in
324 2014 436 2075 horreis
455 2014 516 2074 suis
536 2013 711 2086 conderent,
732 2012 761 2072 id
784 2030 863 2073 nunc
884 2029 943 2073 non
960 2012 1027 2084 bos,
1050 2010 1102 2071 sed
1117 2009 1287 2081 Britannos,
1307 2025 1324 2069 a

162 2115 268 2195 quibus
289 2116 474 2177 frumentum
492 2115 687 2195 accipiebant,
713 2114 819 2175 fecisse
839 2114 909 2189 diei,
931 2134 1084 2196 quumque
1105 2114 1188 2193 vulgo
1207 2110 1323 2193 pretio

160 2217 269 2298 aliquid
282 2218 379 2280 lacere
393 2219 418 2279 is
434 2219 554 2288 dicatur,
571 2218 619 2297 qui
636 2218 763 2300 pretium
778 2218 890 2299 accipit,
908 2236 987 2280 nunc
1001 2226 1103 2280 contra
1118 2215 1212 2300 pretio
1227 2215 1324 2293 recluf

160 2320 229 2383 dere
257 2322 441 2383 trumentum
472 2334 524 2381 eo‘s
550 2319 614 2393 dici,
644 2321 692 2400 qui
718 2320 848 2401 pretium
874 2320 1041 2382 recludendi
1067 2322 1129 2383 aliis
1155 2322 1323 2380 numerent.

159 2423 317 2505 Scripsisse
346 2423 479 2485 Tacitum
510 2422 652 2485 arbitror:
694 2425 893 2485 accendere
927 2425 1049 2504 pretia
1085 2422 1323 2503 cogebantur.

158 2525 353 2589 Lenissimam
375 2527 585 2598 mutationem,
612 2524 815 2587 accendere
838 2544 891 2604 pro
917 2528 1107 2600 acludere,
1132 2524 1248 2608 pretia
1270 2541 1324 2604 pro

157 2630 291 2709 pretio,
312 2648 416 2691 omnes
435 2629 623 2691 fatebuntur:
646 2646 701 2689 nec
721 2627 819 2689 minus
834 2627 943 2691 bonam
957 2629 1134 2693 sententiam
1150 2647 1214 2690 esse
1229 2643 1320 2708 agno·

156 2737 248 2804 sceui,
279 2732 330 2812 qui
356 2731 545 2804 meminerint
571 2732 777 2793 accendere
802 2731 920 2813 pretia
950 2731 1028 2794 idern
1054 2752 1119 2794 esse
1144 2751 1179 2793 ac
1203 2733 1325 2812 pretia

116 2864 118 2868 >
156 2853 305 2914 augere,
332 2834 415 2896 euius
439 2832 659 2912 significationis
678 2834 812 2914 exempla
836 2854 852 2896 e
872 2834 1027 2897 Forcellini
1048 2835 1139 2915 copiis
1165 2851 1322 2915 apponam,

161 2937 266 3000 Senec.
283 2936 319 2999 de
335 2936 431 2999 benet.
448 2937 512 3010 Vll,
529 2936 565 2997 9:
590 2936 825 3015 Crystallina,
844 2956 1001 3020 quorum
1021 2936 1192 2999 accendit
1211 2937 1324 3017 fragi-

155 3041 242 3103 litas
258 3040 427 3121 pretium.
472 3039 545 3100 Plin.
562 3038 596 3098 ll.
614 3038 649 3099 N.
666 3038 766 3113 xvttt,
782 3040 832 3115 25,
849 3042 899 3103 60.
944 3041 1077 3104 Nubilo
1094 3056 1225 3102 occasu
1239 3038 1324 3119 plu·

155 3143 293 3205 viosam
314 3142 476 3210 hiemem
498 3141 741 3217 denuntiant,
765 3144 969 3225 statimque
995 3150 1132 3223 augent
1151 3142 1324 3205 lacerna·

155 3264 235 3308 rum
254 3246 390 3326 pretia,
414 3261 547 3307 sereno
568 3263 751 3324 asperam,
778 3252 812 3307 et
837 3247 1064 3327 reliquarum
1085 3244 1245 3307 vestium
1266 3262 1324 3306 ac·

156 3348 326 3410 cendunt.
371 3348 484 3408 Eodem
506 3364 596 3407 sensu
616 3348 703 3411 etiam
725 3348 920 3411 incendere
943 3350 1071 3430 pretium
1091 3356 1120 3408 et
1140 3346 1326 3408 excande-

155 3450 279 3511 laeere
294 3449 413 3510 dicitur:
431 3450 539 3509 scilicet
554 3449 622 3529 quia
637 3450 721 3528 pretii
733 3451 933 3529 magnitudine
945 3456 1095 3531 emptores
1107 3450 1191 3530 quasi
1206 3467 1325 3511 urun-

154 3560 224 3614 tur.
261 3549 440 3631 Populum
461 3549 588 3611 urebat
609 3568 772 3626 annona,
795 3559 840 3613 est
855 3553 933 3632 apud
949 3553 1047 3616 Vellei.
1062 3553 1098 3626 ll,
1118 3552 1168 3613 77.
1185 3569 1325 3613 excan-

156 3653 331 3717 deiacere
350 3669 536 3714 annonam
563 3652 640 3735 apud
662 3652 822 3714 Varronem
842 3654 877 3715 ll.
898 3655 932 3716 R.
949 3655 989 3728 ll,
1011 3655 1047 3728 2,
1076 3655 1123 3715 16.
1169 3653 1218 3715 Sic
1237 3653 1326 3734 igitur

156 3755 304 3819 emendati
323 3755 379 3816 loci
401 3753 547 3815 sententia
567 3755 639 3815 haec
657 3763 719 3815 est:
743 3754 874 3816 Britanni
889 3774 981 3835 quum
999 3757 1184 3818 frumentum
1198 3765 1249 3818 aut
1263 3773 1325 3817 non

156 3857 313 3931 baberent,
333 3865 385 3919 aut
399 3875 514 3918 servare
530 3857 650 3929 vellent,
673 3862 723 3917 aut
746 3857 889 3919 devehere
909 3876 969 3938 quo
992 3858 1063 3919 iussi
1078 3866 1164 3918 erant
1178 3874 1239 3920 non
1253 3877 1324 3938 pos·

156 3969 231 4033 sent,
248 3968 299 4025 aut
314 3961 394 4045 quod
409 3961 550 4022 otlerrent
563 3959 748 4022 trumentum
766 3959 802 4021 ah
817 3959 993 4022 horreorum
1006 3959 1160 4042 praelectis
1176 3977 1239 4021 non
1253 3975 1324 4043 pro·

156 4064 285 4138 baretur,
311 4084 411 4127 emere
438 4070 583 4144 quantum
610 4062 751 4125 deberent
777 4082 813 4124 err
840 4062 947 4125 clausis
969 4063 1172 4125 Romanorum
1199 4063 1333 4137 horreis,

157 4185 308 4247 quumque
323 4167 423 4250 plures
438 4167 474 4228 ad
490 4167 594 4228 eadem
619 4165 724 4226 horrea
744 4166 928 4228 confluerent
947 4166 1174 4249 empturientes,
1197 4165 1326 4229 msidere

157 4269 193 4330 iis
208 4274 238 4329 et
251 4269 388 4333 licitando
404 4271 480 4332 inter
491 4290 523 4332 se
538 4268 697 4333 accendere
712 4268 805 4350 pretia
821 4268 1009 4348 cogebantur.

246 4371 287 4433 lle
303 4373 442 4434 extremis
457 4373 489 4434 in
504 4373 561 4435 boe
580 4372 673 4455 capite
689 4371 798 4433 verbis:
821 4371 955 4443 donee,
978 4371 1073 4451 quod
1096 4370 1269 4434 omnibus
1288 4370 1326 4432 in

157 4480 333 4558 promptu
358 4479 458 4549 erat,
485 4476 614 4558 paucis
634 4477 822 4537 lucrosum
842 4473 972 4549 lieret,
995 4492 1091 4554 nequo
1106 4473 1208 4536 Wexio
1228 4490 1325 4555 neque
