3154 5138
714 362 773 429 ³11

161 556 194 617 in
208 572 279 618 nna
293 573 348 628 re,
362 572 426 616 non
441 552 532 616 modo
546 551 707 617 inauditum
719 569 812 633 genus
826 553 967 634 loquendi
978 553 1111 619 Gioeroni
1123 556 1326 634 obtrudernus,

163 658 214 721 sed
228 657 333 721 ideam
348 656 436 720 etiam
451 656 635 721 sententiam.
660 655 778 719 Falsum
793 664 839 719 est
849 658 938 733 enim,
954 659 1034 740 quod
1044 659 1177 723 lloserus
1191 661 1239 737 ait,
1254 662 1326 725 deos

162 761 320 842 populares
339 759 545 840 maiorumque
562 758 703 823 institutis
722 765 858 839 aoeeptos
872 759 1058 824 Aristotelem
1077 780 1155 837 non,
1174 772 1208 826 ut
1225 764 1326 828 Plato·

163 881 246 938 nera,
264 881 333 926 esse
347 862 503 925 statuisse:
529 860 638 942 quade
651 880 697 935 re,
719 861 859 942 quoniam
873 863 1082 927 amantiorem
1097 865 1326 946 disputationem

163 967 211 1028 bio
223 965 308 1028 lours
322 982 386 1027 non
398 965 484 1045 oepit,
499 965 571 1028 satis
582 972 628 1027 est
638 964 668 1027 d
677 962 754 1026 Zellii
768 950 886 1026 laudare
897 964 1112 1043 dissertionem,
1127 968 1173 1030 ne
1183 968 1325 1032 Aristo-

164 1068 231 1131 tele
250 1067 448 1150 patriarum
469 1067 687 1148 religionum
707 1066 951 1142 aestimatore,
975 1068 1324 1150 Heidelbergaea.1847

162 1172 281 1233 editam.
315 1169 509 1233 Suibendum
530 1178 628 1232 auum
648 1188 714 1232 esse
728 1168 806 1249 apud
821 1167 991 1233 Cioeronem
1010 1189 1081 1234 non
1101 1172 1325 1239 dissentione

161 1272 295 1355 plerique
309 1272 423 1334 dudum
436 1271 650 1347 intellexerunt,
663 1289 759 1353 neque
774 1288 828 1351 ego
843 1289 923 1335 name
935 1273 1043 1336 bloseri
1058 1273 1225 1340 dissensum
1241 1296 1325 1340 eom·

161 1393 392 1450 memorassem,
412 1375 470 1437 m‘si
484 1394 551 1438 eum
572 1374 641 1441 taba
656 1374 711 1437 ista
725 1374 962 1455 interpretatione
976 1376 1019 1439 uti
1033 1376 1159 1440 riderem
1174 1379 1209 1442 ad
1225 1379 1324 1460 impu-

161 1477 311 1559 grandem
331 1475 455 1541 aliorum
475 1477 511 1540 de
534 1475 671 1558 proximo
696 1477 763 1539 loeo
783 1477 968 1540 sententiam.
1009 1479 1096 1553 Quod
1115 1482 1193 1543 enim
1213 1482 1326 1562 quaerit

161 1599 232 1642 mox
255 1578 394 1641 Velleius:
422 1579 483 1642 ubi
508 1579 636 1642 deinde
660 1579 712 1641 illi
739 1579 878 1653 totdei,
905 1579 936 1642 si
962 1598 1189 1647 numeramus
1215 1585 1324 1649 etiam

161 1682 303 1745 Caelum
318 1678 442 1744 deum?
470 1681 534 1744 iuro
547 1680 679 1755 mireris,
695 1689 738 1742 tot
752 1679 817 1743 illos
832 1681 904 1744 deos
920 1682 988 1758 diei,
1004 1685 1088 1764 quasi
1102 1687 1240 1767 permulti
1255 1688 1323 1763 sint,

160 1803 255 1866 quum
274 1790 359 1846 antea
376 1792 491 1865 praeter
507 1781 625 1848 &olum
644 1792 704 1846 tres
723 1790 837 1846 tantum
856 1783 892 1847 ab
911 1785 1065 1849 Aristotele
1090 1788 1237 1869 propositi
1256 1810 1324 1854 esse

160 1888 309 1963 umen,
334 1904 432 1962 mens,
456 1886 586 1950 mundus
611 1895 640 1950 et
659 1885 731 1949 alian
751 1886 869 1967 quidam
895 1887 1008 1951 mundo
1034 1892 1207 1969 praelectus.
1246 1891 1323 1956 Hine

160 1990 294 2071 suspicio
309 1990 453 2063 nascitur,
471 1987 579 2070 siquid
599 1989 630 2050 in
648 1989 704 2050 ista
717 1987 952 2052 Aristoteliorum
967 1989 1090 2054 deorum
1106 2011 1323 2057 commemora·

160 2094 242 2157 tione
261 2090 417 2167 aarum,
441 2090 529 2172 idque
546 2091 734 2155 Heindorfius
753 2091 840 2153 etiam
860 2109 895 2152 eo
921 2092 1071 2172 probabile
1090 2112 1157 2156 esse
1178 2096 1322 2172 iudicavit,

161 2197 243 2278 quod
254 2205 341 2258 anua
347 2193 471 2257 Velleius
478 2193 663 2257 Ammonem
677 2212 694 2257 a
708 2193 840 2268 Platone,
854 2192 903 2274 qni
918 2193 1011 2257 multo
1028 2195 1125 2276 plnres
1140 2196 1212 2260 deos
1227 2206 1321 2261 statu·

161 2300 245 2373 ebat,
264 2316 327 2360 uon
346 2295 502 2359 dissentire
521 2295 650 2358 dixisset
680 2295 756 2358 Hnie
774 2296 862 2375 igitur
875 2295 1008 2359 bloserus
1029 2298 1130 2362 bbam
1146 2298 1233 2363 istum
1252 2319 1320 2364 eor-

159 2410 266 2482 ruptae
293 2398 425 2462 leotionis
450 2397 720 2479 interpretationem
748 2416 901 2479 opponere
928 2418 991 2462 non
1019 2400 1150 2464 debebat
1187 2402 1321 2467 Ceterum

158 2504 296 2585 equidem
309 2503 449 2565 hamanus
464 2509 562 2565 tamen
577 2499 613 2563 ab
627 2499 795 2563 Heindordo
812 2500 969 2577 dissenuo,
991 2510 1098 2566 utnon
1118 2512 1176 2566 tam
1195 2507 1322 2587 popula·

157 2608 241 2670 num
254 2606 392 2680 deorsam
411 2622 498 2685 mam
511 2611 660 2667 astrorum
674 2601 832 2666 divinitatis
846 2603 1026 2668 mentionem
1041 2606 1216 2668 desiderem.
1245 2606 1321 2670 Nam

158 2709 339 2772 divinitatem
358 2706 529 2770 Aristoteles
552 2722 616 2768 uon
638 2704 737 2769 minus
761 2724 849 2787 quam
871 2705 969 2781 Plato,
991 2706 1106 2770 mmai
1130 2725 1192 2770 non
1215 2710 1321 2773 eodem

158 2813 246 2893 plane
259 2810 360 2885 modo,
374 2810 461 2872 astris
476 2805 621 2872 tribuebat
631 2814 639 2853 ¹
650 2810 690 2886 ⁴).
721 2808 883 2889 Populares
897 2819 995 2873 autem
1010 2808 1093 2885 deos,
1107 2810 1215 2885 lovem,
1228 2813 1320 2875 luno-

156 2933 243 2987 nem,
261 2912 434 2985 Uinnium,
452 2911 621 2991 Neptunum
633 2920 805 2992 oeterosque
819 2911 926 2974 borum
941 2911 1050 2975 similes
1069 2930 1136 2975 oum
1151 2913 1227 2977 Caeli
1245 2914 1320 2978 divi-

156 3018 250 3081 nitate
260 3013 408 3079 ooneiliari
418 3013 497 3077 baud
507 3031 593 3094 aegre
603 3012 739 3093 potuisse
748 3020 881 3094 apparet:
897 3014 984 3077 astris
995 3032 1064 3076 vero
1076 3016 1125 3097 qui
1141 3015 1320 3083 divinitatem

157 3117 317 3192 tribuebat,
336 3135 427 3198 gnum
441 3123 519 3180 astra
534 3116 564 3179 in
580 3114 658 3178 caelo
672 3123 786 3190 essent,
805 3116 894 3180 deum
908 3117 1031 3180 deomm
1046 3118 1147 3182 sedem
1162 3121 1256 3184 taoero
1274 3122 1319 3185 vi·

156 3222 296 3295 debatur,
320 3219 350 3282 id
369 3218 449 3300 quod
471 3218 507 3282 ab
526 3218 711 3294 adversariis,
731 3218 831 3299 quales
849 3219 966 3301 quidem
985 3220 1123 3301 Epicurei
1141 3231 1236 3297 erant,
1260 3225 1319 3305 qui,

156 3322 409 3406 quemadmodum
425 3320 553 3403 qtddque
567 3320 722 3396 diceretur,
737 3338 799 3384 non
813 3339 992 3403 magnopere
1002 3322 1188 3387 attendebant
1198 3332 1206 3370 ¹
1218 3330 1258 3404 ³),
1275 3328 1318 3390 ta-

157 3427 212 3490 oile
230 3422 321 3506 arripi
338 3432 454 3506 poterat
469 3424 508 3488 ad
526 3424 603 3487 illam
624 3424 799 3487 sententiani
823 3423 1013 3488 irridendam:
1039 3444 1133 3508 eoque
1151 3426 1223 3491 mihi
1246 3429 1320 3493 beee

157 3527 255 3591 velleii
269 3526 459 3607 interrogatio
474 3526 619 3608 pertinere
632 3525 754 3590 ridetur.

242 3629 312 3711 Cap.
328 3628 406 3704 xlv,
421 3628 477 3692 36:
497 3628 609 3709 Atque
623 3629 681 3692 bio
694 3629 786 3692 idem
801 3630 872 3692 alio
888 3629 969 3693 loeo
985 3630 1128 3694 aethera
1148 3631 1248 3695 deum
1264 3633 1319 3696 di·

156 3734 219 3797 eit:
248 3732 279 3795 si
303 3729 460 3812 intelligi
485 3739 607 3811 potest
630 3731 720 3794 nibil
744 3733 906 3795 sentiens
929 3733 1018 3796 deus
1041 3743 1095 3797 eto.
1134 3733 1204 3796 Sine
1232 3754 1319 3801 nausa

155 3835 357 3909 Heindorllus,
370 3832 505 3897 dubitans
520 3852 588 3897 eum
603 3834 719 3897 Davisio
734 3834 770 3897 de
784 3833 917 3898 leotionis
930 3835 1057 3908 veritate,
1073 3856 1108 3899 ex
1124 3837 1224 3901 eodioe
1237 3839 1318 3903 lieb-

156 3939 309 4019 digerano‚
325 3955 454 4018 quouun
465 3937 615 4018 oonspirat
626 3938 687 4000 lere
699 3936 908 4017 Glogariensis,
924 3939 1072 4021 reposuit:
1088 3939 1149 4002 sed
1162 3940 1318 4023 intelligi

156 4040 216 4123 qui
231 4048 353 4122 potest
364 4073 417 4101 -.
443 4039 624 4103 Correotoris
634 4047 681 4102 est
694 4040 767 4103 haee
777 4040 911 4122 scriptio,
926 4042 1130 4106 conditionalis
1141 4043 1317 4106 ermetano-

226 4278 268 4345 14)
286 4278 325 4331 Cl.
337 4276 506 4333 Trendelenb.
517 4283 557 4334 ad.
570 4282 616 4337 Ar.
628 4283 751 4335 demina
762 4299 786 4351 p.
800 4282 859 4335 sta.

226 4366 267 4431 lb)
285 4364 341 4416 lloe
351 4365 521 4433 exprobratur
532 4367 589 4420 lisa
602 4368 678 4421 balbo
690 4366 721 4431 tt,
733 4368 775 4434 29,
785 4368 827 4419 ¹1³.
