3222 5148
299 1154 613 1346 Quttsuobbtt
660 1229 1059 1327 Gttbbttttttttbt
1107 1228 1251 1323 CAPUT
1290 1232 1338 1323 tl.
1398 1231 1459 1323 llll

299 1376 578 1472 Ptttttuttu
610 1372 697 1482 Qllll
731 1368 1089 1468 stoutututuolu
1121 1372 1167 1461 IN
1190 1369 1459 1465 COMPOSlle

300 1608 501 1705 Posteaquam
516 1623 612 1705 primo
626 1621 732 1684 barum
745 1617 949 1699 quaestionum
961 1617 1054 1697 capite
1065 1615 1223 1697 particulae
1236 1634 1305 1698 que
1316 1616 1459 1697 originem

298 1726 602 1808 significationemque
616 1723 773 1805 genuinam
788 1721 1067 1791 demonstravimus,
1087 1726 1117 1781 et
1132 1737 1192 1799 quo
1205 1720 1296 1781 modo
1310 1738 1345 1782 ea
1359 1738 1395 1781 ex
1408 1738 1459 1781 re-

298 1830 383 1893 lativa
401 1830 434 1891 in
448 1827 643 1912 copulativam
664 1826 743 1888 abire
761 1823 890 1905 potuerit
903 1823 1120 1902 explicavimus,
1142 1823 1277 1903 sequitur
1290 1823 1359 1895 iam,
1374 1829 1408 1883 ut
1421 1822 1460 1883 de

298 1933 362 1995 eius
383 1949 442 1993 usu
461 1931 492 1992 iu
512 1927 725 2011 compositione
744 1944 814 1990 enm
834 1925 897 1988 aliis
911 1924 1057 1987 vocabulis
1071 1924 1282 2007 disputandum
1296 1924 1344 1997 sit,
1368 1941 1457 2002 quem

299 2033 418 2113 quidem
440 2050 560 2094 omnem
581 2032 618 2095 ad
638 2031 693 2093 tria
709 2047 814 2110 genera
833 2045 970 2091 rovocare
984 2026 1159 2113 poterimus,
1179 2034 1297 2107 utque
1312 2033 1460 2088 autmere

298 2134 497 2217 copulativam
511 2134 560 2209 sit,
576 2140 627 2196 aut
639 2133 793 2196 relativum
807 2138 897 2211 atque
911 2130 1154 2210 comparativum,
1169 2136 1220 2191 aut
1230 2129 1359 2210 denique
1372 2128 1458 2191 inde-

298 2236 428 2299 finitum.
581 2250 585 2257 ·

383 2337 633 2420 Frequentissima
659 2335 793 2398 omnium
820 2334 995 2414 compositio
1015 2341 1061 2396 est
1080 2350 1148 2396 cum
1168 2335 1386 2415 praepositione
1405 2334 1459 2411 ud3

298 2458 368 2504 nam
384 2447 512 2522 atque,
540 2439 618 2519 quod
640 2439 725 2518 vulgo
745 2437 832 2500 scribi
852 2438 938 2511 solet,
964 2437 1037 2499 nibil
1055 2436 1133 2499 aliud
1154 2455 1220 2499 esse
1241 2455 1329 2518 quam
1344 2437 1460 2518 adque

298 2544 387 2606 hodie
402 2543 523 2625 quidem
538 2559 576 2603 ne
591 2540 720 2622 puerulis
732 2539 851 2621 quidem
864 2538 998 2619 ignotum
1010 2546 1065 2614 est,
1080 2556 1136 2601 nee
1145 2540 1254 2605 desunt
1267 2540 1360 2602 multa
1370 2540 1460 2603 buius

299 2662 419 2727 quoque
445 2646 607 2725 scripturae
627 2643 673 2705 vel
698 2643 730 2704 in
755 2642 905 2705 codicibus
924 2641 970 2702 vel
995 2642 1026 2701 in
1051 2640 1291 2721 inscriptionibus
1316 2642 1459 2722 exempla.

298 2747 377 2810 Usus
392 2755 491 2810 autem
505 2746 593 2808 huius
608 2754 719 2827 atque
733 2765 761 2807 v.
777 2745 898 2825 adque
909 2743 1016 2823 duplex
1027 2749 1081 2805 est.
1106 2743 1284 2824 Plerumque
1295 2745 1375 2807 enim
1391 2764 1460 2826 que

299 2851 358 2912 vim
373 2849 462 2912 babet
476 2865 559 2910 mere
574 2847 776 2928 copulativam,
800 2864 952 2927 quumque
967 2846 1022 2920 ad,
1042 2845 1119 2907 sicut
1137 2854 1251 2909 ceterae
1265 2848 1460 2928 praepositio-

299 2969 364 3026 nes,
379 2951 497 3031 proprie
511 2950 680 3013 adverbium
697 2950 779 3029 sit¹),
794 2950 918 3028 ideoque
933 2948 1023 3009 etiam
1037 2964 1098 3010 non
1112 2949 1211 3011 addito
1226 2951 1324 3031 aliquo
1338 2950 1460 3012 nomine

300 3053 399 3116 solum
415 3051 606 3132 sicusurpari
621 3052 721 3132 pessit,
736 3060 780 3125 ut,
795 3070 855 3132 quo
866 3051 1056 3113 referendum
1071 3052 1117 3121 sit
1131 3053 1297 3125 reticeatur,
1312 3060 1414 3134 utpote
1428 3053 1460 3114 in

300 3156 443 3235 cuiusque
466 3153 608 3216 orationis
629 3141 768 3215 conteitu
788 3153 873 3216 facile
891 3153 1180 3233 subintelligendum,
1202 3154 1353 3235 valeatque
1371 3155 1461 3233 igitur

299 3259 341 3320 ad
362 3257 458 3330 idem,
478 3257 558 3336 quod
574 3261 712 3317 nostrum
728 3255 834 3331 daau,
856 3257 904 3318 lat.
920 3257 1085 3338 insuper,
1105 3264 1312 3339 praeterea,
1332 3257 1460 3321 manile·

302 3366 383 3421 stum
396 3363 442 3419 est
456 3364 565 3437 atque
577 3356 783 3420 eodemsensu
795 3376 854 3438 quo
868 3359 1105 3439 insuperque,
1120 3367 1384 3440 praetereaque
1397 3360 1460 3421 die-

239 3539 243 3547 ,
299 3468 365 3523 tum
380 3478 454 3522 esse.
486 3459 544 3520 Sed
559 3458 707 3539 frequenti
721 3448 778 3522 usu
792 3461 865 3522 haec
879 3459 1052 3540 significatio
1066 3463 1105 3524 ita
1116 3463 1262 3525 debilitata
1274 3472 1328 3535 est,
1343 3469 1378 3525 ut
1388 3462 1461 3524 nibil
1568 3526 1581 3553 ο

300 3563 425 3643 amplius
445 3580 534 3643 quam
556 3563 681 3643 simplex
696 3562 807 3644 copula
833 3571 870 3626 et
890 3564 935 3627 vel
956 3584 1023 3646 que
1043 3566 1161 3639 valeret,
1187 3573 1217 3627 et
1230 3566 1326 3627 forma
1342 3583 1460 3646 quoque

302 3664 464 3738 decurtata,
481 3672 515 3727 ut
529 3664 615 3727 tieret
629 3684 677 3728 ac.

279 3842 287 3853 ·
385 3768 466 3830 Alter
476 3774 576 3830 autem
591 3786 663 3830 usus
678 3776 723 3830 est
737 3769 769 3830 in
783 3769 1010 3851 comparatione,
1030 3768 1080 3830 ubi
1097 3787 1164 3850 que
1178 3786 1239 3831 non
1253 3769 1393 3850 simplicis
1407 3788 1461 3832 co·

300 3870 386 3951 pulae
401 3886 524 3931 munere
539 3869 681 3949 iungitur,
696 3870 748 3933 sed
761 3873 908 3954 propriam
920 3890 1005 3934 suam
1018 3890 1051 3934 ac
1065 3872 1222 3953 perusinam
1240 3871 1300 3933 vim
1310 3873 1460 3933 relativam

302 3978 428 4042 exercet
442 3970 485 4032 ad
501 3977 600 4033 summ
613 3971 671 4033 iam
682 3989 745 4034 non
756 3973 936 4043 adverbium,
952 3974 1003 4037 sed
1016 3974 1193 4055 praepositio
1203 3975 1302 4054 potius
1310 3974 1463 4037 dicidebet

302 4073 338 4135 ad
359 4072 516 4153 illudque
537 4072 619 4151 quasi
638 4073 674 4136 ad
691 4093 791 4137 casum
809 4077 969 4156 pertinens.
999 4075 1111 4148 Quodsi
1130 4094 1199 4139 eum
1218 4076 1376 4139 Corssenio
1391 4094 1462 4156 que

305 4206 505 4218 ..ι-...ιιι-

374 4288 396 4352 1)
415 4289 543 4341 Aduerbir
565 4290 656 4345 localis
676 4298 879 4362 praepositiones
899 4299 975 4352 etism
995 4296 1144 4351 averrere
1164 4297 1248 4348 dictas
1264 4310 1321 4348 esee
1337 4303 1464 4349 memorat

302 4372 363 4427 Ter.
376 4372 465 4425 Scaur.
478 4374 509 4425 de
521 4378 634 4443 ortbogr.
647 4395 670 4447 p.
684 4380 750 4435 2262
763 4383 790 4435 P.
