<?xml version="1.0" encoding="UTF-8"?>
<!DOCTYPE html PUBLIC "-//W3C//DTD XHTML 1.0 Transitional//EN"
    "http://www.w3.org/TR/xhtml1/DTD/xhtml1-transitional.dtd">
<html xmlns="http://www.w3.org/1999/xhtml" xml:lang="en" lang="en">
 <head>
  <title>
</title>
<meta http-equiv="Content-Type" content="text/html;charset=utf-8" />
  <meta name='ocr-system' content='tesseract 3.04.00' />
  <meta name='ocr-capabilities' content='ocr_page ocr_carea ocr_par ocr_line ocrx_word'/>
</head>
<body>
  <div class='ocr_page' id='page_1' title='image "./opusculaacademi00schogoog_0537.png"; bbox 0 0 3290 5142; ppageno 0'>
   <div class='ocr_carea' id='block_1_1' title="bbox 895 483 935 547">
    <p class='ocr_par' dir='ltr' id='par_1_1' title="bbox 895 483 935 547">
     <span class='ocr_line' id='line_1_1' title="bbox 895 483 935 547; baseline 0.05 -2"><span class='ocrx_word' id='word_1_1' title='bbox 895 483 935 547; x_wconf 83' lang='lat'><strong>18</strong></span> 
     </span>
    </p>
   </div>
   <div class='ocr_carea' id='block_1_2' title="bbox 329 654 1496 1066">
    <p class='ocr_par' dir='ltr' id='par_1_2' title="bbox 329 654 1496 1066">
     <span class='ocr_line' id='line_1_2' title="bbox 330 654 1496 755; baseline 0.002 -19"><span class='ocrx_word' id='word_1_2' title='bbox 330 672 486 755; x_wconf 76' lang='lat' dir='ltr'><strong>generibus</strong></span> <span class='ocrx_word' id='word_1_3' title='bbox 500 690 518 734; x_wconf 87' lang='lat' dir='ltr'><strong>e</strong></span> <span class='ocrx_word' id='word_1_4' title='bbox 531 671 611 734; x_wconf 92' lang='lat' dir='ltr'><strong>bono</strong></span> <span class='ocrx_word' id='word_1_5' title='bbox 634 671 670 735; x_wconf 88' lang='lat' dir='ltr'><strong>ed</strong></span> <span class='ocrx_word' id='word_1_6' title='bbox 692 671 806 735; x_wconf 86' lang='lat' dir='ltr'><strong>melum</strong></span> <span class='ocrx_word' id='word_1_7' title='bbox 825 654 977 735; x_wconf 77' lang='lat' dir='ltr'><strong>conversio</strong></span> <span class='ocrx_word' id='word_1_8' title='bbox 997 672 1050 747; x_wconf 90' lang='lat' dir='ltr'><strong>sit,</strong></span> <span class='ocrx_word' id='word_1_9' title='bbox 1070 679 1105 735; x_wconf 89' lang='lat' dir='ltr'><strong>nt</strong></span> <span class='ocrx_word' id='word_1_10' title='bbox 1125 692 1160 736; x_wconf 89' lang='lat' dir='ltr'><strong>ex</strong></span> <span class='ocrx_word' id='word_1_11' title='bbox 1180 691 1271 755; x_wconf 78' lang='lat' dir='ltr'><strong>regno</strong></span> <span class='ocrx_word' id='word_1_12' title='bbox 1289 675 1436 755; x_wconf 64' lang='lat' dir='ltr'><strong>mannis,</strong></span> <span class='ocrx_word' id='word_1_13' title='bbox 1458 694 1496 738; x_wconf 90' lang='lat' dir='ltr'><strong>ex</strong></span> 
     </span>
     <span class='ocr_line' id='line_1_3' title="bbox 330 775 1496 856; baseline 0.001 -17"><span class='ocrx_word' id='word_1_14' title='bbox 330 776 511 839; x_wconf 78' lang='lat' dir='ltr'><strong>aristocratia</strong></span> <span class='ocrx_word' id='word_1_15' title='bbox 526 775 692 856; x_wconf 81' lang='lat' dir='ltr'><strong>oligsrcbie,</strong></span> <span class='ocrx_word' id='word_1_16' title='bbox 708 796 725 838; x_wconf 89' lang='lat' dir='ltr'><strong>e</strong></span> <span class='ocrx_word' id='word_1_17' title='bbox 743 776 922 839; x_wconf 88' lang='lat' dir='ltr'><strong>democmtie</strong></span> <span class='ocrx_word' id='word_1_18' title='bbox 937 775 1113 840; x_wconf 84' lang='lat' dir='ltr'><strong>ochlocretie</strong></span> <span class='ocrx_word' id='word_1_19' title='bbox 1128 776 1241 851; x_wconf 83' lang='lat' dir='ltr'><strong>evadat,</strong></span> <span class='ocrx_word' id='word_1_20' title='bbox 1271 776 1353 839; x_wconf 86' lang='lat' dir='ltr'><strong>Hane</strong></span> <span class='ocrx_word' id='word_1_21' title='bbox 1370 777 1409 840; x_wconf 94' lang='lat' dir='ltr'><strong>ob</strong></span> <span class='ocrx_word' id='word_1_22' title='bbox 1424 795 1496 840; x_wconf 90' lang='lat' dir='ltr'><strong>cau·</strong></span> 
     </span>
     <span class='ocr_line' id='line_1_4' title="bbox 330 865 1496 960; baseline 0 -19"><span class='ocrx_word' id='word_1_23' title='bbox 330 895 394 941; x_wconf 87' lang='lat' dir='ltr'><strong>sem</strong></span> <span class='ocrx_word' id='word_1_24' title='bbox 408 878 508 941; x_wconf 77' lang='lat' dir='ltr'><strong>nudet</strong></span> <span class='ocrx_word' id='word_1_25' title='bbox 521 878 702 959; x_wconf 76' lang='lat' dir='ltr'>Lycurgum,</span> <span class='ocrx_word' id='word_1_26' title='bbox 727 879 779 959; x_wconf 92' lang='lat' dir='ltr'><strong>qui</strong></span> <span class='ocrx_word' id='word_1_27' title='bbox 798 897 892 960; x_wconf 91' lang='lat' dir='ltr'><strong>quum</strong></span> <span class='ocrx_word' id='word_1_28' title='bbox 907 877 1098 941; x_wconf 80' lang='lat' dir='ltr'><strong>intellexisset</strong></span> <span class='ocrx_word' id='word_1_29' title='bbox 1119 870 1174 941; x_wconf 79' lang='grc' dir='ltr'><strong>ὅτι</strong></span> <span class='ocrx_word' id='word_1_30' title='bbox 1195 879 1264 941; x_wconf 84' lang='grc' dir='ltr'><strong>πᾶν</strong></span> <span class='ocrx_word' id='word_1_31' title='bbox 1285 865 1374 952; x_wconf 80' lang='grc' dir='ltr'><em>εἶδος</em></span> <span class='ocrx_word' id='word_1_32' title='bbox 1393 877 1496 941; x_wconf 81' lang='grc' dir='ltr'><strong><em>πολι-</em></strong></span> 
     </span>
     <span class='ocr_line' id='line_1_5' title="bbox 329 973 1496 1066; baseline 0.002 -24"><span class='ocrx_word' id='word_1_33' title='bbox 329 980 418 1056; x_wconf 78' lang='grc' dir='ltr'><strong><em>τείας</em></strong></span> <span class='ocrx_word' id='word_1_34' title='bbox 450 973 577 1043; x_wconf 73' lang='grc' dir='ltr'><strong><em>ἁπλοῦν</em></strong></span> <span class='ocrx_word' id='word_1_35' title='bbox 608 975 665 1042; x_wconf 80' lang='grc' dir='ltr'><strong>καὶ</strong></span> <span class='ocrx_word' id='word_1_36' title='bbox 695 976 780 1044; x_wconf 73' lang='grc' dir='ltr'><strong><em>κατὰ</em></strong></span> <span class='ocrx_word' id='word_1_37' title='bbox 820 981 899 1061; x_wconf 91' lang='grc' dir='ltr'><strong><em>μίαν</em></strong></span> <span class='ocrx_word' id='word_1_38' title='bbox 925 975 1118 1065; x_wconf 79' lang='grc' dir='ltr'><strong><em>συνεστηκὸς</em></strong></span> <span class='ocrx_word' id='word_1_39' title='bbox 1145 974 1284 1062; x_wconf 79' lang='grc' dir='ltr'><strong><em>δύναμιν</em></strong></span> <span class='ocrx_word' id='word_1_40' title='bbox 1309 974 1496 1066; x_wconf 70' lang='grc' dir='ltr'><strong><em>ἐπισφαλὲς</em></strong></span> 
     </span>
    </p>
   </div>
   <div class='ocr_carea' id='block_1_3' title="bbox 277 1074 1498 4240">
    <p class='ocr_par' dir='ltr' id='par_1_3' title="bbox 277 1074 1498 4240">
     <span class='ocr_line' id='line_1_6' title="bbox 330 1074 1494 1166; baseline -0.003 -17"><span class='ocrx_word' id='word_1_41' title='bbox 330 1085 473 1164; x_wconf 71' lang='grc' dir='ltr'><strong><em>γίγνεται</em></strong></span> <span class='ocrx_word' id='word_1_42' title='bbox 496 1076 554 1145; x_wconf 81' lang='lat' dir='ltr'><strong>deci</strong></span> <span class='ocrx_word' id='word_1_43' title='bbox 574 1076 614 1144; x_wconf 80' lang='grc' dir='ltr'><strong>τὸ</strong></span> <span class='ocrx_word' id='word_1_44' title='bbox 635 1075 759 1159; x_wconf 76' lang='grc' dir='ltr'><strong><em>ταχέως</em></strong></span> <span class='ocrx_word' id='word_1_45' title='bbox 781 1074 829 1158; x_wconf 76' lang='grc' dir='ltr'><strong>εἷς</strong></span> <span class='ocrx_word' id='word_1_46' title='bbox 852 1076 911 1166; x_wconf 77' lang='grc' dir='ltr'><strong>τήν</strong></span> <span class='ocrx_word' id='word_1_47' title='bbox 938 1075 1061 1146; x_wconf 79' lang='grc' dir='ltr'><strong><em>οἰκείαν</em></strong></span> <span class='ocrx_word' id='word_1_48' title='bbox 1087 1078 1144 1145; x_wconf 82' lang='grc' dir='ltr'><strong>καὶ</strong></span> <span class='ocrx_word' id='word_1_49' title='bbox 1171 1077 1272 1166; x_wconf 81' lang='grc' dir='ltr'><em>φύσει</em></span> <span class='ocrx_word' id='word_1_50' title='bbox 1299 1077 1494 1166; x_wconf 75' lang='grc' dir='ltr'><strong><em>παρεπομέ-</em></strong></span> 
     </span>
     <span class='ocr_line' id='line_1_7' title="bbox 328 1176 1496 1270; baseline 0.003 -25"><span class='ocrx_word' id='word_1_51' title='bbox 328 1205 385 1268; x_wconf 82' lang='grc' dir='ltr'><strong>νην</strong></span> <span class='ocrx_word' id='word_1_52' title='bbox 406 1177 631 1265; x_wconf 71' lang='grc' dir='ltr'><strong><em>ἐκτρέπεσθαι</em></strong></span> <span class='ocrx_word' id='word_1_53' title='bbox 651 1185 776 1259; x_wconf 80' lang='grc' dir='ltr'><strong><em>κακίαν,</em></strong></span> <span class='ocrx_word' id='word_1_54' title='bbox 800 1219 841 1230; x_wconf 92' lang='grc'><strong>-</strong></span> <span class='ocrx_word' id='word_1_55' title='bbox 862 1176 922 1264; x_wconf 71' lang='grc' dir='ltr'><strong>οὐχ</strong></span> <span class='ocrx_word' id='word_1_56' title='bbox 944 1176 1054 1267; x_wconf 76' lang='grc' dir='ltr'><em>ἁπλῆν</em></span> <span class='ocrx_word' id='word_1_57' title='bbox 1076 1177 1155 1247; x_wconf 77' lang='grc' dir='ltr'><strong>οὐδὲ</strong></span> <span class='ocrx_word' id='word_1_58' title='bbox 1167 1182 1325 1268; x_wconf 79' lang='grc' dir='ltr'><em>μονοειδῆ</em></span> <span class='ocrx_word' id='word_1_59' title='bbox 1339 1179 1496 1270; x_wconf 73' lang='grc' dir='ltr'><strong><em>συνεστή-</em></strong></span> 
     </span>
     <span class='ocr_line' id='line_1_8' title="bbox 328 1279 1498 1371; baseline 0 -21"><span class='ocrx_word' id='word_1_60' title='bbox 328 1305 411 1350; x_wconf 80' lang='grc' dir='ltr'><strong><em>σατο</em></strong></span> <span class='ocrx_word' id='word_1_61' title='bbox 431 1283 490 1371; x_wconf 72' lang='grc' dir='ltr'><strong>τὴν</strong></span> <span class='ocrx_word' id='word_1_62' title='bbox 512 1284 695 1366; x_wconf 78' lang='grc' dir='ltr'><strong><em>πολιτείαν,</em></strong></span> <span class='ocrx_word' id='word_1_63' title='bbox 718 1279 802 1350; x_wconf 76' lang='grc' dir='ltr'><em>ἀλλὰ</em></span> <span class='ocrx_word' id='word_1_64' title='bbox 824 1285 937 1362; x_wconf 81' lang='grc' dir='ltr'><strong><em>πάσας</em></strong></span> <span class='ocrx_word' id='word_1_65' title='bbox 959 1280 1046 1367; x_wconf 79' lang='grc' dir='ltr'><strong>ὁμοῦ</strong></span> <span class='ocrx_word' id='word_1_66' title='bbox 1067 1282 1268 1371; x_wconf 69' lang='grc' dir='ltr'><strong><em>σινήθροιζα</em></strong></span> <span class='ocrx_word' id='word_1_67' title='bbox 1288 1282 1350 1363; x_wconf 74' lang='grc' dir='ltr'><strong>τὰς</strong></span> <span class='ocrx_word' id='word_1_68' title='bbox 1377 1280 1498 1369; x_wconf 51' lang='grc' dir='ltr'><strong>(ἐρατᾶςδ</strong></span> 
     </span>
     <span class='ocr_line' id='line_1_9' title="bbox 327 1380 1494 1472; baseline 0.002 -20"><span class='ocrx_word' id='word_1_69' title='bbox 327 1385 382 1452; x_wconf 83' lang='grc' dir='ltr'><strong>καὶ</strong></span> <span class='ocrx_word' id='word_1_70' title='bbox 411 1384 470 1463; x_wconf 78' lang='grc' dir='ltr'><strong>τὰς</strong></span> <span class='ocrx_word' id='word_1_71' title='bbox 498 1381 671 1472; x_wconf 78' lang='grc' dir='ltr'><strong><em>ἰδιότητας</em></strong></span> <span class='ocrx_word' id='word_1_72' title='bbox 696 1389 764 1451; x_wconf 74' lang='grc' dir='ltr'><strong><em>ταῖν</em></strong></span> <span class='ocrx_word' id='word_1_73' title='bbox 792 1380 933 1472; x_wconf 80' lang='grc' dir='ltr'><strong><em>α’ρίστων</em></strong></span> <span class='ocrx_word' id='word_1_74' title='bbox 960 1386 1024 1452; x_wconf 82' lang='grc' dir='ltr'><strong>τῶν</strong></span> <span class='ocrx_word' id='word_1_75' title='bbox 1052 1382 1380 1470; x_wconf 56' lang='grc' dir='ltr'><strong>πολιτευμάτωνίί),</strong></span> <span class='ocrx_word' id='word_1_76' title='bbox 1406 1390 1494 1472; x_wconf 87' lang='lat' dir='ltr'><strong>idque</strong></span> 
     </span>
     <span class='ocr_line' id='line_1_10' title="bbox 327 1491 1494 1574; baseline 0 -20"><span class='ocrx_word' id='word_1_77' title='bbox 327 1492 464 1573; x_wconf 80' lang='lat' dir='ltr'><strong>deinceps</strong></span> <span class='ocrx_word' id='word_1_78' title='bbox 481 1492 650 1573; x_wconf 72' lang='lat' dir='ltr'><strong>singulatim</strong></span> <span class='ocrx_word' id='word_1_79' title='bbox 665 1492 870 1573; x_wconf 86' lang='lat' dir='ltr'><strong>persequitur,</strong></span> <span class='ocrx_word' id='word_1_80' title='bbox 889 1491 920 1554; x_wconf 93' lang='lat' dir='ltr'><strong>in</strong></span> <span class='ocrx_word' id='word_1_81' title='bbox 942 1510 1000 1573; x_wconf 88' lang='lat' dir='ltr'><strong>qna</strong></span> <span class='ocrx_word' id='word_1_82' title='bbox 1014 1492 1211 1572; x_wconf 77' lang='lat' dir='ltr'><strong>disputatione</strong></span> <span class='ocrx_word' id='word_1_83' title='bbox 1232 1509 1322 1572; x_wconf 89' lang='lat' dir='ltr'><strong>quem</strong></span> <span class='ocrx_word' id='word_1_84' title='bbox 1341 1500 1420 1557; x_wconf 87' lang='lat' dir='ltr'><strong>recte</strong></span> <span class='ocrx_word' id='word_1_85' title='bbox 1435 1493 1494 1574; x_wconf 76' lang='lat' dir='ltr'><strong>Ly-</strong></span> 
     </span>
     <span class='ocr_line' id='line_1_11' title="bbox 327 1594 1493 1676; baseline 0 -18"><span class='ocrx_word' id='word_1_86' title='bbox 327 1595 411 1676; x_wconf 76' lang='lat' dir='ltr'><strong>curgi</strong></span> <span class='ocrx_word' id='word_1_87' title='bbox 426 1595 669 1657; x_wconf 88' lang='lat' dir='ltr'><strong>constitutionem</strong></span> <span class='ocrx_word' id='word_1_88' title='bbox 683 1595 726 1656; x_wconf 92' lang='lat' dir='ltr'><strong>rei</strong></span> <span class='ocrx_word' id='word_1_89' title='bbox 739 1594 873 1675; x_wconf 85' lang='lat' dir='ltr'><strong>publicae</strong></span> <span class='ocrx_word' id='word_1_90' title='bbox 886 1594 1082 1658; x_wconf 77' lang='lat' dir='ltr'><strong>aestimaverit</strong></span> <span class='ocrx_word' id='word_1_91' title='bbox 1097 1613 1238 1674; x_wconf 81' lang='lat' dir='ltr'><strong>quaerere</strong></span> <span class='ocrx_word' id='word_1_92' title='bbox 1252 1595 1389 1657; x_wconf 89' lang='lat' dir='ltr'><strong>hocloco</strong></span> <span class='ocrx_word' id='word_1_93' title='bbox 1405 1596 1493 1659; x_wconf 87' lang='lat' dir='ltr'><strong>nolu-</strong></span> 
     </span>
     <span class='ocr_line' id='line_1_12' title="bbox 326 1695 1494 1780; baseline 0.002 -21"><span class='ocrx_word' id='word_1_94' title='bbox 326 1715 406 1759; x_wconf 85' lang='lat' dir='ltr'><strong>mus.</strong></span> <span class='ocrx_word' id='word_1_95' title='bbox 434 1696 493 1759; x_wconf 86' lang='lat' dir='ltr'><strong>Sed</strong></span> <span class='ocrx_word' id='word_1_96' title='bbox 514 1696 573 1766; x_wconf 92' lang='lat' dir='ltr'><strong>his,</strong></span> <span class='ocrx_word' id='word_1_97' title='bbox 596 1714 671 1777; x_wconf 89' lang='lat' dir='ltr'><strong>quae</strong></span> <span class='ocrx_word' id='word_1_98' title='bbox 691 1714 727 1758; x_wconf 91' lang='lat' dir='ltr'><strong>ex</strong></span> <span class='ocrx_word' id='word_1_99' title='bbox 747 1695 868 1777; x_wconf 79' lang='lat' dir='ltr'><strong>Polybio</strong></span> <span class='ocrx_word' id='word_1_100' title='bbox 888 1696 1059 1770; x_wconf 84' lang='lat' dir='ltr'><strong>retulimus,</strong></span> <span class='ocrx_word' id='word_1_101' title='bbox 1085 1697 1308 1777; x_wconf 78' lang='lat' dir='ltr'><strong>plano-gemine</strong></span> <span class='ocrx_word' id='word_1_102' title='bbox 1327 1705 1398 1760; x_wconf 90' lang='lat' dir='ltr'><strong>sunt</strong></span> <span class='ocrx_word' id='word_1_103' title='bbox 1418 1716 1494 1780; x_wconf 84' lang='lat' dir='ltr'><strong>quee</strong></span> 
     </span>
     <span class='ocr_line' id='line_1_13' title="bbox 326 1798 1494 1881; baseline 0.002 -20"><span class='ocrx_word' id='word_1_104' title='bbox 326 1799 404 1881; x_wconf 86' lang='lat' dir='ltr'><strong>apud</strong></span> <span class='ocrx_word' id='word_1_105' title='bbox 417 1799 588 1862; x_wconf 78' lang='lat' dir='ltr'><strong>Ciceronem</strong></span> <span class='ocrx_word' id='word_1_106' title='bbox 602 1799 750 1879; x_wconf 79' lang='lat' dir='ltr'><strong>leguntur,</strong></span> <span class='ocrx_word' id='word_1_107' title='bbox 765 1799 816 1860; x_wconf 91' lang='lat' dir='ltr'><strong>ubi</strong></span> <span class='ocrx_word' id='word_1_108' title='bbox 832 1799 940 1881; x_wconf 87' lang='lat' dir='ltr'><strong>Scipio,</strong></span> <span class='ocrx_word' id='word_1_109' title='bbox 955 1807 1148 1880; x_wconf 84' lang='lat' dir='ltr'><strong>posteaquam</strong></span> <span class='ocrx_word' id='word_1_110' title='bbox 1171 1798 1241 1861; x_wconf 86' lang='lat' dir='ltr'><strong>item</strong></span> <span class='ocrx_word' id='word_1_111' title='bbox 1258 1800 1313 1862; x_wconf 85' lang='lat' dir='ltr'><strong>trie</strong></span> <span class='ocrx_word' id='word_1_112' title='bbox 1327 1800 1375 1863; x_wconf 86' lang='lat' dir='ltr'><strong>ille</strong></span> <span class='ocrx_word' id='word_1_113' title='bbox 1388 1818 1494 1879; x_wconf 77' lang='lat' dir='ltr'><strong>genera</strong></span> 
     </span>
     <span class='ocr_line' id='line_1_14' title="bbox 325 1900 1494 1983; baseline 0.001 -18"><span class='ocrx_word' id='word_1_114' title='bbox 325 1901 369 1965; x_wconf 91' lang='lat' dir='ltr'><strong>rei</strong></span> <span class='ocrx_word' id='word_1_115' title='bbox 378 1901 511 1983; x_wconf 79' lang='lat' dir='ltr'><strong>pubicae</strong></span> <span class='ocrx_word' id='word_1_116' title='bbox 522 1900 774 1974; x_wconf 77' lang='lat' dir='ltr'><strong>commemoravit,</strong></span> <span class='ocrx_word' id='word_1_117' title='bbox 786 1902 939 1982; x_wconf 87' lang='lat' dir='ltr'><strong>quaerenti</strong></span> <span class='ocrx_word' id='word_1_118' title='bbox 948 1900 1055 1975; x_wconf 85' lang='lat' dir='ltr'><strong>Laelio,</strong></span> <span class='ocrx_word' id='word_1_119' title='bbox 1071 1901 1219 1982; x_wconf 83' lang='lat' dir='ltr'><strong>quodnam</strong></span> <span class='ocrx_word' id='word_1_120' title='bbox 1231 1920 1267 1963; x_wconf 92' lang='lat' dir='ltr'><strong>ex</strong></span> <span class='ocrx_word' id='word_1_121' title='bbox 1282 1900 1327 1964; x_wconf 91' lang='lat' dir='ltr'><strong>his</strong></span> <span class='ocrx_word' id='word_1_122' title='bbox 1337 1903 1494 1982; x_wconf 79' lang='lat' dir='ltr'><strong>generibus</strong></span> 
     </span>
     <span class='ocr_line' id='line_1_15' title="bbox 325 2002 1493 2085; baseline -0.001 -18"><span class='ocrx_word' id='word_1_123' title='bbox 325 2003 455 2067; x_wconf 80' lang='lat' dir='ltr'><strong>maxime</strong></span> <span class='ocrx_word' id='word_1_124' title='bbox 469 2004 584 2085; x_wconf 91' lang='lat' dir='ltr'><strong>probet,</strong></span> <span class='ocrx_word' id='word_1_125' title='bbox 598 2011 702 2065; x_wconf 89' lang='lat' dir='ltr'><strong>recte</strong></span> <span class='ocrx_word' id='word_1_126' title='bbox 718 2004 863 2081; x_wconf 82' lang='lat' dir='ltr'><strong>qnaeris</strong></span> <span class='ocrx_word' id='word_1_127' title='bbox 880 2002 1082 2084; x_wconf 89' lang='lat' dir='ltr'><strong>„respondet“</strong></span> <span class='ocrx_word' id='word_1_128' title='bbox 1097 2003 1197 2084; x_wconf 90' lang='lat' dir='ltr'><strong>quod</strong></span> <span class='ocrx_word' id='word_1_129' title='bbox 1210 2006 1401 2066; x_wconf 70' lang='lat' dir='ltr'><strong>maximoe</strong></span> <span class='ocrx_word' id='word_1_130' title='bbox 1422 2005 1493 2066; x_wconf 90' lang='lat' dir='ltr'><strong>tri·</strong></span> 
     </span>
     <span class='ocr_line' id='line_1_16' title="bbox 324 2104 1492 2188; baseline 0.001 -19"><span class='ocrx_word' id='word_1_131' title='bbox 324 2104 407 2181; x_wconf 92' lang='lat' dir='ltr'><strong>bus,</strong></span> <span class='ocrx_word' id='word_1_132' title='bbox 428 2106 606 2188; x_wconf 92' lang='lat' dir='ltr'><strong>quoniam</strong></span> <span class='ocrx_word' id='word_1_133' title='bbox 634 2122 764 2168; x_wconf 91' lang='lat' dir='ltr'><strong>eorum</strong></span> <span class='ocrx_word' id='word_1_134' title='bbox 793 2106 939 2168; x_wconf 89' lang='lat' dir='ltr'><strong>nullum</strong></span> <span class='ocrx_word' id='word_1_135' title='bbox 969 2107 1089 2186; x_wconf 89' lang='lat' dir='ltr'><strong>ipsum</strong></span> <span class='ocrx_word' id='word_1_136' title='bbox 1118 2125 1184 2186; x_wconf 90' lang='lat' dir='ltr'><strong>per</strong></span> <span class='ocrx_word' id='word_1_137' title='bbox 1213 2124 1252 2167; x_wconf 93' lang='lat' dir='ltr'><strong>se</strong></span> <span class='ocrx_word' id='word_1_138' title='bbox 1280 2113 1492 2188; x_wconf 81' lang='lat' dir='ltr'><strong>separatum</strong></span> 
     </span>
     <span class='ocr_line' id='line_1_17' title="bbox 284 2207 1492 2293; baseline -0.002 -19"><span class='ocrx_word' id='word_1_139' title='bbox 284 2290 286 2293; x_wconf 16' lang='grc' dir='ltr'>Ι</span> <span class='ocrx_word' id='word_1_140' title='bbox 324 2211 456 2292; x_wconf 89' lang='lat' dir='ltr'><strong>probo,</strong></span> <span class='ocrx_word' id='word_1_141' title='bbox 471 2207 914 2290; x_wconf 82' lang='lat' dir='ltr'><strong>anteponoquesingulis</strong></span> <span class='ocrx_word' id='word_1_142' title='bbox 928 2207 1037 2281; x_wconf 92' lang='lat' dir='ltr'><strong>illud,</strong></span> <span class='ocrx_word' id='word_1_143' title='bbox 1054 2208 1151 2288; x_wconf 93' lang='lat' dir='ltr'><strong>quod</strong></span> <span class='ocrx_word' id='word_1_144' title='bbox 1168 2209 1362 2271; x_wconf 83' lang='lat' dir='ltr'><strong>conlatum</strong></span> <span class='ocrx_word' id='word_1_145' title='bbox 1375 2209 1492 2272; x_wconf 82' lang='lat' dir='ltr'><strong>fuerit</strong></span> 
     </span>
     <span class='ocr_line' id='line_1_18' title="bbox 325 2309 1492 2392; baseline -0.003 -17"><span class='ocrx_word' id='word_1_146' title='bbox 325 2332 366 2375; x_wconf 88' lang='lat' dir='ltr'><strong>ex</strong></span> <span class='ocrx_word' id='word_1_147' title='bbox 386 2312 573 2375; x_wconf 90' lang='lat' dir='ltr'><strong>omnibus.</strong></span> <span class='ocrx_word' id='word_1_148' title='bbox 610 2310 679 2372; x_wconf 89' lang='lat' dir='ltr'><strong>Sed</strong></span> <span class='ocrx_word' id='word_1_149' title='bbox 700 2309 781 2383; x_wconf 85' lang='lat' dir='ltr'><strong>„eit“</strong></span> <span class='ocrx_word' id='word_1_150' title='bbox 800 2310 833 2371; x_wconf 93' lang='lat' dir='ltr'><strong>si</strong></span> <span class='ocrx_word' id='word_1_151' title='bbox 851 2327 962 2372; x_wconf 92' lang='lat' dir='ltr'><strong>unum</strong></span> <span class='ocrx_word' id='word_1_152' title='bbox 981 2318 1017 2373; x_wconf 93' lang='lat' dir='ltr'><strong>et</strong></span> <span class='ocrx_word' id='word_1_153' title='bbox 1043 2310 1205 2391; x_wconf 82' lang='lat' dir='ltr'><strong>simplex</strong></span> <span class='ocrx_word' id='word_1_154' title='bbox 1227 2310 1386 2373; x_wconf 81' lang='lat' dir='ltr'><strong>maxime</strong></span> <span class='ocrx_word' id='word_1_155' title='bbox 1405 2328 1492 2392; x_wconf 91' lang='lat' dir='ltr'><strong>pro·</strong></span> 
     </span>
     <span class='ocr_line' id='line_1_19' title="bbox 324 2411 1491 2494; baseline -0.002 -17"><span class='ocrx_word' id='word_1_156' title='bbox 324 2414 485 2478; x_wconf 89' lang='lat' dir='ltr'><strong>bandum</strong></span> <span class='ocrx_word' id='word_1_157' title='bbox 505 2415 568 2487; x_wconf 93' lang='lat' dir='ltr'><strong>sit,</strong></span> <span class='ocrx_word' id='word_1_158' title='bbox 594 2412 734 2493; x_wconf 84' lang='lat' dir='ltr'><strong>regium</strong></span> <span class='ocrx_word' id='word_1_159' title='bbox 757 2411 909 2492; x_wconf 89' lang='lat' dir='ltr'><strong>probem</strong></span> <span class='ocrx_word' id='word_1_160' title='bbox 936 2420 1046 2493; x_wconf 85' lang='lat' dir='ltr'><strong>etque</strong></span> <span class='ocrx_word' id='word_1_161' title='bbox 1071 2412 1245 2494; x_wconf 87' lang='lat' dir='ltr'><strong>inprimis</strong></span> <span class='ocrx_word' id='word_1_162' title='bbox 1272 2413 1491 2491; x_wconf 66' lang='lat' dir='ltr'><strong>leudem³⁸l</strong></span> 
     </span>
     <span class='ocr_line' id='line_1_20' title="bbox 324 2513 1491 2598; baseline -0.003 -18"><span class='ocrx_word' id='word_1_163' title='bbox 324 2518 392 2580; x_wconf 90' lang='lat' dir='ltr'><strong>Non</strong></span> <span class='ocrx_word' id='word_1_164' title='bbox 410 2517 554 2580; x_wconf 78' lang='lat' dir='ltr'><strong>diffitetur</strong></span> <span class='ocrx_word' id='word_1_165' title='bbox 568 2515 688 2596; x_wconf 88' lang='lat' dir='ltr'><strong>quidem</strong></span> <span class='ocrx_word' id='word_1_166' title='bbox 702 2513 808 2577; x_wconf 90' lang='lat' dir='ltr'><strong>deinde</strong></span> <span class='ocrx_word' id='word_1_167' title='bbox 821 2533 910 2594; x_wconf 90' lang='lat' dir='ltr'><strong>posse</strong></span> <span class='ocrx_word' id='word_1_168' title='bbox 927 2516 1016 2577; x_wconf 90' lang='lat' dir='ltr'><strong>etiam</strong></span> <span class='ocrx_word' id='word_1_169' title='bbox 1033 2534 1101 2578; x_wconf 90' lang='lat' dir='ltr'><strong>eum</strong></span> <span class='ocrx_word' id='word_1_170' title='bbox 1115 2534 1174 2579; x_wconf 90' lang='lat' dir='ltr'><strong>una</strong></span> <span class='ocrx_word' id='word_1_171' title='bbox 1186 2534 1303 2598; x_wconf 87' lang='lat' dir='ltr'><strong>quaque</strong></span> <span class='ocrx_word' id='word_1_172' title='bbox 1317 2535 1354 2578; x_wconf 88' lang='lat' dir='ltr'><strong>ex</strong></span> <span class='ocrx_word' id='word_1_173' title='bbox 1368 2516 1425 2577; x_wconf 90' lang='lat' dir='ltr'><strong>illis</strong></span> <span class='ocrx_word' id='word_1_174' title='bbox 1435 2517 1491 2578; x_wconf 89' lang='lat' dir='ltr'><strong>tri·</strong></span> 
     </span>
     <span class='ocr_line' id='line_1_21' title="bbox 325 2617 1492 2700; baseline -0.002 -17"><span class='ocrx_word' id='word_1_175' title='bbox 325 2619 382 2683; x_wconf 91' lang='lat' dir='ltr'><strong>bus</strong></span> <span class='ocrx_word' id='word_1_176' title='bbox 396 2620 509 2683; x_wconf 91' lang='lat' dir='ltr'><strong>bonum</strong></span> <span class='ocrx_word' id='word_1_177' title='bbox 524 2618 674 2699; x_wconf 89' lang='lat' dir='ltr'><strong>publicum</strong></span> <span class='ocrx_word' id='word_1_178' title='bbox 690 2621 840 2678; x_wconf 79' lang='lat' dir='ltr'><strong>constare:</strong></span> <span class='ocrx_word' id='word_1_179' title='bbox 856 2632 936 2677; x_wconf 87' lang='lat' dir='ltr'><strong>nam</strong></span> <span class='ocrx_word' id='word_1_180' title='bbox 959 2617 1104 2698; x_wconf 87' lang='lat' dir='ltr'><strong>,‚inquit“</strong></span> <span class='ocrx_word' id='word_1_181' title='bbox 1129 2619 1188 2681; x_wconf 88' lang='lat' dir='ltr'><strong>vel</strong></span> <span class='ocrx_word' id='word_1_182' title='bbox 1206 2638 1271 2682; x_wconf 90' lang='lat' dir='ltr'><strong>rex</strong></span> <span class='ocrx_word' id='word_1_183' title='bbox 1291 2637 1431 2700; x_wconf 82' lang='lat' dir='ltr'><strong>aequus</strong></span> <span class='ocrx_word' id='word_1_184' title='bbox 1450 2638 1492 2681; x_wconf 91' lang='lat' dir='ltr'><strong>ac</strong></span> 
     </span>
     <span class='ocr_line' id='line_1_22' title="bbox 325 2717 1490 2804; baseline -0.002 -19"><span class='ocrx_word' id='word_1_185' title='bbox 325 2723 489 2804; x_wconf 90' lang='lat' dir='ltr'><strong>sapiens,</strong></span> <span class='ocrx_word' id='word_1_186' title='bbox 520 2721 575 2783; x_wconf 87' lang='lat' dir='ltr'><strong>rel</strong></span> <span class='ocrx_word' id='word_1_187' title='bbox 600 2718 738 2782; x_wconf 90' lang='lat' dir='ltr'><strong>delecti</strong></span> <span class='ocrx_word' id='word_1_188' title='bbox 757 2736 798 2781; x_wconf 87' lang='lat' dir='ltr'><strong>ec</strong></span> <span class='ocrx_word' id='word_1_189' title='bbox 822 2717 1013 2801; x_wconf 89' lang='lat' dir='ltr'><strong>principes</strong></span> <span class='ocrx_word' id='word_1_190' title='bbox 1034 2720 1146 2794; x_wconf 85' lang='lat' dir='ltr'><strong>cives,</strong></span> <span class='ocrx_word' id='word_1_191' title='bbox 1166 2721 1221 2782; x_wconf 86' lang='lat' dir='ltr'><strong>rel</strong></span> <span class='ocrx_word' id='word_1_192' title='bbox 1238 2720 1313 2802; x_wconf 90' lang='lat' dir='ltr'><strong>ipse</strong></span> <span class='ocrx_word' id='word_1_193' title='bbox 1331 2720 1490 2802; x_wconf 90' lang='lat' dir='ltr'><strong>populus</strong></span> 
     </span>
     <span class='ocr_line' id='line_1_23' title="bbox 324 2821 1489 2907; baseline -0.002 -19"><span class='ocrx_word' id='word_1_194' title='bbox 324 2861 368 2872; x_wconf 91' lang='lat'>-</span> <span class='ocrx_word' id='word_1_195' title='bbox 383 2823 658 2907; x_wconf 88' lang='lat' dir='ltr'><strong>quemquamid</strong></span> <span class='ocrx_word' id='word_1_196' title='bbox 673 2828 729 2886; x_wconf 91' lang='lat' dir='ltr'><strong>est</strong></span> <span class='ocrx_word' id='word_1_197' title='bbox 749 2821 895 2884; x_wconf 90' lang='lat' dir='ltr'><strong>minime</strong></span> <span class='ocrx_word' id='word_1_198' title='bbox 913 2823 1160 2904; x_wconf 79' lang='lat' dir='ltr'><strong>probandum,</strong></span> <span class='ocrx_word' id='word_1_199' title='bbox 1176 2831 1354 2885; x_wconf 87' lang='lat' dir='ltr'><strong>-temen</strong></span> <span class='ocrx_word' id='word_1_200' title='bbox 1375 2824 1489 2886; x_wconf 90' lang='lat' dir='ltr'><strong>nullis</strong></span> 
     </span>
     <span class='ocr_line' id='line_1_24' title="bbox 324 2922 1490 3007; baseline -0.003 -16"><span class='ocrx_word' id='word_1_201' title='bbox 324 2928 538 2992; x_wconf 91' lang='lat' dir='ltr'><strong>interiectis</strong></span> <span class='ocrx_word' id='word_1_202' title='bbox 552 2922 819 3006; x_wconf 89' lang='lat' dir='ltr'><strong>iniquitatibus</strong></span> <span class='ocrx_word' id='word_1_203' title='bbox 839 2932 900 2988; x_wconf 91' lang='lat' dir='ltr'><strong>eut</strong></span> <span class='ocrx_word' id='word_1_204' title='bbox 920 2926 1190 3006; x_wconf 80' lang='lat' dir='ltr'><strong>cupiditatibus</strong></span> <span class='ocrx_word' id='word_1_205' title='bbox 1210 2944 1319 3007; x_wconf 89' lang='lat' dir='ltr'><strong>posse</strong></span> <span class='ocrx_word' id='word_1_206' title='bbox 1339 2926 1490 2988; x_wconf 81' lang='lat' dir='ltr'><strong>videtur</strong></span> 
     </span>
     <span class='ocr_line' id='line_1_25' title="bbox 323 3027 1488 3111; baseline -0.003 -18"><span class='ocrx_word' id='word_1_207' title='bbox 323 3030 445 3111; x_wconf 84' lang='lat' dir='ltr'><strong>aliquo</strong></span> <span class='ocrx_word' id='word_1_208' title='bbox 466 3044 636 3091; x_wconf 91' lang='lat' dir='ltr'><strong>essenon</strong></span> <span class='ocrx_word' id='word_1_209' title='bbox 657 3027 803 3090; x_wconf 90' lang='lat' dir='ltr'><strong>incerto</strong></span> <span class='ocrx_word' id='word_1_210' title='bbox 824 3028 999 3107; x_wconf 76' lang='lat' dir='ltr'><strong>stetu⁸⁴);</strong></span> <span class='ocrx_word' id='word_1_211' title='bbox 1028 3029 1079 3091; x_wconf 89' lang='lat' dir='ltr'><strong>sed</strong></span> <span class='ocrx_word' id='word_1_212' title='bbox 1100 3046 1190 3109; x_wconf 92' lang='lat' dir='ltr'><strong>quam</strong></span> <span class='ocrx_word' id='word_1_213' title='bbox 1211 3028 1347 3109; x_wconf 86' lang='lat' dir='ltr'><strong>proclivis</strong></span> <span class='ocrx_word' id='word_1_214' title='bbox 1368 3029 1408 3089; x_wconf 88' lang='lat' dir='ltr'><strong>sit</strong></span> <span class='ocrx_word' id='word_1_215' title='bbox 1421 3046 1488 3090; x_wconf 90' lang='lat' dir='ltr'><strong>om·</strong></span> 
     </span>
     <span class='ocr_line' id='line_1_26' title="bbox 324 3129 1490 3211; baseline -0.004 -15"><span class='ocrx_word' id='word_1_216' title='bbox 324 3133 409 3196; x_wconf 91' lang='lat' dir='ltr'><strong>nium</strong></span> <span class='ocrx_word' id='word_1_217' title='bbox 424 3132 455 3193; x_wconf 89' lang='lat' dir='ltr'><strong>in</strong></span> <span class='ocrx_word' id='word_1_218' title='bbox 470 3131 598 3193; x_wconf 86' lang='lat' dir='ltr'><strong>deterius</strong></span> <span class='ocrx_word' id='word_1_219' title='bbox 614 3130 738 3192; x_wconf 91' lang='lat' dir='ltr'><strong>mutatio</strong></span> <span class='ocrx_word' id='word_1_220' title='bbox 752 3129 859 3191; x_wconf 89' lang='lat' dir='ltr'><strong>eodem</strong></span> <span class='ocrx_word' id='word_1_221' title='bbox 874 3136 962 3210; x_wconf 89' lang='lat' dir='ltr'><strong>atque</strong></span> <span class='ocrx_word' id='word_1_222' title='bbox 976 3129 1114 3211; x_wconf 69' lang='lat' dir='ltr'><strong>Polybius</strong></span> <span class='ocrx_word' id='word_1_223' title='bbox 1129 3130 1219 3192; x_wconf 90' lang='lat' dir='ltr'><strong>modo</strong></span> <span class='ocrx_word' id='word_1_224' title='bbox 1240 3130 1369 3211; x_wconf 88' lang='lat' dir='ltr'><strong>exponit.</strong></span> <span class='ocrx_word' id='word_1_225' title='bbox 1399 3129 1490 3193; x_wconf 89' lang='lat' dir='ltr'><strong>Nul-</strong></span> 
     </span>
     <span class='ocr_line' id='line_1_27' title="bbox 324 3231 1489 3315; baseline -0.003 -18"><span class='ocrx_word' id='word_1_226' title='bbox 324 3236 397 3298; x_wconf 87' lang='lat' dir='ltr'><strong>lum</strong></span> <span class='ocrx_word' id='word_1_227' title='bbox 419 3231 565 3314; x_wconf 80' lang='lat' dir='ltr'><strong>„inquit“</strong></span> <span class='ocrx_word' id='word_1_228' title='bbox 586 3239 645 3295; x_wconf 88' lang='lat' dir='ltr'><strong>est</strong></span> <span class='ocrx_word' id='word_1_229' title='bbox 667 3249 781 3312; x_wconf 76' lang='lat' dir='ltr'><strong>genus</strong></span> <span class='ocrx_word' id='word_1_230' title='bbox 800 3233 948 3295; x_wconf 90' lang='lat' dir='ltr'><strong>illarum</strong></span> <span class='ocrx_word' id='word_1_231' title='bbox 969 3249 1095 3296; x_wconf 91' lang='lat' dir='ltr'><strong>rerum</strong></span> <span class='ocrx_word' id='word_1_232' title='bbox 1121 3233 1370 3315; x_wconf 87' lang='lat' dir='ltr'><strong>publicarum,</strong></span> <span class='ocrx_word' id='word_1_233' title='bbox 1395 3231 1489 3313; x_wconf 91' lang='lat' dir='ltr'><strong>quod</strong></span> 
     </span>
     <span class='ocr_line' id='line_1_28' title="bbox 324 3334 1490 3416; baseline -0.003 -17"><span class='ocrx_word' id='word_1_234' title='bbox 324 3353 396 3399; x_wconf 93' lang='lat' dir='ltr'><strong>non</strong></span> <span class='ocrx_word' id='word_1_235' title='bbox 411 3335 541 3398; x_wconf 88' lang='lat' dir='ltr'><strong>hebeet</strong></span> <span class='ocrx_word' id='word_1_236' title='bbox 554 3335 680 3397; x_wconf 89' lang='lat' dir='ltr'><strong>itered</strong></span> <span class='ocrx_word' id='word_1_237' title='bbox 694 3334 902 3397; x_wconf 84' lang='lat' dir='ltr'><strong>finitimum</strong></span> <span class='ocrx_word' id='word_1_238' title='bbox 917 3335 1097 3416; x_wconf 87' lang='lat' dir='ltr'><strong>quoddam</strong></span> <span class='ocrx_word' id='word_1_239' title='bbox 1111 3336 1244 3399; x_wconf 89' lang='lat' dir='ltr'><strong>malum</strong></span> <span class='ocrx_word' id='word_1_240' title='bbox 1259 3353 1436 3416; x_wconf 84' lang='lat' dir='ltr'><strong>praeceps</strong></span> <span class='ocrx_word' id='word_1_241' title='bbox 1450 3354 1490 3397; x_wconf 87' lang='lat' dir='ltr'><strong>ec</strong></span> 
     </span>
     <span class='ocr_line' id='line_1_29' title="bbox 323 3437 1489 3518; baseline 0 -17"><span class='ocrx_word' id='word_1_242' title='bbox 323 3437 523 3512; x_wconf 90' lang='lat' dir='ltr'><strong>lubricum,</strong></span> <span class='ocrx_word' id='word_1_243' title='bbox 540 3445 570 3500; x_wconf 88' lang='lat' dir='ltr'><strong>et</strong></span> <span class='ocrx_word' id='word_1_244' title='bbox 583 3437 681 3518; x_wconf 89' lang='lat' dir='ltr'><strong>paullo</strong></span> <span class='ocrx_word' id='word_1_245' title='bbox 695 3443 778 3517; x_wconf 83' lang='lat' dir='ltr'><strong>post:</strong></span> <span class='ocrx_word' id='word_1_246' title='bbox 798 3438 979 3500; x_wconf 89' lang='lat' dir='ltr'><strong>mirisunt</strong></span> <span class='ocrx_word' id='word_1_247' title='bbox 996 3437 1105 3500; x_wconf 91' lang='lat' dir='ltr'><strong>orbes</strong></span> <span class='ocrx_word' id='word_1_248' title='bbox 1126 3444 1161 3501; x_wconf 89' lang='lat' dir='ltr'><strong>et</strong></span> <span class='ocrx_word' id='word_1_249' title='bbox 1181 3439 1288 3518; x_wconf 88' lang='lat' dir='ltr'><strong>quasi</strong></span> <span class='ocrx_word' id='word_1_250' title='bbox 1308 3437 1489 3501; x_wconf 89' lang='lat' dir='ltr'><strong>circuitus</strong></span> 
     </span>
     <span class='ocr_line' id='line_1_30' title="bbox 323 3539 1489 3622; baseline -0.007 -17"><span class='ocrx_word' id='word_1_251' title='bbox 323 3542 361 3606; x_wconf 88' lang='lat' dir='ltr'><strong>in</strong></span> <span class='ocrx_word' id='word_1_252' title='bbox 374 3542 483 3605; x_wconf 89' lang='lat' dir='ltr'><strong>rebus</strong></span> <span class='ocrx_word' id='word_1_253' title='bbox 497 3539 656 3622; x_wconf 86' lang='lat' dir='ltr'><strong>publicis</strong></span> <span class='ocrx_word' id='word_1_254' title='bbox 671 3539 999 3602; x_wconf 88' lang='lat' dir='ltr'><strong>commutationum</strong></span> <span class='ocrx_word' id='word_1_255' title='bbox 1010 3546 1046 3602; x_wconf 89' lang='lat' dir='ltr'><strong>et</strong></span> <span class='ocrx_word' id='word_1_256' title='bbox 1060 3540 1384 3615; x_wconf 87' lang='lat' dir='ltr'><strong>vicissitudinum,</strong></span> <span class='ocrx_word' id='word_1_257' title='bbox 1399 3552 1489 3620; x_wconf 90' lang='lat' dir='ltr'><strong>quos</strong></span> 
     </span>
     <span class='ocr_line' id='line_1_31' title="bbox 324 3640 1489 3727; baseline -0.005 -17"><span class='ocrx_word' id='word_1_258' title='bbox 324 3664 437 3727; x_wconf 90' lang='lat' dir='ltr'><strong>quum</strong></span> <span class='ocrx_word' id='word_1_259' title='bbox 453 3658 676 3724; x_wconf 75' lang='lat' dir='ltr'><strong>cognoscere</strong></span> <span class='ocrx_word' id='word_1_260' title='bbox 690 3640 874 3721; x_wconf 84' lang='lat' dir='ltr'><strong>sepientis</strong></span> <span class='ocrx_word' id='word_1_261' title='bbox 889 3651 959 3716; x_wconf 84' lang='lat' dir='ltr'><strong>ost,</strong></span> <span class='ocrx_word' id='word_1_262' title='bbox 980 3649 1057 3705; x_wconf 90' lang='lat' dir='ltr'><strong>turn</strong></span> <span class='ocrx_word' id='word_1_263' title='bbox 1078 3662 1164 3706; x_wconf 88' lang='lat' dir='ltr'><strong>roro</strong></span> <span class='ocrx_word' id='word_1_264' title='bbox 1183 3643 1399 3724; x_wconf 87' lang='lat' dir='ltr'><strong>prospicere</strong></span> <span class='ocrx_word' id='word_1_265' title='bbox 1419 3642 1489 3705; x_wconf 91' lang='lat' dir='ltr'><strong>im·</strong></span> 
     </span>
     <span class='ocr_line' id='line_1_32' title="bbox 324 3743 1489 3830; baseline -0.003 -19"><span class='ocrx_word' id='word_1_266' title='bbox 324 3748 528 3830; x_wconf 90' lang='lat' dir='ltr'><strong>pendentes</strong></span> <span class='ocrx_word' id='word_1_267' title='bbox 542 3745 579 3808; x_wconf 90' lang='lat' dir='ltr'><strong>in</strong></span> <span class='ocrx_word' id='word_1_268' title='bbox 593 3743 827 3825; x_wconf 73' lang='lat' dir='ltr'><strong>gubernande</strong></span> <span class='ocrx_word' id='word_1_269' title='bbox 841 3763 878 3807; x_wconf 91' lang='lat' dir='ltr'><strong>re</strong></span> <span class='ocrx_word' id='word_1_270' title='bbox 892 3746 1052 3827; x_wconf 88' lang='lat' dir='ltr'><strong>publice,</strong></span> <span class='ocrx_word' id='word_1_271' title='bbox 1072 3746 1324 3809; x_wconf 90' lang='lat' dir='ltr'><strong>moderantem</strong></span> <span class='ocrx_word' id='word_1_272' title='bbox 1340 3763 1489 3809; x_wconf 87' lang='lat' dir='ltr'><strong>cursum</strong></span> 
     </span>
     <span class='ocr_line' id='line_1_33' title="bbox 323 3847 1489 3932; baseline -0.003 -19"><span class='ocrx_word' id='word_1_273' title='bbox 323 3859 431 3932; x_wconf 81' lang='lat' dir='ltr'><strong>etque</strong></span> <span class='ocrx_word' id='word_1_274' title='bbox 449 3850 487 3911; x_wconf 92' lang='lat' dir='ltr'><strong>in</strong></span> <span class='ocrx_word' id='word_1_275' title='bbox 506 3867 568 3911; x_wconf 92' lang='lat' dir='ltr'><strong>sua</strong></span> <span class='ocrx_word' id='word_1_276' title='bbox 587 3851 775 3928; x_wconf 84' lang='lat' dir='ltr'><strong>potestate</strong></span> <span class='ocrx_word' id='word_1_277' title='bbox 789 3848 1025 3925; x_wconf 88' lang='lat' dir='ltr'><strong>retinentem,</strong></span> <span class='ocrx_word' id='word_1_278' title='bbox 1045 3848 1168 3929; x_wconf 78' lang='lat' dir='ltr'><strong>magni</strong></span> <span class='ocrx_word' id='word_1_279' title='bbox 1185 3848 1375 3912; x_wconf 92' lang='lat' dir='ltr'><strong>cuiusdam</strong></span> <span class='ocrx_word' id='word_1_280' title='bbox 1397 3847 1489 3911; x_wconf 83' lang='lat' dir='ltr'><strong>civis</strong></span> 
     </span>
     <span class='ocr_line' id='line_1_34' title="bbox 277 3948 1489 4033; baseline -0.002 -17"><span class='ocrx_word' id='word_1_281' title='bbox 277 3982 282 3993; x_wconf 64' lang='lat'><strong><em>¹</em></strong></span> <span class='ocrx_word' id='word_1_282' title='bbox 323 3951 490 4016; x_wconf 83' lang='lat' dir='ltr'><strong>etdirini</strong></span> <span class='ocrx_word' id='word_1_283' title='bbox 509 3966 623 4032; x_wconf 89' lang='lat' dir='ltr'><strong>paene</strong></span> <span class='ocrx_word' id='word_1_284' title='bbox 643 3957 699 4010; x_wconf 89' lang='lat' dir='ltr'><strong>eat</strong></span> <span class='ocrx_word' id='word_1_285' title='bbox 726 3948 801 4010; x_wconf 84' lang='lat' dir='ltr'><strong>riri.</strong></span> <span class='ocrx_word' id='word_1_286' title='bbox 836 3950 967 4032; x_wconf 88' lang='lat' dir='ltr'><strong>ltaque</strong></span> <span class='ocrx_word' id='word_1_287' title='bbox 988 3959 1155 4032; x_wconf 92' lang='lat' dir='ltr'><strong>quartum</strong></span> <span class='ocrx_word' id='word_1_288' title='bbox 1176 3950 1357 4033; x_wconf 91' lang='lat' dir='ltr'><strong>quoddam</strong></span> <span class='ocrx_word' id='word_1_289' title='bbox 1376 3967 1489 4031; x_wconf 80' lang='lat' dir='ltr'><strong>genus</strong></span> 
     </span>
     <span class='ocr_line' id='line_1_35' title="bbox 322 4052 1489 4137; baseline -0.003 -19"><span class='ocrx_word' id='word_1_290' title='bbox 322 4055 376 4119; x_wconf 92' lang='lat' dir='ltr'><strong>rei</strong></span> <span class='ocrx_word' id='word_1_291' title='bbox 391 4054 559 4137; x_wconf 85' lang='lat' dir='ltr'><strong>publices</strong></span> <span class='ocrx_word' id='word_1_292' title='bbox 574 4052 724 4115; x_wconf 88' lang='lat' dir='ltr'><strong>maxime</strong></span> <span class='ocrx_word' id='word_1_293' title='bbox 738 4052 970 4131; x_wconf 81' lang='lat' dir='ltr'><strong>probandum</strong></span> <span class='ocrx_word' id='word_1_294' title='bbox 985 4072 1067 4117; x_wconf 86' lang='lat' dir='ltr'><strong>esse</strong></span> <span class='ocrx_word' id='word_1_295' title='bbox 1081 4072 1229 4125; x_wconf 89' lang='lat' dir='ltr'><strong>censeo,</strong></span> <span class='ocrx_word' id='word_1_296' title='bbox 1251 4053 1349 4136; x_wconf 87' lang='lat' dir='ltr'><strong>quod</strong></span> <span class='ocrx_word' id='word_1_297' title='bbox 1368 4061 1424 4116; x_wconf 91' lang='lat' dir='ltr'><strong>est</strong></span> <span class='ocrx_word' id='word_1_298' title='bbox 1447 4072 1489 4116; x_wconf 84' lang='lat' dir='ltr'><strong>ex</strong></span> 
     </span>
     <span class='ocr_line' id='line_1_36' title="bbox 322 4153 1488 4240; baseline -0.003 -19"><span class='ocrx_word' id='word_1_299' title='bbox 322 4158 393 4235; x_wconf 87' lang='lat' dir='ltr'><strong>his,</strong></span> <span class='ocrx_word' id='word_1_300' title='bbox 410 4176 500 4240; x_wconf 86' lang='lat' dir='ltr'><strong>qnee</strong></span> <span class='ocrx_word' id='word_1_301' title='bbox 515 4155 629 4237; x_wconf 87' lang='lat' dir='ltr'><strong>prime</strong></span> <span class='ocrx_word' id='word_1_302' title='bbox 643 4153 733 4228; x_wconf 92' lang='lat' dir='ltr'><strong>dixi,</strong></span> <span class='ocrx_word' id='word_1_303' title='bbox 748 4156 978 4221; x_wconf 86' lang='lat' dir='ltr'><strong>moderatum</strong></span> <span class='ocrx_word' id='word_1_304' title='bbox 1001 4163 1037 4219; x_wconf 87' lang='lat' dir='ltr'><strong>et</strong></span> <span class='ocrx_word' id='word_1_305' title='bbox 1054 4156 1279 4239; x_wconf 89' lang='lat' dir='ltr'><strong>permixtum</strong></span> <span class='ocrx_word' id='word_1_306' title='bbox 1297 4156 1488 4237; x_wconf 81' lang='lat' dir='ltr'><strong>tribus⁸⁶),</strong></span> 
     </span>
    </p>
   </div>
   <div class='ocr_carea' id='block_1_4' title="bbox 322 4315 525 4328">
    <p class='ocr_par' dir='ltr' id='par_1_4' title="bbox 322 4315 525 4328">
     <span class='ocr_line' id='line_1_37' title="bbox 322 4315 525 4328; baseline -0.01 -2"><span class='ocrx_word' id='word_1_307' title='bbox 322 4315 525 4328; x_wconf 52' lang='lat'><strong>*—</strong></span> 
     </span>
    </p>
   </div>
   <div class='ocr_carea' id='block_1_5' title="bbox 391 4393 1177 4549">
    <p class='ocr_par' dir='ltr' id='par_1_5' title="bbox 391 4393 1177 4549">
     <span class='ocr_line' id='line_1_38' title="bbox 391 4393 1177 4463; baseline -0.001 -16"><span class='ocrx_word' id='word_1_308' title='bbox 391 4393 639 4459; x_wconf 67' lang='lat' dir='ltr'><strong>removisse.</strong></span> <span class='ocrx_word' id='word_1_309' title='bbox 942 4397 984 4463; x_wconf 77' lang='lat'><strong>³4)</strong></span> <span class='ocrx_word' id='word_1_310' title='bbox 997 4394 1032 4448; x_wconf 79' lang='lat' dir='ltr'><strong>lb,</strong></span> <span class='ocrx_word' id='word_1_311' title='bbox 1045 4395 1122 4461; x_wconf 69' lang='lat' dir='ltr'><strong>cib,</strong></span> <span class='ocrx_word' id='word_1_312' title='bbox 1135 4396 1177 4447; x_wconf 75' lang='lat'><strong>42.</strong></span> 
     </span>
     <span class='ocr_line' id='line_1_39' title="bbox 391 4478 1176 4549; baseline 0.003 -16"><span class='ocrx_word' id='word_1_313' title='bbox 391 4478 756 4549; x_wconf 66' lang='lat' dir='ltr'><strong>dblbarepnbl1‚ilb,bb</strong></span> <span class='ocrx_word' id='word_1_314' title='bbox 940 4480 1176 4549; x_wconf 66' lang='lat' dir='ltr'><strong>attrectem.</strong></span> 
     </span>
    </p>
   </div>
   <div class='ocr_carea' id='block_1_6' title="bbox 0 0 1650 5142">
    <p class='ocr_par' dir='ltr' id='par_1_6' title="bbox 0 0 1650 5142">
     <span class='ocr_line' id='line_1_40' title="bbox 0 0 1650 5142; baseline 0 3"><span class='ocrx_word' id='word_1_315' title='bbox 0 0 1650 5142; x_wconf 95' lang='lat' dir='ltr'><strong> </strong></span> 
     </span>
    </p>
   </div>
  </div>
 </body>
</html>
