3190 5136
636 498 696 564 113

83 699 166 751 esset
193 687 296 750 Etiam
316 686 404 760 illud,
424 684 505 766 quod
526 684 628 747 eodem
647 683 713 747 loco
734 684 770 747 de
784 684 855 747 lone
875 683 956 759 dicit,
975 700 1039 746 non
1058 683 1156 747 alove
1168 685 1245 748 hanc

82 791 215 873 punitam
235 809 318 865 esse,
338 789 388 871 qui
408 806 474 850 eam
493 806 591 850 amare
610 805 671 849 non
691 787 822 863 desierit,
843 788 894 850 sed
915 805 969 868 per
987 788 1108 851 lunonis
1124 788 1196 852 iram
1216 788 1247 850 in

82 895 157 956 mala
172 912 227 955 sna
241 891 392 965 incidisse,
408 891 448 952 ita
463 889 572 953 dictum
587 899 645 963 est,
659 890 743 970 quasi
758 910 774 952 a
789 908 837 952 me
850 897 900 952 aut
914 889 1080 971 ignoratum
1095 900 1144 953 aut
1158 890 1246 953 dissi-

82 997 226 1059 mulatum
242 997 291 1057 sit
335 993 423 1075 Atqui
437 1012 491 1074 ego
506 994 565 1055 hoc
578 993 677 1073 ipsum
692 992 815 1074 exposui
830 1013 859 1075 p.
876 993 927 1069 59,
938 994 990 1056 sed
1005 993 1103 1057 addidi
1117 1004 1247 1074 praeter-

82 1118 125 1171 ea,
146 1099 232 1179 qnod
252 1116 302 1159 res
321 1096 499 1177 postulabat,
520 1114 640 1177 passum
659 1104 758 1158 tamen
777 1115 844 1159 esse
857 1096 969 1169 lovem,
999 1105 1030 1158 nt
1045 1116 1062 1158 a
1076 1095 1189 1159 lunone
1202 1096 1248 1159 ills

82 1202 280 1274 sauciaretur,
299 1207 329 1261 et
346 1206 538 1280 posteaquam
557 1197 628 1260 satis
649 1200 786 1279 castigata
805 1207 897 1272 esset,
918 1200 1016 1279 ipsum
1031 1199 1154 1262 lunonis
1174 1201 1248 1262 iram

81 1305 210 1366 texisse
257 1302 300 1364 De
315 1302 452 1364 Alcmena
466 1311 577 1377 antem,
597 1301 710 1364 etiamsi
725 1300 879 1377 dixissem,
899 1303 976 1382 qnod
997 1301 1183 1365 Hermannns
1203 1321 1251 1364 me

83 1404 300 1479 dixisselinxit,
309 1422 347 1467 ne
354 1403 382 1465 id
391 1403 664 1485 quidemtalimodo
674 1404 983 1468 criminandumluisse
993 1403 1128 1467 arbitror.
1144 1404 1251 1468 Namsi

81 1509 300 1588 loremillapro
310 1506 417 1568 marito
424 1525 479 1568 suo
488 1505 599 1581 hahuit,
611 1515 688 1569 certe
698 1508 799 1569 volens
809 1507 940 1589 amplexa
952 1515 1010 1569 est:
1022 1507 1252 1588 quidautemla·

82 1611 289 1683 ctnratoisset,
296 1610 322 1671 si
329 1627 428 1670 rernm
434 1607 1061 1691 scissetnequenarraturaveterihus,neque
1067 1617 1253 1691 compertum

83 1714 331 1776 eseeflermanno
341 1712 438 1774 credo.
454 1711 521 1774 Non
528 1711 718 1792 improbabile
724 1720 879 1786 tamenest,
886 1713 1153 1793 obtemperaturum
1161 1713 1252 1775 luisse

83 1817 158 1879 loris
179 1815 343 1888 voluntati,
363 1813 599 1895 quandoquidem
619 1814 706 1877 etiam
726 1823 842 1896 postea,
856 1834 889 1878 re
904 1823 1062 1896 comperta,
1076 1834 1172 1898 neque
1187 1818 1252 1896 ipsa

84 1919 211 1981 indoluit
229 1935 329 1998 neque
348 1917 485 1990 maritus,
504 1915 556 1977 sed
577 1916 671 1979 laetati
691 1925 761 1980 sunt
779 1917 855 1979 lovis
876 1918 986 1993 lavore,
1002 1918 1251 1997 quemadmodum

84 2022 172 2083 mam
189 2020 265 2082 aliae
280 2018 432 2093 mulieres,
453 2018 529 2081 velut
544 2017 670 2092 Semele,
691 2018 766 2080 illius
788 2038 889 2081 amore
907 2032 936 2083 et
955 2022 1089 2102 amplexu
1104 2020 1203 2083 heatae
1219 2038 1252 2082 se

86 2130 116 2184 et
133 2124 302 2184 honoratas
323 2130 453 2184 censent.
502 2120 636 2183 Ceterum
659 2121 745 2183 etiarn
770 2121 837 2184 illud
858 2123 889 2184 in
909 2123 964 2185 ista
987 2123 1081 2185 lahula
1101 2124 1137 2184 de
1152 2123 1254 2184 lraude

85 2225 163 2286 loris
178 2224 377 2303 simulataque
391 2222 617 2304 Amphitruonis
631 2241 773 2303 persona,
789 2224 838 2305 qul
853 2223 951 2304 paullo
967 2224 1104 2287 attentius
1119 2233 1254 2305 reputare

85 2327 165 2401 velit,
185 2326 413 2406 haudquaquam
433 2325 531 2406 inepte
555 2334 604 2388 aut
623 2324 713 2405 impie
732 2327 832 2389 lictum
851 2326 1001 2391 iudicabit:
1028 2329 1080 2390 sed
1105 2327 1174 2389 nolo
1199 2345 1253 2407 ego

86 2429 145 2491 hoc
164 2446 249 2490 nnnc
268 2446 426 2509 exponere,
445 2435 547 2509 utpote
561 2427 597 2490 ad
612 2427 786 2509 Aeschylum
801 2429 874 2492 nihil
887 2431 1052 2511 pertinens,
1073 2431 1151 2512 apud
1167 2447 1252 2511 quem

86 2532 164 2594 nidla
179 2532 215 2592 lit
230 2530 308 2593 illius
324 2531 365 2592 rei
379 2529 500 2592 mentio.

174 2634 283 2696 Restat
295 2641 330 2697 nt
343 2633 379 2695 de
393 2632 493 2695 soluto
508 2631 685 2695 Prometheo
701 2633 861 2709 videamus,
877 2654 964 2715 quem
979 2635 1181 2711 hermannus,
1200 2653 1253 2697 sua

89 2737 210 2798 delore
226 2735 369 2817 opinione
383 2735 532 2816 deceptus,
547 2743 634 2815 negat
648 2744 804 2818 propterea
820 2738 949 2801 solutum
968 2759 1047 2811 esse,
1067 2737 1146 2819 quod
1163 2736 1253 2800 desti·

88 2840 157 2902 terit
172 2859 190 2901 a
206 2837 401 2912 contumacia,
417 2856 555 2918 peccasse
571 2857 603 2900 se
617 2839 776 2919 agnoverit,
791 2840 931 2904 maiorem
947 2844 978 2904 in
993 2842 1061 2904 love
1074 2858 1161 2921 quam
1176 2839 1207 2901 in
1223 2858 1255 2900 se

89 2960 152 3005 non
174 2943 280 3005 solum
302 2947 476 3020 potestatem
496 2940 654 3003 sedetiam
675 2942 862 3022 sapientiam,
888 2962 944 3006 nec
961 2943 1108 3006 minorem
1135 2942 1256 3004 humani

89 3046 208 3126 generis
224 3043 376 3106 caritatem
392 3062 458 3105 esse
471 3042 650 3119 intellexerit,
666 3045 790 3126 ideoque
805 3046 923 3125 dignum
941 3046 1115 3121 iudicaverit,
1126 3044 1172 3107 cui
1188 3063 1255 3107 cum

90 3148 196 3211 ceteris
212 3147 274 3209 diis
288 3146 426 3228 omnique
439 3146 552 3208 mundo
567 3155 595 3208 et
609 3148 673 3227 ipse
687 3158 811 3227 pareret,
827 3150 879 3212 sed
894 3158 1064 3230 propterea,
1080 3148 1161 3229 qnod
1174 3147 1255 3227 lupi·

91 3259 150 3324 ter,
176 3251 258 3314 fatali
274 3249 446 3312 necessitate
460 3256 593 3325 coactus,
619 3250 676 3312 nisi
702 3252 842 3315 eederet
866 3251 1047 3325 adversario,
1074 3252 1258 3332 missaque
1343 3320 1349 3331 ,

92 3352 272 3435 superbia
291 3372 328 3413 se
349 3351 461 3414 lerooi
484 3351 714 3415 submitteret
736 3354 940 3418 Promethei
964 3353 1257 3433 pertinaciae²⁰l‚

93 3457 303 3519 imminentem
319 3453 373 3517 sihi
388 3452 499 3517 dadem
513 3455 639 3535 elingere
653 3472 714 3517 non
730 3457 867 3537 potuerit.
912 3455 965 3518 llio
980 3456 1147 3519 certaminis
1170 3474 1258 3518 esen·

93 3568 143 3621 tns
158 3577 249 3640 qnam
272 3556 376 3639 dignus
392 3556 443 3632 sit,
462 3574 524 3617 non
546 3555 612 3619 dico
627 3555 716 3634 lovis,
731 3561 786 3622 sed
800 3558 928 3623 cuiusvis
943 3559 1030 3621 etiam
1046 3557 1167 3621 humani
1181 3558 1258 3639 regis

93 3661 262 3734 mummio,
288 3659 406 3741 quilrhet
425 3678 479 3721 sua
498 3668 606 3739 sponte
626 3659 773 3742 intelligit,
800 3681 897 3743 neque
917 3681 982 3724 eum
999 3663 1186 3724 Hermannus
1200 3678 1258 3723 un-

94 3782 185 3844 quam
211 3764 281 3824 love
310 3762 432 3843 dignum
458 3761 627 3837 indicasset,
657 3762 715 3824 nisi
740 3763 829 3827 nimis
855 3765 948 3839 hunc,
973 3772 1005 3826 ut
1020 3763 1201 3837 fabulosum,
1223 3762 1259 3825 ab

94 3865 240 3946 Aeschylo
257 3872 460 3945 contemptum
475 3872 504 3927 et
517 3883 642 3944 prorsus
658 3864 852 3929 irreverenter
866 3874 1020 3930 tractatum
1035 3884 1100 3928 esse
1120 3866 1258 3942 crederet,

97 3969 129 4029 in
143 3988 205 4049 qno
220 3976 401 4049 quantopere
416 3966 452 4028 ab
468 3967 599 4047 Aeschyli
614 3969 729 4029 ratione
744 3968 927 4043 aberraverit,
943 3968 1014 4031 satis
1041 3988 1058 4030 a
1072 3988 1120 4030 me
1135 3968 1259 4031 demon-

98 4079 225 4133 matum
245 4090 313 4133 esse
331 4070 467 4132 arbitror.
512 4068 635 4131 Ostendi
653 4077 749 4132 autem
764 4079 912 4152 praeterea
927 4070 992 4134 lihrl
1006 4072 1064 4133 mei
1079 4090 1108 4152 p.
1125 4069 1260 4141 att-28,

26 4186 28 4191 ’
97 4174 326 4237 nePrometheo
342 4173 462 4255 quidem
476 4170 548 4234 satis
564 4171 684 4252 dignum
700 4172 847 4236 eiusmodi
870 4183 1005 4238 eventum
1019 4172 1141 4236 indicari
1156 4186 1260 4254 posse:

99 4293 188 4356 qnam
199 4282 315 4357 partem
326 4273 535 4356 disputationis
547 4273 733 4339 hermannus
745 4276 883 4341 intactam
895 4276 1100 4359 praetermisit,
1112 4274 1172 4338 sive
1183 4272 1262 4353 quod

141 4496 211 4645 ΙΙ120)
224 4496 289 4550 Sunt
306 4499 367 4550 haec
379 4499 434 4567 ipsa
445 4499 580 4553 [lemanni
593 4501 671 4554 verba
682 4519 706 4570 p.
723 4501 762 4555 11.

181 4629 190 4645 ,
1042 4587 1061 4647 8
