3276 5144
675 472 825 574 Q

68 724 71 729 ,
165 672 218 735 sed
232 672 271 735 ita
287 672 419 734 locutum
434 686 500 731 esse
515 667 571 740 aio,
587 673 621 730 ut
636 666 672 728 de
686 664 833 728 sententia
847 663 910 726 eiua
924 684 942 726 a
956 663 1048 737 nullo,
1064 663 1115 745 qui
1127 663 1247 744 quidem
1262 682 1330 724 om-

166 791 235 837 nem
247 774 325 836 illius
337 773 392 836 loci
404 779 576 835 contextum
588 769 734 850 respiciat,
750 768 938 849 errariposse
949 768 1089 830 videatur.
1112 771 1240 848 Apparet
1248 767 1330 829 euim

166 874 368 956 liquidissime,
384 892 444 956 quo
458 891 549 934 sensu
564 871 635 933 illud
650 870 854 934 adiiciendi
869 870 992 932 verbum
1003 878 1140 951 usurpet:
1156 888 1263 952 nempe
1278 870 1330 943 sic,

167 983 201 1040 ut
214 978 342 1040 adiectas
354 996 404 1039 eas
419 982 515 1057 partes
525 974 666 1037 orationis
678 992 742 1035 esse
754 973 840 1047 dicat,
857 992 932 1054 quae
944 980 1110 1035 constarent
1123 970 1331 1035 vocabulorum

167 1079 324 1160 generibus
350 1082 436 1139 antea
459 1095 527 1138 cum
549 1075 612 1138 aliis
633 1074 774 1147 conlusio,
800 1075 939 1156 aquibus
953 1094 1046 1158 quum
1061 1075 1333 1137 discriminarentor

168 1198 316 1262 suumque
336 1181 369 1243 in
388 1179 520 1261 partibus
539 1178 682 1243 orationis
699 1177 798 1239 locum
812 1178 968 1257 separatim
984 1178 1158 1258 acciperent,
1173 1195 1332 1239 numemm

166 1284 305 1365 partium,
320 1301 395 1345 nova
411 1282 466 1346 hac
479 1288 561 1362 parte
576 1282 696 1353 adiecta,
712 1280 812 1360 augeri
824 1297 944 1342 neeesse
959 1280 1024 1343 luit.
1053 1282 1101 1342 Sic
1115 1279 1332 1343 coniunctioni-

168 1386 224 1449 bus
243 1387 372 1449 adiectos
392 1385 532 1447 articulos
547 1383 626 1457 dicit,
648 1401 723 1463 quos
739 1382 819 1455 olim,
841 1382 943 1443 itidem
958 1392 993 1444 ut
1006 1384 1247 1464 praepositiones,
1264 1400 1333 1444 cum

171 1488 425 1553 coniunctionibus
449 1505 511 1550 uno
533 1480 721 1564 σινδέσμιον
746 1484 867 1546 nomine
889 1486 1120 1565 comprehensos
1140 1493 1170 1547 et
1184 1486 1215 1547 in
1230 1485 1333 1547 eadem

168 1599 252 1673 parte
272 1590 412 1654 orationis
434 1595 608 1653 numeratos
631 1587 723 1649 luisse
744 1592 870 1660 constat,
896 1588 979 1649 cuius
994 1606 1087 1650 mum
1102 1606 1195 1669 genus
1211 1576 1333 1666 δὶρδρα,

169 1694 295 1757 alterum
323 1688 526 1775 προδοτιτοὶ
551 1684 742 1771 σύνδεσμοι,
771 1690 890 1753 tertium
917 1683 1097 1769 σύνδεσμοι
1122 1690 1241 1771 proprie
1266 1689 1334 1751 dicti

169 1805 276 1860 essent.
297 1797 372 1858 ltem
386 1796 507 1859 nomina
523 1802 553 1857 et
568 1793 777 1875 appellationes
792 1792 823 1854 in
837 1811 894 1856 uua
907 1801 989 1874 parte
1001 1793 1099 1856 habita
1111 1813 1174 1855 esse
1186 1793 1333 1867 novimus,

171 1900 265 1961 donec
278 1916 296 1959 a
309 1899 470 1979 Chrysippo
489 1898 520 1959 in
541 1896 614 1959 duas
630 1895 829 1957 dividerentur
838 1898 878 1973 2),
900 1912 974 1975 quae
988 1895 1091 1958 divido
1106 1916 1123 1958 a
1136 1897 1334 1977 grammaticis

171 2001 291 2082 quidem
302 2001 449 2081 plerisque
460 1999 611 2080 repudiata
623 2005 676 2059 est.
697 1997 757 2059 Nec
769 1998 804 2059 de
819 1997 1042 2078 pronominibus
1052 2004 1083 2061 et
1094 1999 1252 2080 participiis
1263 2000 1334 2062 olim

171 2103 202 2165 in
218 2102 321 2165 eadem
342 2121 411 2165 cum
430 2100 601 2164 nominihus
621 2110 703 2180 parte
723 2101 886 2163 numeratis
908 2102 1033 2165 dubitari
1051 2110 1154 2184 potest
1185 2103 1234 2164 Sic
1248 2102 1337 2182 igitur

172 2205 369 2279 Quintilianus
384 2224 477 2286 quum
494 2203 590 2266 verbis
605 2203 740 2266 adverbia
756 2203 866 2265 adiecta
879 2203 958 2277 dicit,
976 2203 1047 2266 nilril
1062 2204 1139 2266 aliud
1152 2204 1229 2278 dicit,
1246 2222 1334 2284 quam

171 2327 235 2371 non
249 2307 385 2388 amplius,
400 2317 435 2369 ut
449 2307 531 2379 olim,
547 2305 642 2368 verbis
654 2314 873 2380 connumerata,
889 2306 942 2368 sed
953 2315 1093 2387 tanquam
1107 2308 1254 2388 propriam
1267 2325 1336 2387 par-

142 2442 146 2449 -
171 2419 231 2474 tem
246 2412 358 2473 adiecta
372 2428 447 2471 esse.
476 2409 541 2470 lloc
560 2408 638 2470 idem
659 2409 749 2470 etiarn
765 2408 920 2488 llionpsius
935 2409 997 2470 llal.
1015 2419 1170 2482 memorat,
1188 2410 1334 2489 decemp

171 2513 252 2576 verb.
268 2531 293 2575 e.
310 2514 346 2574 2:
373 2530 462 2592 quem
481 2511 580 2574 locum
603 2511 653 2591 qui
673 2530 742 2573 cum
757 2511 936 2583 Quintiliano
959 2513 1181 2592 comparaverit,
1204 2512 1336 2574 dubitare

171 2616 218 2679 vix
233 2615 351 2697 poterit,
368 2615 439 2695 quin
454 2615 491 2677 ab
505 2615 563 2677 hoc
577 2621 736 2694 usurpatus
751 2621 782 2674 et
797 2615 1013 2694 propemodum
1029 2633 1188 2677 conversus
1203 2614 1242 2676 sit
1252 2616 1290 2694 3).

258 2718 446 2780 Manifestum
473 2724 520 2779 est
545 2717 634 2796 igitur
648 2715 819 2790 Quintiliani
845 2723 875 2777 et
896 2716 1024 2798 Dionysii
1039 2717 1219 2792 testimonio,
1245 2717 1338 2779 luisse

175 2821 246 2882 olim
261 2822 311 2902 qui
326 2818 460 2882 adverbia
476 2819 507 2881 in
522 2819 625 2885 eadem
641 2838 709 2881 cum
725 2819 820 2880 verbis
835 2826 917 2898 parte
935 2819 1074 2881 orationis
1091 2828 1244 2900 ponerent,
1261 2837 1338 2880 uno-

175 2941 233 3002 que
249 2918 401 3005 ῥημάτιον
415 2922 537 2984 nomine
551 2928 712 3001 utrumque
725 2939 818 3001 genus
833 2922 1125 3001 comprehenderent,
1146 2921 1338 3002 eiusdemque

175 3025 218 3086 rei
232 3032 337 3086 testem
359 3043 430 3086 mor
448 3025 538 3085 etiam
553 3023 736 3085 Priscianum
754 3023 961 3103 producemus,
982 3042 1162 3105 quamquam
1177 3041 1238 3086 non
1252 3024 1338 3105 plane

175 3145 242 3189 cnm
269 3126 324 3188 illis
350 3126 576 3206 conspirantem,
605 3126 666 3198 sed,
692 3133 726 3189 ut
745 3126 881 3200 arbitror,
906 3126 1061 3188 veriorem.
1092 3127 1219 3201 Quinam
1239 3134 1337 3189 autem

174 3228 262 3310 primi
283 3228 319 3291 ab
339 3230 394 3290 hac
416 3229 529 3291 ratione
551 3228 725 3290 desciverint
743 3228 957 3310 propriumque
977 3235 1008 3292 et
1030 3230 1156 3292 acerbis
1171 3236 1339 3312 separatum

245 3378 271 3442 2)
292 3376 375 3430 Causa
393 3380 523 3431 dividendi
535 3378 677 3447 Chrysippo
690 3377 739 3431 luit
750 3380 894 3432 Stoicorum
907 3380 938 3430 de
950 3380 1094 3433 naturali
1106 3380 1286 3435 vombnlorum
1303 3384 1338 3433 si·

176 3462 337 3527 gaiflmtione
354 3465 494 3516 sententis:
511 3479 566 3516 m
585 3466 709 3517 uomina
726 3466 855 3532 propria
868 3482 918 3517 non
930 3462 1014 3536 φύσει
1029 3467 1073 3518 sed
1090 3467 1170 3520 δέσει
1182 3468 1298 3534 inposita
1309 3469 1341 3519 al>

176 3547 319 3600 homiuibus
331 3564 387 3599 esse
400 3547 568 3615 intelligebat.

247 3631 272 3694 3)
291 3632 346 3697 Quo
369 3635 522 3686 commodius
544 3636 699 3700 comparatio
722 3636 779 3687 lleri
800 3637 882 3704 possit
905 3636 960 3702 ipso
975 3635 1092 3704 Dionysii
1109 3636 1187 3687 vei-loa
1202 3638 1341 3705 adscripsi:

185 3714 280 3767 Ταῦτα
296 3715 328 3767 δὲ
346 3714 388 3778 (cd
407 3723 533 3785 στοιχεῖα
545 3718 593 3784 τῆς
603 3721 700 3779 λέξεως
712 3735 734 3771 τ.
747 3716 781 3772 τὰ
795 3721 845 3772 τοῦ
857 3717 944 3790 λόγου
954 3718 1052 3793 μόρια)
1068 3720 1220 3787 Θεοδέκτης
1229 3722 1283 3792 μὲν
1294 3723 1341 3773 καλ

184 3796 374 3869 Ἀριστοτέλης
389 3802 436 3852 καλ
453 3803 482 3853 οἱ
497 3800 555 3854 κατ’
573 3801 694 3861 έκεένους
710 3803 957 3875 φιλοσοφήσαντες
968 3802 1033 3863 τοδς
1044 3801 1168 3875 χρόνους
1179 3800 1243 3877 ἄχρι
1256 3808 1341 3877 τριῶν

178 3882 358 3959 προήγαγον,
381 3881 507 3956 ὀνόματα
528 3888 574 3940 καλ
597 3885 707 3960 ῥήματα
723 3891 770 3941 τιαλ
787 3889 964 3961 συνδέσμους
981 3894 1078 3960 πρῶτα
1094 3892 1166 3965 μέρη
1184 3894 1237 3945 rod
1253 3887 1341 3962 λόγου

178 3975 336 4032 ποιοῦντες.
357 3974 393 4027 Οἱ
405 3971 436 4025 δέ
447 3970 508 4042 μετ’
522 3970 622 4032 αὖτοὺς
632 3969 781 4045 γενόμενοι
791 3978 837 4027 τιαλ
845 3974 969 4047 μάλιστα
979 3978 1009 4029 οἱ
1016 3978 1064 4043 τής
1072 3979 1199 4039 Στωϊκῆς
1207 3979 1342 4048 αἱρέσεως

177 4054 313 4130 ἡγεμόνες
324 4054 375 4118 ἕως
382 4057 520 4129 τεττάρων
532 4062 734 4127 πραυρήδασαν,
742 4065 917 4129 χωρίσαντες
928 4059 988 4114 sind
1001 4065 1057 4116 τῶν
1069 4061 1237 4132 συνδέσμων
1248 4060 1282 4115 τιλ
1291 4060 1342 4134 dp·

178 4150 245 4215 δρα.
263 4142 330 4197 Eto'
343 4144 372 4197 οἱ
381 4145 614 4215 μεταγενέστεροι
625 4142 659 4196 τὰ
673 4145 870 4215 προσηγορικὰ
883 4143 1023 4205 διελόντες
1031 4145 1091 4200 αἰιδ
1100 4150 1156 4201 τῶν
1166 4145 1342 4219 ὀνοματικῶν

179 4230 263 4281 πέντε
278 4225 464 4299 ἀπεφήναντο
480 4227 515 4282 roi
529 4231 629 4299 πρῶτα
646 4231 728 4299 μέρη.
747 4225 854 4302 Ἓτεροι
871 4229 903 4283 δὲ
916 4232 962 4283 eol
974 4230 1024 4290 τὰς
1036 4231 1211 4302 δντωνυμέας
1222 4229 1342 4295 duodeci·

180 4314 275 4373 ξαντες
298 4311 357 4367 ἀπὸ
375 4315 432 4369 ταῖν
448 4312 597 4385 despesos
614 4313 694 4368 ἕκτον
712 4320 855 4385 στοιχεῖον
870 4318 953 4368 τοῦτο
971 4314 1118 4383 ἐποίησαν.
1144 4319 1180 4373 θλ
1197 4317 1228 4372 dl
1244 4321 1291 4371 νιαλ
1307 4317 1341 4373 rol

180 4393 360 4471 ἐπιρρήματα
371 4399 478 4454 διεῖλον
489 4397 548 4453 tud
561 4402 617 4454 τῶν
625 4398 759 4473 ῥημάτων
768 4401 814 4453 rol
822 4398 873 4460 τόις
882 4398 1102 4471 προδέσειςδπὸ
1112 4405 1169 4459 τῶν
1177 4402 1344 4475 συνδέσμων

181 4484 228 4536 καὶ
240 4482 289 4542 τὰς
299 4482 423 4554 μετοχὰς
434 4481 493 4539 ἀπὸ
506 4488 563 4542 τῶν
575 4488 803 4561 προσηγορικῶν.
