3154 5138
777 474 978 576 Aa..

298 666 338 728 sit
351 664 538 739 discriminis,
554 663 627 726 adeo
642 670 741 726 tamen
754 661 784 726 id
805 662 943 745 exiguam
957 682 1032 739 essa,
1047 664 1096 728 rix
1109 664 1211 728 utrdlo
1223 664 1287 728 loco
1297 675 1441 731 1101111111-

299 767 343 829 ris
357 767 510 829 collocatio
526 774 592 848 apta
608 766 656 829 sit

384 870 498 931 Eodem
517 869 645 950 ospitat
665 869 700 931 6:
719 869 901 951 cadatcadat
914 873 1114 951 praetendam
1132 888 1217 952 sarpa
1232 870 1293 933 diat
1305 889 1385 933 maara
1399 871 1446 934 da-

176 1042 183 1055 ,
301 971 425 1034 obruat.
469 971 514 1033 dd
529 971 741 1034 defendendam
761 972 999 1035 coniunctionem
1018 982 1045 1035 ct
1059 973 1131 1036 11111
1145 973 1177 1035 iu
1191 972 1377 1035 annotatione
1390 974 1449 1037 cdi-

301 1074 388 1135 tionis
403 1093 484 1136 meae
499 1074 608 1136 dictum
623 1082 683 1136 est:
704 1073 755 1136 sed
770 1092 862 1155 quum
884 1074 1055 1139 Nobbiauaa
1073 1074 1210 1139 cdiuouie
1229 1074 1392 1157 menrplum
1407 1084 1449 1157 tp·

299 1177 453 1258 pograpbo
469 1174 692 1238 deamibeudum
707 1176 864 1251 dedissem,
876 1176 979 1239 aeddi
992 1176 1037 1240 rel
1051 1196 1117 1239 maa
1130 1176 1175 1239 val
1185 1176 1360 1258 typographi
1372 1177 1452 1241 iucu-

300 1278 351 1353 ria,
367 1287 399 1340 ut
413 1278 580 1341 coniunctio
595 1277 641 1341 illa
657 1277 687 1339 in
702 1286 839 1341 contextu
849 1279 1005 1341 verborum
1016 1279 1168 1343 Ciceronis
1178 1279 1372 1354 omitteretur,
1381 1279 1454 1343 simut

300 1400 316 1442 a
329 1380 457 1456 Nobbio,
472 1381 509 1443 ad
523 1382 711 1462 superiorum
726 1380 837 1461 aliquot
850 1380 996 1444 editorum
1011 1381 1186 1464 exemplum,
1201 1380 1315 1445 omina
1329 1393 1383 1445 eat

386 1483 455 1564 Cep.
470 1483 518 1559 lll,
535 1484 568 1544 7:
583 1482 797 1546 Pracdcdoaaa
810 1502 880 1547 vera
895 1495 923 1547 at
931 1488 1152 1566 praesensiones
1170 1503 1275 1548 reram
1289 1485 1458 1567 [muratum

301 1586 370 1666 qaid
389 1585 471 1649 ama
490 1585 653 1658 declarant,
674 1589 732 1648 aiai
744 1606 793 1659 aa,
808 1604 881 1668 qaae
895 1590 966 1659 sint,
982 1588 1107 1659 11111131,
1126 1589 1302 1660 omitttraai,
1313 1587 1457 1668 maadi}

297 1686 452 1769 praedicti
465 1687 569 1751 Inutile
583 1687 821 1763 additamentum,
836 1707 909 1770 puae
924 1692 990 1762 rint,
1005 1698 1055 1751 aut
1072 1688 1160 1752 etiarn
1179 1707 1255 1771 quac
1272 1699 1351 1763 mat,
1365 1687 1396 1751 iu
1411 1707 1460 1751 co·

302 1790 415 1853 dinibus
430 1791 570 1854 omuibus
584 1791 698 1873 legitur,
712 1799 918 1871 praeterquam
932 1792 964 1854 in
979 1791 1159 1866 Mouamusi,
1175 1791 1261 1856 uuus
1272 1791 1415 1855 lectiones
1428 1790 1460 1852 li.
1570 1770 1571 1803 ¹

301 1892 455 1956 lacobsius
470 1912 536 1957 oum
552 1894 671 1956 llorero
684 1892 917 1968 communicavit,
933 1903 962 1955 et
975 1894 1006 1956 iu
1020 1895 1111 1975 Regio
1121 1894 1240 1971 Davisii,
1255 1894 1309 1976 qni
1323 1903 1421 1959 tamen
1434 1893 1465 1955 iu

302 1995 433 2076 margine
446 1996 546 2059 babet:
565 2015 638 2078 pace
657 1998 859 2078 saturarent:
880 1995 910 2057 id
925 1997 1004 2077 quod
1023 1996 1152 2060 editores
1172 2007 1245 2078 post
1258 1996 1463 2060 Heindorfium
1570 1988 1571 2065 Ϊ

302 2116 406 2160 omues
417 2108 597 2181 receperunt
640 2100 677 2162 Et
690 2109 767 2161 recte
782 2098 914 2180 quidem,
935 2101 961 2161 si
980 2099 1153 2162 alterutrum
1167 2100 1378 2182 recipiendum
1394 2109 1467 2164 erat:
1570 2074 1571 2105 ¹

300 2201 407 2264 raotius
421 2210 518 2266 muron
541 2211 698 2283 utrumque
713 2204 947 2286 repudiabimus,
965 2209 1000 2263 ut
1014 2202 1179 2282 proiectum
1194 2204 1236 2266 ab
1251 2204 1354 2286 alioue
1370 2221 1466 2267 corre·

302 2315 392 2376 ctorc,
408 2306 458 2385 qui
473 2324 564 2385 quum
577 2323 743 2386 pronomen
757 2307 853 2370 neutri
867 2304 983 2387 generis
1002 2322 1037 2366 aa
1051 2304 1087 2367 ad
1107 2306 1319 2384 promanantia
1334 2306 1471 2370 ieudniua

301 2424 404 2468 reram
416 2410 601 2489 fumantum,
615 2408 718 2471 referri
731 2427 795 2471 non
808 2427 898 2491 posse
911 2414 1035 2489 putaret,
1054 2414 1219 2471 stmmurto
1241 2409 1405 2473 aaronita
1420 2426 1469 2472 co·

301 2517 430 2572 naretur.
474 2510 565 2574 Periti
589 2511 668 2573 bunc
692 2530 780 2574 usum
806 2510 920 2592 generis
943 2510 1040 2572 neutri
1061 2527 1124 2571 nou
1145 2528 1253 2573 rarum
1275 2531 1348 2576 essa
1368 2512 1473 2574 sciunt.

270 2622 286 2673 5
303 2612 477 2692 Exemplum
496 2613 582 2694 plane
600 2613 750 2693 geminum
769 2622 815 2676 ost
833 2614 871 2676 de
888 2613 950 2675 biv.
969 2611 1069 2687 liat,
1086 2612 1162 2674 117:
1182 2613 1319 2695 afflatu
1338 2624 1474 2677 exterra

301 2725 425 2777 mntem
438 2719 480 2778 ita
493 2733 620 2790 moverta,
634 2728 668 2778 at
680 2735 745 2778 eam
755 2717 915 2798 procidam
928 2732 1030 2777 restam
1050 2716 1230 2796 martam
1246 2717 1382 2799 efficiat,
1397 2727 1431 2780 tat
1443 2734 1477 2777 ca

302 2835 362 2878 aon
376 2818 462 2879 moda
477 2828 578 2880 cenat
598 2829 678 2891 autc,
698 2820 853 2881 sedetiam
872 2835 994 2880 macero
1014 2834 1156 2898 peramat
1170 2823 1370 2898 proamitae.
1415 2819 1476 2881 buo

303 2918 357 2980 alia
371 2919 402 2980 in
417 2919 476 2980 boc
494 2918 560 2999 ipso
580 2917 657 2982 libro
677 2930 748 2982 sumt
766 2939 829 3001 cap.
845 2923 880 2995 b,
902 2922 941 2983 15
961 2928 990 2982 et
1009 2920 1043 2994 7,
1066 2918 1120 2993 18,
1140 2919 1296 3003 pluraque
1311 2922 1479 2985 mmmmm

302 3019 455 3100 Zumptius
471 3020 507 3082 ad
524 3019 634 3081 Verriu.
649 3040 678 3101 p.
695 3020 757 3083 333
771 3021 899 3085 Kritaius
912 3023 949 3084 ad
964 3021 1084 3084 Sallust
1095 3021 1156 3103 lug.
1172 3041 1200 3084 c.
1218 3026 1278 3099 41,
1299 3026 1330 3089 1.

387 3120 456 3201 Cap.
472 3121 518 3196 lv,
535 3122 569 3183 11
581 3141 588 3184 :
604 3127 673 3186 uitio
688 3124 745 3186 aili
757 3124 980 3188 talernaculum
994 3134 1111 3207 raptam
1123 3126 1219 3206 same
1240 3126 1354 3192 amam
1367 3126 1481 3209 Scipio·

301 3227 355 3286 aia.
399 3224 477 3288 llaec
490 3234 536 3287 est
550 3226 684 3289 codicum
699 3227 786 3306 longe
799 3227 994 3308 plurimorum
1009 3237 1038 3290 et
1052 3226 1246 3307 optimorum
1262 3229 1376 3309 lentio,
1396 3248 1483 3313 quam

302 3325 428 3388 vitiatam
443 3344 509 3389 essa
522 3345 611 3389 nemo
626 3345 688 3389 non
700 3327 840 3408 iutelligit.
884 3329 937 3392 dlii
956 3333 988 3391 in
1007 3329 1107 3392 lartm
1125 3326 1260 3407 babent,
1283 3350 1369 3398 tmus
1385 3342 1483 3397 autern

301 3433 524 3510 aracapcctioaia,
545 3430 650 3492 merito
670 3429 739 3492 illud
751 3429 935 3510 repudiatum
956 3433 993 3495 ab
1008 3431 1180 3506 editoribus,
1198 3435 1327 3513 pariter
1338 3456 1411 3501 oum
1425 3436 1485 3499 llo-

301 3530 374 3593 herii
390 3532 575 3607 commentis,
590 3536 791 3614 aotapecdcata
807 3553 832 3595 r.
848 3536 1043 3616 avispiciom
1087 3534 1163 3596 Sunt
1174 3536 1278 3599 etiam
1290 3539 1372 3602 haec
1386 3539 1485 3601 omnia

302 3633 440 3697 vocabula
454 3634 597 3709 inaudita,
612 3644 641 3697 et
660 3640 870 3717 suspectionis
888 3654 926 3699 ne
939 3644 1062 3717 pmptcr
1075 3636 1348 3717 significationem
1368 3642 1488 3724 quidam

301 3735 411 3797 admitti
427 3746 537 3816 posset
581 3736 680 3818 Neque
694 3738 873 3819 probabilior
885 3746 932 3801 ost
951 3734 1067 3801 nudari
1079 3738 1276 3820 coniectura,
1297 3744 1354 3827 qui
1370 3746 1487 3808 mansa

301 3837 326 3898 ll
341 3856 370 3917 p.
389 3837 449 3900 158
464 3841 600 3919 opinionis
618 3858 673 3919 pro
692 3839 836 3921 8111111111
856 3839 1046 3903 scribendum
1066 3860 1133 3904 csse
1152 3845 1279 3922 suasit,
1297 3850 1377 3929 quid
1393 3858 1489 3912 autam

301 3939 392 4002 altero
406 3939 549 4003 vocabulo
563 3939 663 4004 bortoa
677 3943 840 4006 iaciendum
855 3950 942 4018 essm,
956 3942 1052 4005 dimre
1071 3947 1263 4026 cumdii*
1298 3951 1397 4028 Quod
1411 3970 1429 4015 a
1442 3968 1490 4012 me

301 4040 444 4121 scriptum
464 4049 521 4116 cst,
542 4042 578 4104 de
596 4043 730 4106 Lambini
750 4046 931 4118 coniectura,
950 4049 983 4107 ia
995 4044 1088 4109 lortab
1107 4046 1286 4129 sapiam,
1304 4055 1491 4119 minutiam

300 4144 403 4205 sallem
423 4161 484 4206 non
503 4143 659 4207 absurdam
680 4146 779 4224 babet,
797 4147 1012 4229 probatumque
1031 4167 1124 4229 quum
1142 4148 1182 4212 ab
1208 4152 1286 4218 aliia
1306 4164 1375 4235 eat,
1394 4166 1492 4225 lum

299 4244 453 4307 Brissonio
468 4245 504 4308 de
519 4246 650 4308 Formnr.
664 4249 692 4321 1,
707 4248 769 4311 205
781 4268 810 4330 p.
826 4250 885 4314 109
896 4250 1000 4326 Coum
1014 4261 1114 4314 tamen
1124 4270 1241 4319 verum
1255 4278 1334 4323 asse
1342 4279 1412 4325 nou
1420 4280 1493 4344 spo·

299 4346 465 4425 paudcdm,
480 4346 546 4410 licet
564 4347 656 4412 torm
669 4349 755 4413 etiam
770 4352 801 4414 iu
820 4370 880 4415 uuo
896 4353 996 4416 codice
1013 4354 1134 4436 legatur.
1184 4354 1258 4424 &d
1281 4380 1389 4445 quum
1405 4362 1494 4448 pltri-

299 4466 356 4527 que
369 4447 468 4512 lartoa
481 4448 620 4527 babeant,
639 4450 698 4515 boo
716 4471 771 4534 ego
791 4454 949 4518 tmendum
967 4464 1054 4536 puto,
1074 4456 1257 4525 addendam
1275 4474 1389 4531 autern
1405 4487 1494 4550 prae·
