3164 5138
674 482 715 547 m
1059 532 1081 577 χ

114 676 287 739 histamcm
300 672 415 737 duobus
431 674 572 738 versibus
588 677 760 752 continetur,
774 674 824 758 qui
836 682 906 738 sunt
918 674 987 737 169.
1002 675 1072 749 170,
1088 674 1140 737 sed
1151 674 1276 755 pertinet

119 797 209 861 usqne
224 778 264 839 ad
279 798 307 838 r.
326 778 393 839 174.
438 778 544 858 itaque
567 779 597 841 in
622 780 766 860 principio
792 777 895 841 scholii
913 795 976 839 non
993 774 1110 841 τοῦτον
1130 771 1189 839 καὶ
1209 772 1276 840 τόν

117 874 199 966 ἑξῆς,
226 880 281 942 sed
295 876 411 942 τοῦτον
432 875 493 942 καὶ
513 877 599 957 τούς
619 874 693 967 ἑξῆς
719 880 905 943 scribendum
928 889 982 943 est.
1026 881 1060 942 in
1084 880 1157 959 ipsis
1178 890 1274 942 autem

117 983 671 1067 poeuevershusoonpotestduhiuri,
684 984 755 1064 quin
766 992 873 1045 rectea
889 983 1100 1046 recentioribus
1114 982 1274 1044 editoribus

116 1088 263 1168 plerisque
282 1077 496 1167 ἐμβασιλεύει
515 1086 654 1167 scriptum
674 1087 713 1148 sit
732 1104 786 1166 pro
806 1105 855 1162 eo,
875 1087 954 1165 quod
969 1087 1000 1147 in
1015 1085 1164 1148 codicibus
1179 1093 1275 1147 extare

118 1190 218 1252 dicitur
235 1181 505 1269 tppoottevmr).
548 1188 637 1265 Nam,
658 1188 717 1250 nisi
738 1188 804 1268 quis
819 1189 893 1249 iorte
907 1195 1002 1248 totum
1016 1188 1096 1249 hunc
1109 1205 1225 1248 versum
1241 1195 1274 1247 ut
1293 1188 1324 1240 1¹1

119 1293 277 1356 insiticium
293 1291 395 1365 eiiciat,
409 1320 451 1338 ·-
467 1301 496 1353 et
510 1292 592 1353 abest
607 1309 678 1353 sane
692 1311 708 1352 a
720 1290 869 1352 codicibus
883 1309 945 1352 non
960 1291 1071 1371 paucis,
1082 1326 1124 1336 -
1134 1309 1275 1371 praesens

119 1397 195 1458 rerbi
211 1406 342 1475 tempus,
350 1412 413 1456 non
427 1395 615 1475 praeteritum
630 1412 678 1457 res
693 1396 758 1474 ipsa
772 1394 887 1472 flagitat
918 1394 1004 1468 Quod
1019 1393 1096 1456 enim
1109 1395 1275 1475 Lennepius

120 1500 233 1573 obicit,
256 1499 416 1560 Saturnum
431 1497 462 1559 in
481 1499 633 1560 beatomm
655 1498 759 1559 insulis
774 1506 943 1575 regnantem
958 1496 1089 1576 quamvis
1109 1496 1154 1558 alii
1173 1505 1276 1576 poetae

118 1608 300 1672 memorent,
321 1606 398 1659 certe
416 1599 547 1660 Hesiodo
573 1600 707 1679 ignotum
727 1617 806 1670 esse,
826 1599 934 1679 quippe
953 1600 1003 1679 qui
1022 1600 1129 1660 diserte
1149 1600 1275 1660 Saturno

14 1684 15 1719 i
119 1724 181 1766 cum
206 1702 362 1765 Titanibus
378 1701 449 1763 caeli
474 1702 597 1781 imperio
623 1701 742 1763 deiectis
768 1702 867 1763 sedern
893 1701 1003 1763 tribuat
1032 1702 1062 1763 in
1085 1702 1275 1765 tenebricosis

118 1807 231 1867 Tartari
258 1805 402 1877 cavernis,
432 1803 543 1884 Theog.
570 1824 594 1866 r.
623 1803 684 1864 729
714 1821 778 1883 sqq.
809 1803 870 1865 813
900 1823 965 1884 sqq.
995 1804 1057 1867 850
1082 1824 1162 1885 sqq:
1188 1806 1275 1867 huius

117 1910 281 1990 argumenti
301 1908 345 1968 ris
367 1908 443 1969 nulia
463 1926 529 1968 esse
549 1915 661 1987 potest,
676 1906 733 1967 nisi
748 1906 824 1986 apud
840 1926 900 1980 eos,
916 1907 1022 1987 quibus
1037 1927 1211 1989 persuasum
1227 1907 1274 1980 sit,

117 2013 250 2074 eiusdem
279 2019 384 2091 poetae
410 2017 440 2072 et
465 2008 665 2089 Theogoniam
679 2019 720 2069 ret
744 2009 802 2070 hoc
827 2009 863 2069 de
888 2009 1030 2072 aetatibus
1056 2029 1174 2073 carmen
1201 2030 1274 2071 esse·

116 2116 281 2177 Fatendum
298 2122 462 2187 astantem,
477 2121 594 2192 recepto
609 2114 755 2193 praesenti
774 2106 988 2191 duductieaiet
1008 2113 1104 2194 paulic
1125 2114 1275 2175 duriorem

115 2237 178 2279 esse
198 2218 347 2280 orationis
365 2224 556 2288 stmcturam,
577 2233 667 2294 quum
681 2211 853 2294 ‘pronomen
872 2213 961 2275 coice
980 2231 1041 2275 non
1057 2214 1092 2275 ad
1108 2215 1275 2293 proximum

115 2310 313 2391 ἀθανάτων,
339 2319 391 2380 sed
421 2320 458 2380 ad
483 2336 536 2378 eos
562 2317 744 2378 referendum
772 2318 822 2389 sit,
848 2316 990 2396 quiante
1009 2317 1161 2379 memorati
1184 2325 1275 2389 erant,

116 2423 256 2484 heroicae
282 2422 384 2482 aetatis
410 2420 554 2481 homines.
599 2418 825 2480 Concedendum
851 2426 895 2479 est
921 2419 1018 2497 igitur,
1044 2420 1123 2499 quod
1146 2420 1275 2501 lieyerus

115 2525 184 2586 dixit
199 2544 231 2604 p.
248 2523 301 2595 25,
315 2523 419 2584 meiius
438 2531 554 2602 poetam
571 2522 749 2600 scripturum
765 2522 857 2582 inisse
875 2522 944 2595 τοῖς
966 2517 1003 2583 δὲ
1024 2516 1150 2605 Κρόνος
1171 2515 1275 2602 ἔμβα-

116 2618 251 2687 οιλεύει.
298 2624 355 2686 Sed
370 2624 459 2685 muita
474 2623 587 2685 suntin
601 2622 648 2683 his
663 2622 828 2695 Hesiodeis,
849 2642 921 2703 quae
936 2624 1017 2685 aliter
1036 2624 1144 2704 scripta
1165 2625 1274 2697 malles,

116 2744 210 2807 neque
221 2736 324 2788 tamen
338 2734 493 2805 propterea
504 2726 554 2795 sic,
568 2732 601 2785 ut
612 2732 689 2797 sunt,
704 2724 791 2786 scribi
803 2744 819 2786 a
830 2724 926 2804 poetis
938 2744 999 2787 non
1011 2726 1131 2806 optimis
1142 2729 1276 2806 potuisse

115 2846 212 2908 neges.
245 2828 319 2889 Nam
335 2827 416 2907 qnod
430 2827 506 2887 idem
522 2827 651 2907 tiegerus
666 2828 701 2889 ad
713 2828 913 2907 imperfectum
930 2821 1125 2909 inductione
1135 2829 1274 2892 tuendum

116 2929 365 3000 comminiscitur,
385 2928 483 2989 sedem
502 2927 642 2989 heroibus
665 2928 694 2989 in
714 2928 821 2990 tinibus
844 2931 962 3009 quidem
982 2939 1075 2992 terroe
1100 2931 1274 3011 assignatam

116 3051 195 3103 csse,
216 3032 270 3093 sed
294 3031 381 3109 longe
399 3038 497 3092 tamen
516 3036 660 3090 remotam
683 3049 699 3090 a
719 3030 885 3104 Titanibus,
912 3050 1038 3111 quorum
1060 3034 1204 3096 Saturnus
1225 3054 1275 3096 rex

115 3227 323 3315 ἐμβασίλευε,
346 3234 403 3295 hoc
418 3233 533 3312 quidem
549 3234 674 3294 refutare
688 3251 749 3294 non
766 3252 841 3313 opus
858 3244 911 3296 est.

200 3336 343 3416 Sequitur
358 3324 448 3409 οἶνος
462 3351 514 3396 seu
534 3334 633 3398 sabella
648 3336 685 3396 de
700 3336 837 3416 accipitre
857 3347 885 3399 et
898 3339 1033 3411 luscinia,
1056 3360 1080 3400 r.
1096 3338 1275 3415 rot-2123

116 3439 153 3500 ad
169 3456 261 3519 mem
275 3437 372 3499 iocum
387 3443 568 3496 memoratur
585 3435 617 3497 in
632 3436 752 3497 scholiis
768 3437 928 3501 Aristarchi
948 3440 1073 3501 notatio:
1093 3436 1217 3504 codrior
1239 3440 1276 3505 ds*

115 3536 179 3601 τῶν
200 3528 323 3617 στίχων
346 3527 591 3618 ὁἍρίοτορχος
612 3528 757 3616 ὀβολίζει
776 3536 1081 3617 concrematae,
1106 3534 1151 3618 ὡς
1165 3535 1275 3628 ἀλόγῳ

115 3637 334 3723 γνωμολογεῖν
353 3629 412 3700 οὐκ
434 3628 661 3723 ἄν’προοῆκον.
692 3640 804 3722 Nempe
816 3642 1006 3724 vituperabat,
1020 3645 1150 3726 accipitri
1161 3654 1277 3726 praeter

115 3763 147 3805 sa
172 3741 278 3815 rerba,
308 3740 414 3822 quibus
445 3741 652 3802 lamentantem
682 3742 834 3805 lusciniam
860 3746 1003 3825 increpat,
1028 3748 1114 3810 etiam
1141 3753 1275 3829 generale

114 3854 305 3927 praeceptum
319 3843 419 3917 hibui,
438 3832 552 3927 ὅφρων
574 3833 605 3904 d’
629 3835 666 3917 ὅς
687 3834 714 3904 κ’
737 3838 840 3929 ἐθέλῃ
863 3843 950 3929 πρὸς
970 3842 1163 3932 κρείσσονας
1185 3842 1276 3915 ἄντι-

115 3940 274 4031 φορίζευ·
312 3935 639 4028 stuporemque
671 3938 756 4025 πρός
780 3937 808 4006 τ’
836 3938 985 4028 αἴσχεσιν
1015 3942 1115 4033 ἄλγεα
1142 3947 1275 4032 πάσχει,

115 4058 215 4128 utpote
229 4048 273 4110 rei
288 4047 448 4110 abhorrens
464 4043 603 4105 abestiae
617 4044 734 4123 ingenio
754 4045 797 4107 rei
817 4055 894 4109 certe
912 4050 942 4111 in
956 4053 1033 4115 hanc
1047 4054 1186 4116 lusciniae
1207 4076 1275 4118 ceu-

180 4305 220 4369 td)
239 4303 354 4357 Praeirit
365 4306 560 4357 emendationem
572 4303 710 4368 Graevius,
723 4305 805 4358 Lactt.
818 4308 918 4360 Hesiod.
932 4327 954 4361 c.
968 4314 991 4362 5.
1005 4328 1029 4380 p.
1043 4315 1092 4365 528
1106 4313 1216 4379 Lucem,
1230 4320 1276 4372 ad.

121 4396 230 4454 optarunt
240 4389 412 4455 Schrcrelinn
424 4389 558 4455 iirsbsius,
570 4391 741 4457 Buttmannus,
754 4390 934 4459 Gusttlingius,
946 4395 1065 4449 Lehrsius
1075 4405 1192 4463 uterquc,
1204 4397 1277 4451 Voll-

14 4512 15 4515 ,
119 4470 221 4542 hebrius
233 4483 262 4528 ot
274 4476 319 4528 atii
331 4474 443 4528 fortasse
454 4476 550 4544 piures,
561 4477 592 4527 de
605 4477 693 4546 quibos
705 4492 827 4547 quaerere
841 4495 906 4532 nuno
918 4497 967 4533 non
978 4490 1060 4534 vacet.
