3190 5136
692 475 751 539 tos

129 663 182 730 λοι
195 666 242 728 rei
256 664 552 747 publieaspraoasse.
579 663 626 727 ln
640 681 724 740 roro,
740 663 1034 746 siClytaemnestram
1046 662 1292 729 oumllermanno

130 768 280 850 designem
299 767 464 843 sumimus,
483 767 550 848 plus
568 766 663 830 bellici
681 766 798 830 roboris
818 766 849 829 in
869 766 990 830 mubore
1013 785 1100 848 quam
1123 768 1155 830 in
1174 768 1292 832 sonibus

130 868 398 934 lu’usedinemusi
827 892 832 901 ·

214 973 251 1035 ln
267 973 403 1036 oratione
417 971 659 1054 liptaemnestrae
672 990 698 1034 r.
714 971 775 1035 271
792 991 873 1054 sqq:

336 1067 517 1161 ὑπερτελής
535 1094 586 1153 τε,
608 1067 733 1139 πόντον
754 1066 840 1140 tiore
860 1065 1013 1153 νωτίσαι,

338 1170 431 1257 laxis
451 1173 615 1261 πορευτοῦ
635 1171 814 1258 λαμπάδος
833 1174 919 1264 πρὸς
938 1168 1057 1264 sidonio

338 1274 462 1366 πεύκης
481 1276 521 1344 τὸ
540 1275 770 1367 χρασοφεγγὲς,
793 1274 839 1357 ὥς
858 1300 910 1357 τις
930 1272 1037 1366 ἥλιος,

338 1376 436 1459 σίλας
455 1375 708 1467 παραγγείλασα
729 1376 911 1447 Μακίστου
933 1383 1112 1460 σκοπαῖς.

131 1487 324 1570 probandum
342 1496 389 1548 est
406 1486 486 1567 quod
503 1485 691 1549 Hermannus
710 1485 830 1567 scripsit
848 1481 967 1571 σκοπῷ
973 1507 981 1549 :
1005 1487 1058 1550 sed
1072 1486 1103 1549 in
1124 1488 1292 1571 explicanda

131 1591 220 1655 totius
236 1590 298 1654 lori
314 1596 461 1653 structura
475 1590 584 1652 lrustro
596 1589 747 1652 laborarit
775 1588 962 1652 Desideratus
971 1588 1074 1670 utique
1087 1590 1208 1654 verbum
1223 1593 1292 1657 lini-

131 1703 207 1769 tnnt,
223 1694 317 1774 idque
329 1692 491 1774 intelligens
505 1691 720 1773 bambergmus
735 1691 922 1773 sagsoissima
937 1692 1102 1756 oonienura
1117 1690 1293 1781 παρηγγεί-

130 1815 225 1879 ρεοσε
259 1814 317 1877 pro
344 1788 595 1880 παραγγείλασα
619 1795 786 1878 proposuit
830 1794 864 1858 ld
891 1813 982 1877 quum
1011 1796 1184 1877 explicatum
1214 1806 1293 1862 esset

131 1897 285 1981 adscripto
304 1897 394 1961 verbo
413 1897 520 1960 nuum
539 1891 754 1984 παρήγγειλα,
772 1899 831 1961 boo
849 1897 948 1981 ipsunt
963 1917 979 1961 a
993 1897 1120 1962 librariis
1134 1900 1211 1964 illius
1224 1902 1290 1966 loeo

130 2001 293 2083 scripturn,
309 2019 344 2066 aa
357 2001 425 2064 dein
438 2020 455 2063 a
470 2000 684 2065 correctoribus
698 2001 785 2064 metri
799 2020 888 2065 eausa
906 2002 937 2064 in
956 1996 1205 2088 παραγγείλασα
1223 2025 1291 2068 mu·

132 2114 223 2170 tatum
239 2124 310 2168 esso
324 2123 465 2186 perquam
479 2104 540 2167 veri
554 2103 650 2167 simile
663 2113 717 2168 est
746 2104 810 2167 Nisi
830 2089 896 2185 quis
916 2105 992 2168 forto
1005 2104 1073 2168 illud
1093 2107 1193 2188 potius
1207 2104 1292 2193 πρὸς

131 2201 253 2293 ἧόονήν
275 2208 307 2270 in
326 2225 413 2271 ausu
427 2206 557 2270 seeundo
575 2205 708 2270 vitiatum
722 2225 789 2270 esse
803 2208 910 2283 eredat,
924 2208 1209 2291 permutandumque
1223 2229 1290 2274 oum

131 2311 226 2394 aliquo
242 2311 336 2374 umbo
351 2310 449 2387 linito,
464 2310 542 2373 velut
554 2304 747 2395 προηλόόη.
776 2309 809 2372 ld
827 2306 900 2372 milti
921 2310 990 2373 olim
1009 2310 1042 2373 in
1060 2322 1189 2376 mentem
1203 2314 1289 2389 venit,

130 2421 196 2477 ante
215 2432 309 2495 quam
328 2413 513 2495 Bambergeri
533 2411 768 2476 emendationem
786 2431 924 2476 nossent:
944 2431 1025 2477 nuno
1042 2415 1142 2478 nasoio
1162 2435 1200 2478 an
1219 2417 1292 2481 haee

131 2516 324 2599 praeterendo
341 2516 390 2579 sit
416 2551 458 2562 -
483 2516 517 2579 ln
535 2514 637 2579 eadem
656 2514 897 2597 Clytaemestrae
918 2516 1052 2580 oratione
1069 2537 1096 2579 v.
1112 2517 1188 2596 289,
1207 2520 1287 2601 quod
1306 2530 1339 2581 ts

132 2620 248 2684 oum
263 2619 373 2683 babent
386 2607 508 2704 ὤτρυνε
527 2612 658 2700 θεσμόν
678 2613 723 2703 μὴ
745 2610 986 2700 χαρίζεσθαι
1008 2613 1122 2706 πυρός,
1145 2621 1289 2686 Herman-

131 2740 188 2787 nus
203 2740 276 2787 enm
291 2722 355 2786 aliis
375 2721 579 2804 compluribus
599 2720 724 2784 mutavit
742 2721 774 2784 in
791 2717 838 2807 μή
859 2714 1073 2800 χατίζεσθαι,
1093 2724 1173 2804 quod
1198 2725 1290 2788 inter·

131 2834 281 2907 pretatur:
294 2843 339 2888 ne
354 2825 628 2888 desideraretur
646 2824 676 2887 b.
691 2842 717 2885 e.
734 2841 774 2886 ne
792 2824 962 2888 destitueret
980 2832 1191 2907 exspectantes.
1221 2826 1289 2890 ttihi

135 2928 317 3009 probabilius
331 2927 446 2990 videtur
460 2926 634 3008 Aeschylum
649 2926 804 3006 scripsisse
818 2919 866 3011 μή
872 2919 1097 3012 χρονίζεσθαι,
1113 2948 1155 2992 no
1169 2930 1289 2993 tarda-

131 3039 241 3094 retur.
284 3030 326 3094 ct
347 3029 428 3111 Sept.
444 3029 481 3092 ad
496 3029 589 3092 Theb.
605 3048 631 3092 r.
648 3030 703 3092 54:
718 3022 776 3092 καί
790 3025 894 3092 τῶνδε
914 3024 1038 3108 πύστις
1059 3031 1141 3111 (sivo
1155 3024 1288 3111 πίστις)

130 3128 190 3198 οόκ
214 3124 304 3219 ὄκνῳ
325 3124 522 3218 χρονίζεται,
545 3132 650 3214 inquo
666 3150 753 3195 versu
768 3132 837 3195 item
851 3124 1020 3218 χαρίζεται
1034 3153 1089 3217 pro
1105 3126 1289 3217 χρονίζεται

126 3239 277 3320 adipsum
291 3235 381 3298 estin
394 3235 511 3300 Stubaei
523 3234 623 3298 codiee
636 3234 681 3309 sb,
695 3234 793 3298 ltorit
808 3235 866 3310 Vll,
882 3234 932 3299 86.

213 3338 359 3419 Sequitur
382 3337 654 3412 monotaimus,
674 3337 960 3419 praestantissimum
984 3338 1054 3402 illud
1080 3339 1212 3421 quidam,
1238 3341 1290 3404 sed

127 3444 241 3527 aliquot
255 3441 331 3504 locis
346 3441 418 3504 adeo
433 3460 449 3503 a
463 3440 588 3503 librariis
604 3448 786 3522 corruptum,
799 3448 833 3505 ut
842 3440 928 3523 plane
937 3440 1057 3522 intelligi
1067 3451 1199 3524 nequeat.
1225 3444 1290 3507 Pri·

128 3568 212 3612 mum
234 3548 269 3610 in
287 3544 410 3626 stropha
428 3543 538 3625 prima,
558 3549 715 3624 postquam
740 3543 850 3608 dimum
870 3551 929 3620 est,
947 3544 1056 3626 impios
1082 3563 1149 3607 esse
1169 3545 1219 3628 qui
1241 3564 1288 3609 res

127 3652 277 3715 nmmos
288 3667 307 3711 a
319 3645 373 3710 diis
384 3645 492 3728 respioi
502 3652 531 3708 et
542 3645 616 3708 rnale
628 3646 700 3708 laeta
712 3646 808 3727 pamiri
822 3654 938 3726 negent,
949 3647 1021 3709 bose
1031 3647 1206 3727 leguntunr.
1213 3648 1289 3711 358:

338 3740 508 3834 πίρανται
530 3738 753 3830 δ’ίγγόνοος

337 3840 529 3936 ποιων
550 3838 612 3935 ει

337 3946 501 4017 πνεόντων
520 3946 633 4034 μεῖζον
652 3939 676 4037 ἢ
698 3944 792 4015 όικαί
836 3998 845 4015 .

125 4060 322 4125 llermannus
337 4056 440 4121 edidit:
460 4049 632 4143 πέφανται
654 4045 867 4137 όίκγόνοις
889 4046 1088 4144 ἆτολμήτως
1107 4047 1188 4146 ’Άρη
1211 4078 1289 4124 πνε-

126 4158 232 4228 όντων
242 4150 318 4247 puli
334 4156 363 4224 d.
377 4160 466 4242 idque
479 4160 700 4239 iuterpretatur:
715 4159 882 4241 apparuit
896 4162 988 4224 natis
1004 4161 1290 4226 intolerabiliter

125 4267 300 4329 maiorem
316 4282 418 4345 qnam
438 4265 490 4325 tas
505 4261 737 4325 eratllartem
752 4261 981 4343 spirantium.
1025 4264 1102 4339 Quid
1116 4265 1292 4346 apparuerit,

125 4388 145 4429 e
161 4365 366 4450 superioribus
379 4364 501 4446 intelligi
514 4365 586 4441 rut,
599 4382 705 4446 nempe
720 4364 847 4428 divinam
861 4364 936 4428 male
950 4366 1094 4429 laetorum
1107 4364 1291 4429 animadver-

126 4469 258 4533 sionem.
287 4469 374 4551 Atqui
395 4470 469 4532 baso
487 4485 569 4530 nuno
586 4467 703 4548 quidem
723 4485 784 4529 non
797 4466 875 4530 natis
891 4466 952 4529 sive
965 4466 1094 4549 posteris
1110 4456 1291 4546 (ἐκγόνοις),
