3190 5136
675 422 733 493 141

612 508 810 520 ——-—--

127 607 246 671 beandi
260 618 342 684 sunt,
356 627 448 689 mum
463 608 566 672 multis
581 627 725 689 quamque
737 606 872 688 gravibus
888 605 985 668 omnis
999 607 1112 686 generis
1128 612 1284 689 corrupta·

125 710 159 773 lis
173 729 279 774 omnes
299 715 361 775 lere
374 711 512 793 Aeschyli
530 710 693 791 tragoediae
711 710 828 773 allectae
843 710 917 785 sint,
934 728 1080 790 quamque
1094 711 1202 772 multae
1217 730 1283 773 sae-

127 831 288 893 penumero
311 812 491 875 mutationes
510 813 542 875 in
560 830 722 893 paucorum
742 813 897 875 verborum
921 811 1032 874 ambitu
1052 812 1198 874 faciendae
1217 813 1284 885 sint

127 916 162 977 ad
176 916 310 995 speciem
322 918 449 979 tortasse
463 916 595 989 audaces,
609 934 713 995 reapse
727 924 824 978 autem
840 923 934 977 certae
948 924 978 976 et
990 913 1179 976 necessariae.
1210 913 1283 975 Nam

21 1082 22 1085 ,
127 1035 187 1079 non
201 1017 302 1079 solum
320 1017 411 1080 levius
425 1017 496 1079 illud
515 1024 544 1078 et
561 1016 732 1081 tralaticium
748 1035 840 1096 genus
855 1016 992 1078 vitiorum
1012 1016 1043 1078 in
1056 1016 1188 1096 Aeschyli
1203 1015 1284 1076 ccdi-

128 1120 210 1182 obns
224 1121 432 1200 corrigendum
447 1129 505 1193 est,
526 1118 605 1200 quod
624 1118 785 1180 litterarum
804 1124 853 1180 aut
871 1117 1043 1198 syllabarum
1063 1117 1200 1180 similium
1215 1136 1283 1198 per-

127 1223 292 1285 mutatione
306 1232 356 1284 aut
369 1240 458 1303 prava
471 1220 681 1285 vocabulorum
696 1221 916 1295 coniunctione,
935 1228 985 1282 aut
998 1220 1154 1283 verborum
1170 1239 1205 1282 ac
1219 1237 1284 1280 rer-

127 1342 216 1385 suum
239 1324 287 1385 vel
311 1324 472 1386 omissione
495 1324 541 1386 vel
562 1322 794 1402 transpositione
817 1321 937 1403 aliisque
964 1322 1108 1383 eiusmodi
1135 1319 1284 1383 erroribus

127 1433 253 1497 mustat,
269 1443 286 1486 a
301 1424 407 1504 quibus
421 1445 459 1488 ne
472 1426 574 1488 attenti
588 1425 707 1505 qrudenr
717 1423 827 1486 librarii
842 1424 912 1485 satis
927 1424 982 1485 tuli
997 1442 1062 1485 esse
1077 1423 1182 1497 solent
1196 1424 1293 1503 prae!

126 1528 229 1588 sertim
243 1545 338 1607 quum
352 1527 522 1590 describunt
536 1545 611 1608 qnae
628 1526 687 1607 ipsi
701 1544 763 1587 non
777 1525 949 1604 intelligunt,
965 1525 994 1587 id
1009 1527 1088 1606 quod
1103 1527 1134 1587 in
1148 1525 1280 1605 Aeschyli
1299 1538 1315 1588 4

125 1627 231 1691 fabulis
250 1646 463 1707 saepenumero
488 1627 629 1691 accidisse
653 1644 742 1689 nemo
766 1626 935 1702 mirabitur;
957 1627 1011 1689 sed
1029 1628 1083 1689 alia
1107 1627 1198 1690 mrdta
1216 1634 1286 1688 sunt

124 1728 275 1809 aliquanto
298 1730 428 1809 gravisus
457 1731 542 1793 etad
566 1729 782 1791 emendandum
808 1726 976 1790 difficiliora.
1013 1727 1127 1791 florum
1156 1728 1284 1809 primum

124 1850 220 1912 genus
236 1851 254 1893 e
268 1832 429 1912 scripturae
443 1831 627 1914 compendiis
643 1839 741 1893 ortum
756 1836 810 1891 est.
840 1831 968 1911 Apparet
981 1830 1059 1892 enirn
1074 1831 1105 1893 in
1121 1850 1156 1892 eo
1173 1832 1283 1903 codiee,

125 1935 205 1996 unde
219 1935 319 1996 nostri
345 1953 448 1997 omnes
468 1934 587 1997 derivati
602 1941 683 2009 sunt,
705 1949 916 2011 saepenumero
936 1949 996 1992 non
1016 1931 1128 2012 integra
1147 1933 1284 1995 vocabula

125 2037 267 2099 omnibus
286 2036 390 2099 litteris
410 2036 574 2118 perscripta
589 2035 694 2109 luisse,
716 2033 768 2095 sed
787 2040 899 2113 partem
915 2034 1069 2114 quandam,
1084 2034 1174 2097 modo
1190 2043 1284 2096 extre-

124 2157 203 2201 mam
225 2139 318 2200 modo
339 2140 479 2213 mediam,
500 2139 641 2202 omissam
661 2145 690 2200 et
707 2135 788 2216 siglis
809 2142 922 2198 tantum
938 2143 1067 2197 notatam
1079 2138 1122 2211 ¹),
1142 2154 1215 2216 quae
1234 2136 1285 2198 ubi

124 2249 173 2303 aut
186 2241 330 2303 deessem
342 2249 392 2303 aut
405 2241 620 2320 negligerentur
635 2246 685 2303 aut
695 2257 781 2301 secus
796 2238 1004 2317 acciperentur,
1018 2237 1181 2318 permultos
1192 2256 1285 2318 pepe-

124 2350 228 2404 rerunt
240 2341 428 2404 librariorum
444 2360 576 2416 errores,
592 2361 701 2423 eosque
715 2358 929 2420 nonnunquam
943 2340 1027 2412 tales,
1041 2345 1075 2401 ut
1090 2338 1188 2401 omnis
1202 2340 1284 2401 loco-

123 2460 192 2504 rum
213 2443 361 2504 sententia
386 2450 548 2504 mutaretur
562 2449 591 2504 el
605 2449 825 2523 perverteretur.
869 2441 956 2503 Peius
971 2442 1057 2504 etiarn
1073 2459 1165 2521 genus
1181 2460 1284 2505 corru-

122 2544 280 2625 ptelarum,
292 2553 321 2606 et
335 2544 414 2625 quod
429 2544 541 2607 facilius
556 2545 652 2607 lallere
666 2545 771 2624 possit,
787 2563 822 2605 ex
836 2544 1099 2624 interpretamentis
1114 2554 1215 2605 natum
1230 2553 1283 2616 est,

123 2666 217 2728 ουιιιιι
239 2665 314 2725 quiae
332 2654 381 2708 aut
401 2646 542 2708 obscurae
562 2647 681 2709 alicuius
700 2653 750 2708 aut
767 2644 922 2707 inusitatae
944 2645 1079 2707 dictionis
1100 2646 1284 2725 explicandae

124 2768 213 2812 musa
228 2748 266 2810 ab
281 2748 380 2827 aliquo
396 2758 563 2817 enarratore
578 2749 724 2830 adscripta
743 2754 839 2822 erant,
854 2754 926 2827 post
938 2766 955 2808 a
969 2746 1092 2809 librariis
1109 2766 1164 2826 pro
1180 2766 1283 2809 ernen-

123 2848 295 2912 dationibus
309 2848 486 2911 haberentur
500 2849 686 2930 expulsisque
701 2848 836 2929 genuinis
851 2848 882 2909 in
898 2849 1062 2911 orationem
1076 2857 1180 2930 poetae
1194 2849 1284 2910 inler-

122 2955 277 3027 rentur2).
306 2950 439 3013 Accessit
457 2951 582 3032 denique
601 2960 802 3013 correctorum
816 2950 891 3013 mala
906 2951 1057 3027 sedulitas,
1072 2952 1123 3032 qui
1134 2970 1227 3032 quum
1241 2951 1284 3012 vi-

192 3121 218 3185 1)
238 3118 361 3171 'liranum
378 3135 454 3171 eausa
469 3121 564 3187 aliquot
580 3121 768 3171 decurtatomm
784 3120 964 3173 vocabulorum
984 3121 1099 3189 exempla
1114 3135 1235 3188 apponam
1252 3136 1284 3171 cx

119 3206 194 3257 buius
206 3205 291 3271 ipsius
301 3203 399 3256 fabulae
412 3204 537 3257 codicibus
550 3205 728 3272 superstitibus
740 3212 855 3271 enotata,
869 3206 934 3257 uude
946 3212 1098 3270 cognoscent
1110 3206 1200 3258 saltem
1212 3206 1285 3272 quale

120 3293 218 3343 sithoc
236 3305 318 3355 genus
335 3290 541 3358 corruptelarum.
567 3290 609 3341 Sic
625 3290 703 3355 igitur
713 3289 784 3350 λέξει
795 3307 819 3343 v.
832 3290 873 3343 30.
887 3308 932 3359 pro
948 3292 1049 3351 λέξειεν
1060 3300 1101 3343 est
1111 3292 1137 3343 in
1149 3292 1202 3344 cod.
1216 3291 1284 3357 Flor,

119 3378 298 3445 παλλκτροπ.
311 3390 349 3441 pr.
361 3370 566 3444 παλιντρόποις
576 3391 601 3427 v.
612 3375 671 3425 745.
681 3375 706 3424 in
716 3373 801 3441 Fara„
814 3370 940 3447 πρόπαρ.
949 3392 986 3443 ρι.
1000 3371 1176 3448 προπάροιθ’
1191 3394 1216 3428 ν.
1225 3376 1283 3429 082.

120 3462 145 3511 iu
158 3460 234 3512 Flor.
247 3452 348 3512 ταλάλν
357 3475 395 3526 ρι’.
408 3459 539 3518 ταλαίνας
550 3476 575 3510 v.
587 3458 661 3510 1102.
673 3460 698 3509 in
707 3459 771 3512 Von.
782 3468 809 3512 et
820 3460 890 3513 rior.
902 3457 990 3531 νάμφ.
1001 3478 1038 3529 pr.
1050 3456 1163 3532 νύμφας
1173 3479 1198 3514 v.
1211 3456 1283 3515 1138.

120 3547 146 3597 iu
157 3546 263 3597 iisdem.
286 3542 407 3610 imprimis
419 3558 495 3609 saepe
507 3544 684 3594 vocabulorum
700 3546 785 3597 exitus
797 3553 902 3614 propter
913 3548 1057 3613 compendia
1073 3548 1206 3613 permutati
1219 3554 1286 3612 sunt,

119 3638 149 3681 ut
160 3647 186 3681 ι’.
202 3629 264 3681 115.
276 3627 451 3696 βουκομέυην
467 3628 492 3678 in
504 3627 581 3679 Fara.
592 3644 638 3696 pro
655 3630 860 3700 βοσκομένους,
878 3647 903 3683 r.
917 3631 975 3682 435.
987 3629 1099 3704 ἐχθροῖν
1109 3648 1146 3699 ρι’.
1159 3627 1250 3703 ἐχθρά
1262 3634 1286 3684 ln

120 3716 221 3778 ουδιυι,
234 3728 259 3764 ν.
274 3712 333 3762 717.
346 3713 449 3781 πικροῦ
460 3728 499 3780 ρι.
511 3707 614 3785 πικράς
625 3714 650 3765 in
662 3713 731 3766 lllor.
745 3730 776 3766 nc
787 3716 819 3769 de
831 3715 862 3767 iis
874 3717 967 3783 dicam,
979 3717 1021 3768 nbi
1034 3717 1168 3769 similitudo
1186 3717 1286 3768 littera-

121 3816 180 3852 ιιι
191 3797 389 3867 permutationis
400 3812 477 3849 οιιιιι
487 3797 542 3850 luit

189 3903 217 3965 2)
237 3901 303 3952 Hine
314 3908 355 3952 est
367 3901 433 3967 quod
444 3916 470 3951 v.
485 3900 541 3952 110.
556 3916 641 3953 omnes
658 3903 757 3954 rodiam
774 3903 868 3957 babent
879 3903 960 3963 δίκας
970 3901 1111 3975 πράκτορι
1122 3921 1167 3973 pro
1179 3921 1209 3956 eo
1222 3907 1287 3973 guod

119 3986 284 4039 umacus
295 3984 427 4036 verissimo
444 3985 558 4036 restituit
572 3980 713 4057 πράκτορι
731 3988 846 4053 ποινάς,
865 3991 923 4041 item
939 4006 963 4040 v.
981 3989 1022 4040 08.
1036 3990 1128 4043 εἰπεῖν
1139 4006 1184 4057 pro
1197 3990 1288 4043 cirria

121 4072 217 4136 (αἰνεη
236 4069 309 4121 Flor.
325 4076 352 4120 ct
368 4068 444 4119 Fara.
460 4085 484 4120 υ.
505 4068 562 4120 103.
591 4065 786 4143 θυμοφθόρον
802 4088 838 4139 ρι’.
856 4069 1021 4146 θυμοβόρου
1033 4072 1099 4124 bled.
1112 4090 1137 4125 v.
1152 4074 1208 4125 104.
1226 4069 1287 4143 Ἀρ-

119 4161 207 4224 γείαν
219 4172 259 4223 pr.
277 4148 394 4226 ’Ἄργους
406 4169 499 4219 ornnes,
512 4170 537 4205 v.
551 4153 609 4205 202.
622 4152 695 4223 αὐδά
707 4172 744 4223 ρι’.
758 4154 829 4226 ὀργᾷ
842 4157 947 4226 Guelpb.
960 4166 987 4210 ct
998 4157 1083 4225 Fara„
1095 4174 1120 4210 v.
1134 4158 1192 4209 tot.
1206 4152 1288 4226 ἀγγέ-

121 4242 172 4293 λου
188 4258 228 4309 pr.
247 4235 378 4311 ἀγγάρου
391 4254 489 4301 omnes,
502 4254 527 4289 v.
541 4239 599 4290 loa.
612 4235 692 4300 δόξαι
704 4258 742 4309 ρι.
756 4239 842 4293 δοκαί
857 4258 954 4309 omncs,
973 4258 997 4294 v.
1008 4244 1068 4294 405.
1086 4236 1287 4313 παραλλάξασα

124 4340 163 4392 ρι’.
176 4324 346 4394 παραλλαγᾷ
357 4340 452 4392 omncs,
464 4340 490 4376 v.
502 4322 560 4375 017.
572 4321 714 4396 τυράννων
725 4342 763 4393 ρι’.
776 4321 915 4399 κοιράνων
925 4327 1004 4392 utor„
1016 4344 1041 4381 v.
1053 4327 1127 4379 1087.
1140 4319 1237 4377 τύπτει
1248 4338 1286 4388 ρι’.

123 4414 206 4465 wei
216 4426 309 4478 omnes,
321 4426 348 4463 v.
362 4408 439 4461 112³.
452 4402 576 4479 δήγματι
584 4424 626 4477 ρι’.
638 4405 720 4464 δάκει
732 4426 827 4464 omncs.

1202 4442 1273 4497 υἷ’*
