3276 5144
840 422 991 528 geo-

335 613 462 682 lnsecttti
489 624 559 680 sunt
578 617 684 692 Stoici,
710 618 761 698 qui
792 634 883 696 quum
910 618 1040 698 quinque
1064 624 1164 700 partes
1189 618 1332 682 orationis
1356 636 1496 683 nunteaa·

334 728 412 794 rent,
443 710 560 801 όνομα,
583 720 814 803 προσηγορίαν,
838 717 934 804 ῥῆμα,
957 711 1093 802 ύρθρον,
1117 711 1306 801 σύνδεσμον,
1332 722 1496 803 diligentius

334 822 473 884 etiamid
494 841 613 903 operam
634 822 788 894 dederunt,
815 830 849 884 ut
869 823 899 883 in
919 824 971 884 has
994 823 1123 904 quinque
1146 829 1244 904 partes
1259 841 1378 886 omnem
1393 825 1495 885 silvam

335 924 542 986 vocabulorum
564 932 643 987 certa
663 924 777 986 ratione
797 923 993 1003 dispertirem.
1023 924 1126 1005 ltaque
1145 942 1238 1005 quum
1256 924 1287 986 in
1302 926 1494 1004 praedicendo

334 1032 450 1106 praeter
464 1045 507 1099 ea,
524 1045 598 1106 quae
613 1033 730 1107 tempus
745 1026 954 1106 atlsigniticant,
975 1025 1062 1088 etiam
1084 1027 1138 1089 alia
1159 1027 1253 1089 mtrltu
1265 1028 1403 1107 usurpari
1415 1028 1496 1091 ride·

332 1135 410 1201 rent,
424 1128 456 1189 in
471 1127 578 1208 quibus
593 1146 653 1190 non
668 1146 770 1211 pauca,
786 1147 861 1208 quae
877 1144 1028 1209 nunquam
1044 1131 1106 1191 lere
1122 1130 1178 1192 uisi
1193 1131 1223 1191 in
1237 1129 1431 1211 praedicando
1442 1130 1495 1193 atl-

332 1230 514 1304 ltiberentur,
530 1248 683 1311 (piumque
698 1231 808 1292 nullam
823 1231 970 1293 rationem
984 1249 1050 1292 esse
1065 1236 1229 1304 censerent,
1245 1249 1298 1293 cur
1310 1233 1383 1295 haec
1393 1250 1454 1295 non
1465 1233 1496 1295 in

333 1331 434 1393 eadem
451 1350 518 1393 oum
534 1332 590 1392 illis
605 1339 688 1412 parte
702 1339 890 1411 ponerentur,
907 1333 938 1393 in
953 1332 1121 1395 delinitione
1134 1328 1287 1416 ῥήματος,
1303 1352 1363 1414 quo
1374 1334 1495 1396 nomine

332 1433 523 1506 haecomnia,
540 1452 614 1514 quae
629 1432 813 1514 praedicandi
826 1435 884 1495 vim
898 1433 1015 1506 habent,
1031 1434 1176 1514 complexi
1187 1441 1267 1507 sunt,
1282 1435 1425 1497 haetenus
1439 1435 1495 1498 sihi

332 1533 369 1597 ab
384 1535 540 1597 Aristotele
566 1535 774 1597 discedendum
801 1554 867 1597 esse
891 1535 1106 1609 intellexerunt,
1132 1544 1166 1596 ut
1185 1535 1264 1597 illam
1285 1538 1427 1617 temporis
1441 1537 1493 1600 atl-

331 1635 585 1716 significationem,
611 1654 686 1717 quae
703 1636 792 1698 unius
812 1645 929 1699 tanturn
950 1638 1065 1716 generis
1080 1636 1197 1717 propria
1212 1645 1299 1709 esset,
1315 1639 1493 1701 omitterent.

332 1736 440 1801 Extant
454 1746 553 1801 autem
569 1739 643 1801 duae
659 1732 804 1822 ῥήματος
820 1740 1004 1801 definitiones
1019 1739 1189 1801 Stoicorum
1203 1758 1219 1800 a
1235 1740 1364 1820 Diogene
1377 1740 1494 1803 Mettio

332 1840 391 1911 llll,
407 1840 448 1903 58
471 1849 728 1912 commemoratae,
749 1840 839 1903 altera
855 1841 989 1922 Diogenis
1005 1840 1180 1922 (Babylonii)
1202 1842 1287 1905 haec:
1310 1835 1400 1925 ῥῆμά
1422 1836 1494 1906 ἔστι

330 1936 431 2023 μέρος
457 1937 558 2024 λόγου
584 1944 743 2026 σημαῖνον
771 1934 955 2005 ἀσύνθετον
982 1936 1212 2026 κατηγόρημα,
1235 1945 1324 2006 altura
1351 1945 1492 2007 aliorum:

331 2037 421 2127 ῥῆμά
443 2038 515 2106 ἐστι
529 2045 694 2124 στοιχεῖον
715 2036 813 2125 λόγον
828 2035 984 2107 ἄπτωτον
998 2037 1158 2127 σημαῖνόν
1170 2064 1206 2106 τι
1220 2043 1400 2107 συντακτὸν
1412 2039 1494 2130 περὶ

330 2164 421 2220 τινος
441 2135 465 2231 ἢ
484 2142 592 2208 τινῶν.
625 2146 738 2209 Harum
760 2156 895 2210 neutram
916 2148 959 2210 sie
977 2152 1176 2227 comparatam
1192 2166 1257 2209 esse
1271 2147 1438 2222 fatebimur,
1459 2156 1493 2212 ut

329 2262 392 2309 non
405 2249 496 2310 etiam
510 2249 540 2310 in
555 2249 617 2322 alia,
633 2268 720 2330 quam
737 2268 811 2329 quae
826 2268 842 2311 a
856 2250 1054 2329 grammaticis
1069 2248 1187 2328 proprie
1201 2242 1333 2330 ῥήματα
1344 2250 1491 2324 dicuntur,

330 2351 487 2412 convenire
500 2352 603 2430 possit.
634 2352 708 2413 Nam
727 2352 753 2413 si
767 2346 980 2434 κατηγόρημα
995 2360 1041 2412 est
1054 2351 1196 2431 quidquid
1212 2352 1249 2412 de
1263 2351 1362 2431 aliquo
1375 2351 1491 2432 praedi·

330 2457 422 2524 catur,
444 2447 531 2527 λέξις
552 2448 766 2536 κατηγόρημα
788 2454 991 2537 σημαίνουσα
1014 2470 1103 2514 omne
1125 2452 1299 2515 vocabulum
1315 2454 1371 2516 dici
1386 2454 1490 2533 potuit,

330 2552 408 2633 quod
428 2562 550 2634 propter
565 2543 806 2634 significationem
821 2554 978 2635 praedicati
992 2572 1060 2635 pars
1074 2553 1176 2615 haberi
1192 2553 1287 2615 debet.
1316 2554 1387 2616 Tale
1402 2574 1490 2618 roca·

329 2653 432 2717 bulum
454 2656 478 2717 si
492 2656 524 2717 in
539 2655 737 2717 enuntiatione
752 2675 806 2736 per
820 2654 955 2736 copulam
972 2654 1103 2716 subiecto
1119 2654 1295 2733 adiungitur,
1319 2649 1489 2730 σύνθετον,

329 2764 409 2820 extra
424 2757 655 2819 enuntiationem
676 2748 858 2820 ἀσύνθετον
878 2749 1089 2841 κατηγόρημα
1109 2763 1163 2817 est.
1192 2755 1293 2837 Neque
1314 2752 1492 2820 σιντακτόν

328 2858 359 2921 in
377 2858 468 2921 altera
488 2857 658 2921 definitione
679 2857 756 2920 aliud
772 2858 842 2937 quid
856 2858 1006 2939 siguificat,
1027 2877 1116 2939 quam
1130 2877 1220 2938 posse
1242 2857 1387 2920 eiusmodi
1402 2878 1490 2921 roca-

327 2959 431 3022 bulum
446 2959 664 3021 constructione
679 2958 722 3021 sic
736 2978 803 3019 cum
819 2959 951 3020 subiecto
967 2959 1116 3038 componi,
1132 2968 1166 3020 ut
1180 2957 1288 3038 aliquid
1305 2959 1341 3020 de
1356 2979 1392 3022 eo
1403 2979 1490 3040 prae·

328 3061 449 3122 dicetur.
473 3061 550 3122 Sunt
565 3066 664 3122 autem
679 3061 751 3121 hacc
765 3053 1026 3142 κατηγορήματα,
1039 3068 1157 3139 praeter
1168 3060 1264 3132 verba,
1280 3079 1356 3140 quae
1368 3064 1490 3141 copulae

326 3163 386 3224 vim
401 3163 431 3223 in
446 3172 540 3223 semet
554 3163 615 3243 ipsa
630 3162 747 3235 habent,
764 3178 824 3223 non
839 3162 926 3222 unius
941 3162 1063 3241 generis.
1094 3161 1155 3221 atta
1171 3162 1258 3232 enim,
1275 3179 1349 3240 quae
1364 3163 1490 3226 casualia

326 3273 404 3333 sunt,
417 3246 447 3324 in
462 3264 632 3325 nominibus
647 3272 850 3337 numerantur,
860 3262 924 3334 alia,
941 3282 1015 3342 quae
1031 3262 1145 3325 casibus
1157 3271 1266 3333 carent,
1282 3264 1317 3324 ati
1327 3265 1418 3325 serbis
1433 3266 1492 3327 dici

326 3367 438 3430 solent:
454 3366 589 3447 utrisque
604 3375 702 3427 autem
718 3367 776 3427 hoc
790 3382 947 3428 commuue
963 3372 1018 3437 est,
1035 3374 1074 3432 ⁴ut
1089 3366 1119 3426 in
1134 3365 1336 3427 enuntiatione
1352 3368 1387 3428 atl
1402 3386 1490 3447 prae-

326 3467 483 3530 dicandum
497 3469 634 3547 usurpari
649 3469 712 3530 sine
727 3469 816 3529 verbo
831 3476 882 3529 aut
896 3467 1089 3547 pronuntiato
1101 3473 1153 3529 aut
1164 3467 1319 3529 subaudito
1332 3477 1490 3548 nequeant

326 3571 421 3651 Atque
436 3571 560 3631 casualia
576 3571 695 3651 quidem
711 3589 804 3651 quum
819 3572 907 3632 etiam
923 3571 952 3631 iu
969 3570 1095 3649 simplici
1109 3569 1291 3649 appositione
1306 3572 1491 3651 usurparise

325 3689 540 3752 nonnunquam
556 3673 600 3733 vel
615 3673 678 3754 ipsa
692 3691 745 3753 pru
761 3673 893 3734 subiecto
910 3672 1119 3733 enuntiationis
1135 3672 1204 3751 poni
1220 3672 1344 3751 possint,
1363 3680 1444 3734 recte
1459 3672 1491 3734 in

325 3774 495 3837 nominibus
521 3777 776 3859 προσηγορικοῖς
801 3794 817 3836 a
839 3774 945 3836 Stoicis
971 3782 1125 3835 numerata
1145 3780 1224 3846 suut,
1251 3765 1423 3835 ἐπιθέτων
1444 3773 1489 3836 rel

324 4027 445 4104 θρύποιι
455 4031 525 4103 μετὰ
537 4035 592 4087 τού
604 4035 781 4104 φιλοσοφῶν.
805 4033 969 4086 Recentiores
983 4032 1148 4098 Peripatetici
1161 4027 1222 4085 ἐστι
1234 4034 1282 4084 Ιισα
1294 4032 1367 4084 motlo
1380 4048 1489 4101 usurpa·

324 4127 376 4170 tum
389 4120 464 4170 etiam
477 4116 618 4189 ἐπίρρημα
631 4120 729 4169 dixisse
741 4118 869 4168 videntur.
890 4116 932 4169 Ps.
946 4116 1034 4168 Galen.
1046 4116 1110 4182 lsug.
1122 4115 1223 4167 dialect.
1237 4134 1260 4185 p.
1271 4119 1299 4168 t:
1312 4118 1338 4168 in
1350 4118 1398 4169 tali
1410 4133 1490 4169 enun-

323 4206 429 4256 tiatione
446 4208 546 4268 ,Δίων
563 4199 718 4273 ἄνθρωπός
734 4201 830 4255 ἐστιν(
843 4200 1012 4253 ὑποκεῖσθαι
1024 4200 1078 4269 μὲν
1090 4197 1211 4270 ἐροῦμεν
1223 4200 1272 4254 τὸν
1285 4206 1390 4266 Δίωνα,
1402 4221 1487 4268 narp-

322 4295 474 4360 γορεῑσθαι
491 4288 523 4341 ut
540 4288 591 4341 τόν
607 4286 776 4361 ἄνθρωπον,
793 4285 898 4349 ἔξωθεν
914 4287 945 4341 δὲ
962 4289 1259 4357 προσκατηγορεῖσθαι
1276 4285 1420 4360 ἐπίρρημα
1437 4286 1490 4353 τὴν

323 4378 474 4429 κοινωνίαν
485 4376 541 4428 ταῖν
555 4368 630 4447 ὅρων
641 4371 864 4445 ἐνδεικνύμενον.
