<?xml version="1.0" encoding="UTF-8"?>
<!DOCTYPE html PUBLIC "-//W3C//DTD XHTML 1.0 Transitional//EN"
    "http://www.w3.org/TR/xhtml1/DTD/xhtml1-transitional.dtd">
<html xmlns="http://www.w3.org/1999/xhtml" xml:lang="en" lang="en">
 <head>
  <title>
</title>
<meta http-equiv="Content-Type" content="text/html;charset=utf-8" />
  <meta name='ocr-system' content='tesseract 3.04.00' />
  <meta name='ocr-capabilities' content='ocr_page ocr_carea ocr_par ocr_line ocrx_word'/>
</head>
<body>
  <div class='ocr_page' id='page_1' title='image "./opusculaacademi00schogoog_0382.png"; bbox 0 0 3154 5138; ppageno 0'>
   <div class='ocr_carea' id='block_1_1' title="bbox 652 454 783 552">
    <p class='ocr_par' dir='ltr' id='par_1_1' title="bbox 584 454 783 552">
     <span class='ocr_line' id='line_1_1' title="bbox 652 454 783 552; baseline 0.035 -4.608"><span class='ocrx_word' id='word_1_1' title='bbox 652 454 783 552; x_wconf 66' lang='lat'>37¹---</span> 
     </span>
    </p>
   </div>
   <div class='ocr_carea' id='block_1_2' title="bbox 111 640 1290 1342">
    <p class='ocr_par' dir='ltr' id='par_1_2' title="bbox 111 640 1290 1342">
     <span class='ocr_line' id='line_1_2' title="bbox 114 640 1258 724; baseline 0.007 -22"><span class='ocrx_word' id='word_1_2' title='bbox 114 642 199 716; x_wconf 88' lang='lat' dir='ltr'>ticet,</span> <span class='ocrx_word' id='word_1_3' title='bbox 216 660 378 724; x_wconf 82' lang='lat' dir='ltr'>pancorum</span> <span class='ocrx_word' id='word_1_4' title='bbox 398 640 533 705; x_wconf 81' lang='lat' dir='ltr'>ecdiciam</span> <span class='ocrx_word' id='word_1_5' title='bbox 554 652 582 704; x_wconf 85' lang='lat' dir='ltr'>et</span> <span class='ocrx_word' id='word_1_6' title='bbox 601 651 734 709; x_wconf 79' lang='lat' dir='ltr'>veterum</span> <span class='ocrx_word' id='word_1_7' title='bbox 753 642 914 707; x_wconf 76' lang='lat' dir='ltr'>editionum</span> <span class='ocrx_word' id='word_1_8' title='bbox 934 647 1135 707; x_wconf 78' lang='lat' dir='ltr'>anctoritatem</span> <span class='ocrx_word' id='word_1_9' title='bbox 1155 648 1258 710; x_wconf 80' lang='lat' dir='ltr'>securi.</span> 
     </span>
     <span class='ocr_line' id='line_1_3' title="bbox 115 745 1258 827; baseline 0.003 -21"><span class='ocrx_word' id='word_1_10' title='bbox 115 745 167 807; x_wconf 86' lang='lat' dir='ltr'>Scd</span> <span class='ocrx_word' id='word_1_11' title='bbox 180 747 239 808; x_wconf 83' lang='lat' dir='ltr'>sire</span> <span class='ocrx_word' id='word_1_12' title='bbox 253 746 288 807; x_wconf 90' lang='lat' dir='ltr'>ad</span> <span class='ocrx_word' id='word_1_13' title='bbox 305 745 464 827; x_wconf 81' lang='lat' dir='ltr'>opplevit</span> <span class='ocrx_word' id='word_1_14' title='bbox 478 745 539 807; x_wconf 87' lang='lat' dir='ltr'>sire</span> <span class='ocrx_word' id='word_1_15' title='bbox 556 745 592 807; x_wconf 89' lang='lat' dir='ltr'>nd</span> <span class='ocrx_word' id='word_1_16' title='bbox 607 754 788 807; x_wconf 87' lang='lat' dir='ltr'>exsectum</span> <span class='ocrx_word' id='word_1_17' title='bbox 803 746 879 807; x_wconf 91' lang='lat' dir='ltr'>illam</span> <span class='ocrx_word' id='word_1_18' title='bbox 895 747 1028 809; x_wconf 83' lang='lat' dir='ltr'>rourlam</span> <span class='ocrx_word' id='word_1_19' title='bbox 1044 748 1190 827; x_wconf 81' lang='lat' dir='ltr'>pertinere</span> <span class='ocrx_word' id='word_1_20' title='bbox 1204 768 1258 811; x_wconf 87' lang='lat' dir='ltr'>ro·</span> 
     </span>
     <span class='ocr_line' id='line_1_4' title="bbox 113 846 1258 931; baseline 0.007 -25"><span class='ocrx_word' id='word_1_21' title='bbox 113 846 179 920; x_wconf 89' lang='lat' dir='ltr'>tuot,</span> <span class='ocrx_word' id='word_1_22' title='bbox 192 848 260 928; x_wconf 92' lang='lat' dir='ltr'>quid</span> <span class='ocrx_word' id='word_1_23' title='bbox 276 866 308 910; x_wconf 88' lang='lat' dir='ltr'>ea</span> <span class='ocrx_word' id='word_1_24' title='bbox 323 848 381 909; x_wconf 91' lang='lat' dir='ltr'>hoc</span> <span class='ocrx_word' id='word_1_25' title='bbox 396 849 461 909; x_wconf 91' lang='lat' dir='ltr'>loco</span> <span class='ocrx_word' id='word_1_26' title='bbox 482 847 539 909; x_wconf 91' lang='lat' dir='ltr'>sibi</span> <span class='ocrx_word' id='word_1_27' title='bbox 557 847 626 909; x_wconf 86' lang='lat' dir='ltr'>velit</span> <span class='ocrx_word' id='word_1_28' title='bbox 644 855 673 909; x_wconf 91' lang='lat' dir='ltr'>et</span> <span class='ocrx_word' id='word_1_29' title='bbox 691 866 747 928; x_wconf 89' lang='lat' dir='ltr'>qna</span> <span class='ocrx_word' id='word_1_30' title='bbox 763 847 974 928; x_wconf 77' lang='lat' dir='ltr'>significatione</span> <span class='ocrx_word' id='word_1_31' title='bbox 988 849 1085 928; x_wconf 87' lang='lat' dir='ltr'>posita</span> <span class='ocrx_word' id='word_1_32' title='bbox 1101 851 1148 925; x_wconf 92' lang='lat' dir='ltr'>sit,</span> <span class='ocrx_word' id='word_1_33' title='bbox 1163 864 1258 931; x_wconf 87' lang='lat' dir='ltr'>neque</span> 
     </span>
     <span class='ocr_line' id='line_1_5' title="bbox 112 949 1257 1030; baseline 0.007 -21"><span class='ocrx_word' id='word_1_34' title='bbox 112 950 161 1030; x_wconf 90' lang='lat' dir='ltr'>ipsi</span> <span class='ocrx_word' id='word_1_35' title='bbox 174 951 285 1025; x_wconf 77' lang='lat' dir='ltr'>docent,</span> <span class='ocrx_word' id='word_1_36' title='bbox 299 968 396 1030; x_wconf 88' lang='lat' dir='ltr'>usquc</span> <span class='ocrx_word' id='word_1_37' title='bbox 410 969 465 1030; x_wconf 76' lang='lat' dir='ltr'>ago</span> <span class='ocrx_word' id='word_1_38' title='bbox 480 949 578 1011; x_wconf 87' lang='lat' dir='ltr'>doceri</span> <span class='ocrx_word' id='word_1_39' title='bbox 594 968 683 1030; x_wconf 91' lang='lat' dir='ltr'>posse</span> <span class='ocrx_word' id='word_1_40' title='bbox 697 949 831 1012; x_wconf 76' lang='lat' dir='ltr'>arbitror.</span> <span class='ocrx_word' id='word_1_41' title='bbox 870 952 1068 1025; x_wconf 80' lang='lat' dir='ltr'>Quamobrem</span> <span class='ocrx_word' id='word_1_42' title='bbox 1089 962 1139 1015; x_wconf 88' lang='lat' dir='ltr'>ant</span> <span class='ocrx_word' id='word_1_43' title='bbox 1153 957 1257 1017; x_wconf 85' lang='lat' dir='ltr'>malio-</span> 
     </span>
     <span class='ocr_line' id='line_1_6' title="bbox 112 1052 1290 1134; baseline 0.005 -21"><span class='ocrx_word' id='word_1_44' title='bbox 112 1070 168 1114; x_wconf 86' lang='lat' dir='ltr'>rum</span> <span class='ocrx_word' id='word_1_45' title='bbox 182 1053 314 1115; x_wconf 85' lang='lat' dir='ltr'>codicum</span> <span class='ocrx_word' id='word_1_46' title='bbox 329 1053 487 1117; x_wconf 87' lang='lat' dir='ltr'>auctoritas</span> <span class='ocrx_word' id='word_1_47' title='bbox 502 1052 648 1134; x_wconf 90' lang='lat' dir='ltr'>sequenda</span> <span class='ocrx_word' id='word_1_48' title='bbox 663 1053 726 1128; x_wconf 88' lang='lat' dir='ltr'>erit,</span> <span class='ocrx_word' id='word_1_49' title='bbox 740 1054 790 1133; x_wconf 92' lang='lat' dir='ltr'>qui</span> <span class='ocrx_word' id='word_1_50' title='bbox 805 1053 874 1115; x_wconf 89' lang='lat' dir='ltr'>illud</span> <span class='ocrx_word' id='word_1_51' title='bbox 889 1055 1031 1117; x_wconf 81' lang='lat' dir='ltr'>scilicct</span> <span class='ocrx_word' id='word_1_52' title='bbox 1041 1056 1190 1132; x_wconf 89' lang='lat' dir='ltr'>omittunt,</span> <span class='ocrx_word' id='word_1_53' title='bbox 1206 1069 1255 1121; x_wconf 85' lang='lat' dir='ltr'>aut</span> <span class='ocrx_word' id='word_1_54' title='bbox 1274 1070 1290 1119; x_wconf 77' lang='lat' dir='ltr'>t</span> 
     </span>
     <span class='ocr_line' id='line_1_7' title="bbox 112 1154 1258 1231; baseline 0.006 -16"><span class='ocrx_word' id='word_1_55' title='bbox 112 1155 188 1218; x_wconf 85' lang='lat' dir='ltr'>sicui</span> <span class='ocrx_word' id='word_1_56' title='bbox 206 1156 235 1219; x_wconf 91' lang='lat' dir='ltr'>id</span> <span class='ocrx_word' id='word_1_57' title='bbox 251 1173 312 1218; x_wconf 91' lang='lat' dir='ltr'>nou</span> <span class='ocrx_word' id='word_1_58' title='bbox 332 1165 430 1217; x_wconf 87' lang='lat' dir='ltr'>tamen</span> <span class='ocrx_word' id='word_1_59' title='bbox 445 1155 482 1216; x_wconf 91' lang='lat' dir='ltr'>dc</span> <span class='ocrx_word' id='word_1_60' title='bbox 500 1154 590 1217; x_wconf 84' lang='lat' dir='ltr'><strong>nihilo</strong></span> <span class='ocrx_word' id='word_1_61' title='bbox 610 1174 677 1217; x_wconf 89' lang='lat' dir='ltr'>essc</span> <span class='ocrx_word' id='word_1_62' title='bbox 701 1157 845 1231; x_wconf 85' lang='lat' dir='ltr'>rideatur,</span> <span class='ocrx_word' id='word_1_63' title='bbox 865 1159 1076 1220; x_wconf 82' lang='lat' dir='ltr'>removendum</span> <span class='ocrx_word' id='word_1_64' title='bbox 1097 1169 1175 1221; x_wconf 84' lang='lat' dir='ltr'>certe</span> <span class='ocrx_word' id='word_1_65' title='bbox 1200 1161 1258 1222; x_wconf 92' lang='lat' dir='ltr'>hoc</span> 
     </span>
     <span class='ocr_line' id='line_1_8' title="bbox 111 1256 1258 1342; baseline 0.007 -25"><span class='ocrx_word' id='word_1_66' title='bbox 111 1256 168 1319; x_wconf 91' lang='lat' dir='ltr'>loco</span> <span class='ocrx_word' id='word_1_67' title='bbox 181 1268 209 1321; x_wconf 89' lang='lat' dir='ltr'>et</span> <span class='ocrx_word' id='word_1_68' title='bbox 221 1259 425 1339; x_wconf 80' lang='lat' dir='ltr'>reponendum</span> <span class='ocrx_word' id='word_1_69' title='bbox 441 1258 472 1320; x_wconf 88' lang='lat' dir='ltr'>in</span> <span class='ocrx_word' id='word_1_70' title='bbox 486 1258 614 1338; x_wconf 83' lang='lat' dir='ltr'>proximi</span> <span class='ocrx_word' id='word_1_71' title='bbox 629 1261 753 1322; x_wconf 90' lang='lat' dir='ltr'>membri</span> <span class='ocrx_word' id='word_1_72' title='bbox 767 1260 864 1323; x_wconf 89' lang='lat' dir='ltr'>initio:</span> <span class='ocrx_word' id='word_1_73' title='bbox 880 1260 1025 1323; x_wconf 89' lang='lat' dir='ltr'>Scilicet</span> <span class='ocrx_word' id='word_1_74' title='bbox 1040 1262 1186 1342; x_wconf 74' lang='lat' dir='ltr'>physica</span> <span class='ocrx_word' id='word_1_75' title='bbox 1202 1281 1258 1324; x_wconf 88' lang='lat' dir='ltr'>ra·</span> 
     </span>
    </p>
   </div>
   <div class='ocr_carea' id='block_1_3' title="bbox 18 1360 1257 1544">
    <p class='ocr_par' dir='ltr' id='par_1_3' title="bbox 18 1360 1257 1544">
     <span class='ocr_line' id='line_1_9' title="bbox 18 1360 1257 1442; baseline 0.006 -24"><span class='ocrx_word' id='word_1_76' title='bbox 18 1388 20 1439; x_wconf 62' lang='lat' dir='ltr'><strong><em>g</em></strong></span> <span class='ocrx_word' id='word_1_77' title='bbox 111 1360 152 1420; x_wconf 91' lang='lat' dir='ltr'>tio</span> <span class='ocrx_word' id='word_1_78' title='bbox 164 1379 229 1422; x_wconf 89' lang='lat' dir='ltr'>uon</span> <span class='ocrx_word' id='word_1_79' title='bbox 245 1362 433 1441; x_wconf 73' lang='lat' dir='ltr'>inelegans</span> <span class='ocrx_word' id='word_1_80' title='bbox 448 1360 588 1424; x_wconf 91' lang='lat' dir='ltr'>inclusa</span> <span class='ocrx_word' id='word_1_81' title='bbox 603 1370 657 1423; x_wconf 89' lang='lat' dir='ltr'>cst</span> <span class='ocrx_word' id='word_1_82' title='bbox 672 1362 706 1422; x_wconf 91' lang='lat' dir='ltr'>iu</span> <span class='ocrx_word' id='word_1_83' title='bbox 721 1362 850 1442; x_wconf 89' lang='lat' dir='ltr'>impias</span> <span class='ocrx_word' id='word_1_84' title='bbox 865 1360 1012 1423; x_wconf 87' lang='lat' dir='ltr'>tabulas.</span> <span class='ocrx_word' id='word_1_85' title='bbox 1058 1362 1145 1436; x_wconf 81' lang='lat' dir='ltr'>Quod</span> <span class='ocrx_word' id='word_1_86' title='bbox 1160 1372 1257 1426; x_wconf 87' lang='lat' dir='ltr'>antem</span> 
     </span>
     <span class='ocr_line' id='line_1_10' title="bbox 18 1462 1257 1544; baseline 0.004 -22"><span class='ocrx_word' id='word_1_87' title='bbox 18 1478 19 1481; x_wconf 69' lang='grc'>’</span> <span class='ocrx_word' id='word_1_88' title='bbox 111 1462 136 1523; x_wconf 93' lang='lat' dir='ltr'>in</span> <span class='ocrx_word' id='word_1_89' title='bbox 150 1465 262 1527; x_wconf 88' lang='lat' dir='ltr'>dnobus</span> <span class='ocrx_word' id='word_1_90' title='bbox 277 1464 442 1537; x_wconf 79' lang='lat' dir='ltr'>codicibus,</span> <span class='ocrx_word' id='word_1_91' title='bbox 458 1463 659 1544; x_wconf 76' lang='lat' dir='ltr'>Rehdigerauo</span> <span class='ocrx_word' id='word_1_92' title='bbox 675 1472 705 1525; x_wconf 83' lang='lat' dir='ltr'>ct</span> <span class='ocrx_word' id='word_1_93' title='bbox 718 1462 878 1525; x_wconf 86' lang='lat' dir='ltr'>Oxcnieusi</span> <span class='ocrx_word' id='word_1_94' title='bbox 898 1463 942 1537; x_wconf 77' lang='lat' dir='ltr'>E,</span> <span class='ocrx_word' id='word_1_95' title='bbox 956 1471 1026 1544; x_wconf 88' lang='lat' dir='ltr'>post</span> <span class='ocrx_word' id='word_1_96' title='bbox 1040 1465 1201 1544; x_wconf 84' lang='lat' dir='ltr'>opplevit</span> <span class='ocrx_word' id='word_1_97' title='bbox 1215 1466 1257 1527; x_wconf 89' lang='lat' dir='ltr'>le-</span> 
     </span>
    </p>
   </div>
   <div class='ocr_carea' id='block_1_4' title="bbox 106 1564 1373 4407">
    <p class='ocr_par' dir='ltr' id='par_1_4' title="bbox 107 1564 1373 3076">
     <span class='ocr_line' id='line_1_11' title="bbox 110 1564 1258 1646; baseline 0.002 -19"><span class='ocrx_word' id='word_1_98' title='bbox 110 1567 177 1644; x_wconf 83' lang='lat' dir='ltr'>gitur</span> <span class='ocrx_word' id='word_1_99' title='bbox 193 1569 269 1642; x_wconf 91' lang='lat' dir='ltr'>sed,</span> <span class='ocrx_word' id='word_1_100' title='bbox 295 1568 354 1629; x_wconf 94' lang='lat' dir='ltr'>hoc</span> <span class='ocrx_word' id='word_1_101' title='bbox 372 1586 408 1629; x_wconf 82' lang='lat' dir='ltr'>er</span> <span class='ocrx_word' id='word_1_102' title='bbox 423 1564 600 1646; x_wconf 88' lang='lat' dir='ltr'>compendio</span> <span class='ocrx_word' id='word_1_103' title='bbox 620 1565 696 1627; x_wconf 92' lang='lat' dir='ltr'>illius</span> <span class='ocrx_word' id='word_1_104' title='bbox 712 1565 852 1627; x_wconf 89' lang='lat' dir='ltr'>scilicet</span> <span class='ocrx_word' id='word_1_105' title='bbox 871 1572 969 1627; x_wconf 89' lang='lat' dir='ltr'>ortum</span> <span class='ocrx_word' id='word_1_106' title='bbox 992 1584 1059 1627; x_wconf 90' lang='lat' dir='ltr'>esse</span> <span class='ocrx_word' id='word_1_107' title='bbox 1073 1566 1154 1628; x_wconf 82' lang='lat' dir='ltr'>facile</span> <span class='ocrx_word' id='word_1_108' title='bbox 1172 1567 1258 1630; x_wconf 87' lang='lat' dir='ltr'>iutel-</span> 
     </span>
     <span class='ocr_line' id='line_1_12' title="bbox 109 1666 1261 1750; baseline 0.005 -23"><span class='ocrx_word' id='word_1_109' title='bbox 109 1666 202 1747; x_wconf 76' lang='lat' dir='ltr'>ligitnr.</span> <span class='ocrx_word' id='word_1_110' title='bbox 247 1668 279 1731; x_wconf 89' lang='lat' dir='ltr'>ld</span> <span class='ocrx_word' id='word_1_111' title='bbox 300 1687 390 1750; x_wconf 63' lang='lat' dir='ltr'>mum</span> <span class='ocrx_word' id='word_1_112' title='bbox 404 1668 562 1731; x_wconf 87' lang='lat' dir='ltr'>coaluisset</span> <span class='ocrx_word' id='word_1_113' title='bbox 575 1686 643 1730; x_wconf 88' lang='lat' dir='ltr'>cnm</span> <span class='ocrx_word' id='word_1_114' title='bbox 657 1667 755 1742; x_wconf 85' lang='lat' dir='ltr'>verbo,</span> <span class='ocrx_word' id='word_1_115' title='bbox 771 1676 872 1729; x_wconf 90' lang='lat' dir='ltr'>uatum</span> <span class='ocrx_word' id='word_1_116' title='bbox 884 1667 953 1728; x_wconf 90' lang='lat' dir='ltr'>hinc</span> <span class='ocrx_word' id='word_1_117' title='bbox 963 1675 1009 1727; x_wconf 86' lang='lat' dir='ltr'>cst</span> <span class='ocrx_word' id='word_1_118' title='bbox 1024 1669 1261 1749; x_wconf 88' lang='lat' dir='ltr'>opplerissel,</span> 
     </span>
     <span class='ocr_line' id='line_1_13' title="bbox 111 1768 1259 1851; baseline 0.003 -19"><span class='ocrx_word' id='word_1_119' title='bbox 111 1772 182 1849; x_wconf 89' lang='lat' dir='ltr'>qnod</span> <span class='ocrx_word' id='word_1_120' title='bbox 199 1771 311 1834; x_wconf 83' lang='lat' dir='ltr'>habeut</span> <span class='ocrx_word' id='word_1_121' title='bbox 329 1777 467 1851; x_wconf 85' lang='lat' dir='ltr'>quattuor</span> <span class='ocrx_word' id='word_1_122' title='bbox 490 1769 597 1832; x_wconf 81' lang='lat' dir='ltr'>Masuri</span> <span class='ocrx_word' id='word_1_123' title='bbox 623 1768 754 1843; x_wconf 87' lang='lat' dir='ltr'>codices,</span> <span class='ocrx_word' id='word_1_124' title='bbox 773 1787 864 1850; x_wconf 82' lang='lat' dir='ltr'>eaque</span> <span class='ocrx_word' id='word_1_125' title='bbox 889 1771 1054 1849; x_wconf 75' lang='lat' dir='ltr'>corruptela</span> <span class='ocrx_word' id='word_1_126' title='bbox 1075 1773 1259 1836; x_wconf 85' lang='lat' dir='ltr'>coniecturas</span> 
     </span>
     <span class='ocr_line' id='line_1_14' title="bbox 109 1871 1257 1954; baseline 0.006 -23"><span class='ocrx_word' id='word_1_127' title='bbox 109 1888 200 1936; x_wconf 86' lang='lat' dir='ltr'>ansam</span> <span class='ocrx_word' id='word_1_128' title='bbox 226 1874 309 1936; x_wconf 87' lang='lat' dir='ltr'>dodit</span> <span class='ocrx_word' id='word_1_129' title='bbox 326 1872 357 1934; x_wconf 89' lang='lat' dir='ltr'>in</span> <span class='ocrx_word' id='word_1_130' title='bbox 377 1873 476 1935; x_wconf 90' lang='lat' dir='ltr'>codice</span> <span class='ocrx_word' id='word_1_131' title='bbox 494 1871 684 1952; x_wconf 76' lang='lat' dir='ltr'>Lugdunensi</span> <span class='ocrx_word' id='word_1_132' title='bbox 708 1871 737 1933; x_wconf 83' lang='lat'>3.</span> <span class='ocrx_word' id='word_1_133' title='bbox 761 1879 902 1934; x_wconf 78' lang='lat' dir='ltr'>semotae:</span> <span class='ocrx_word' id='word_1_134' title='bbox 928 1888 1005 1933; x_wconf 90' lang='lat' dir='ltr'>nam</span> <span class='ocrx_word' id='word_1_135' title='bbox 1031 1892 1134 1954; x_wconf 81' lang='lat' dir='ltr'>quum</span> <span class='ocrx_word' id='word_1_136' title='bbox 1158 1884 1257 1939; x_wconf 86' lang='lat' dir='ltr'>vetus</span> 
     </span>
     <span class='ocr_line' id='line_1_15' title="bbox 109 1973 1259 2057; baseline 0.003 -23"><span class='ocrx_word' id='word_1_137' title='bbox 109 1973 184 2038; x_wconf 82' lang='lat' dir='ltr'>hoec</span> <span class='ocrx_word' id='word_1_138' title='bbox 206 1974 334 2057; x_wconf 89' lang='lat' dir='ltr'>opinio</span> <span class='ocrx_word' id='word_1_139' title='bbox 361 1973 543 2036; x_wconf 79' lang='lat' dir='ltr'>Graeciam</span> <span class='ocrx_word' id='word_1_140' title='bbox 569 1974 792 2054; x_wconf 81' lang='lat' dir='ltr'>opplerisset</span> <span class='ocrx_word' id='word_1_141' title='bbox 809 2008 851 2019; x_wconf 95' lang='lat'><strong>—</strong></span> <span class='ocrx_word' id='word_1_142' title='bbox 872 1973 1020 2054; x_wconf 77' lang='lat' dir='ltr'>physica</span> <span class='ocrx_word' id='word_1_143' title='bbox 1046 1977 1137 2037; x_wconf 91' lang='lat' dir='ltr'>ratic</span> <span class='ocrx_word' id='word_1_144' title='bbox 1155 1978 1259 2038; x_wconf 92' lang='lat' dir='ltr'>—io-</span> 
     </span>
     <span class='ocr_line' id='line_1_16' title="bbox 110 2075 1258 2157; baseline 0.004 -21"><span class='ocrx_word' id='word_1_145' title='bbox 110 2075 195 2139; x_wconf 89' lang='lat' dir='ltr'>clusa</span> <span class='ocrx_word' id='word_1_146' title='bbox 213 2085 273 2140; x_wconf 88' lang='lat' dir='ltr'>est</span> <span class='ocrx_word' id='word_1_147' title='bbox 289 2077 322 2138; x_wconf 91' lang='lat' dir='ltr'>iu</span> <span class='ocrx_word' id='word_1_148' title='bbox 337 2075 466 2157; x_wconf 90' lang='lat' dir='ltr'>impias</span> <span class='ocrx_word' id='word_1_149' title='bbox 487 2076 639 2149; x_wconf 84' lang='lat' dir='ltr'>tabulas,</span> <span class='ocrx_word' id='word_1_150' title='bbox 662 2093 748 2156; x_wconf 66' lang='lat' dir='ltr'>mam</span> <span class='ocrx_word' id='word_1_151' title='bbox 764 2075 962 2137; x_wconf 85' lang='lat' dir='ltr'>coniecturam</span> <span class='ocrx_word' id='word_1_152' title='bbox 976 2075 1110 2139; x_wconf 81' lang='lat' dir='ltr'>Mosarna</span> <span class='ocrx_word' id='word_1_153' title='bbox 1126 2078 1258 2141; x_wconf 87' lang='lat' dir='ltr'>sibinen</span> 
     </span>
     <span class='ocr_line' id='line_1_17' title="bbox 109 2176 1257 2259; baseline 0.004 -22"><span class='ocrx_word' id='word_1_154' title='bbox 109 2176 250 2258; x_wconf 73' lang='lat' dir='ltr'>displicere</span> <span class='ocrx_word' id='word_1_155' title='bbox 272 2179 435 2259; x_wconf 83' lang='lat' dir='ltr'>profitetur.</span> <span class='ocrx_word' id='word_1_156' title='bbox 478 2178 516 2239; x_wconf 83' lang='lat' dir='ltr'>Et</span> <span class='ocrx_word' id='word_1_157' title='bbox 534 2196 603 2239; x_wconf 90' lang='lat' dir='ltr'>sane</span> <span class='ocrx_word' id='word_1_158' title='bbox 622 2176 737 2257; x_wconf 73' lang='lat' dir='ltr'>placere</span> <span class='ocrx_word' id='word_1_159' title='bbox 750 2186 862 2256; x_wconf 85' lang='lat' dir='ltr'>potest,</span> <span class='ocrx_word' id='word_1_160' title='bbox 884 2176 909 2238; x_wconf 90' lang='lat' dir='ltr'>si</span> <span class='ocrx_word' id='word_1_161' title='bbox 930 2178 996 2257; x_wconf 88' lang='lat' dir='ltr'>qnis</span> <span class='ocrx_word' id='word_1_162' title='bbox 1012 2179 1105 2241; x_wconf 90' lang='lat' dir='ltr'>solam</span> <span class='ocrx_word' id='word_1_163' title='bbox 1121 2189 1257 2242; x_wconf 86' lang='lat' dir='ltr'>constru-</span> 
     </span>
     <span class='ocr_line' id='line_1_18' title="bbox 109 2278 1255 2360; baseline 0.003 -19"><span class='ocrx_word' id='word_1_164' title='bbox 109 2280 223 2343; x_wconf 82' lang='lat' dir='ltr'>ctionem</span> <span class='ocrx_word' id='word_1_165' title='bbox 239 2281 399 2343; x_wconf 87' lang='lat' dir='ltr'>verhornm</span> <span class='ocrx_word' id='word_1_166' title='bbox 418 2281 576 2343; x_wconf 87' lang='lat' dir='ltr'>intucatur:</span> <span class='ocrx_word' id='word_1_167' title='bbox 597 2278 643 2341; x_wconf 89' lang='lat' dir='ltr'>sin</span> <span class='ocrx_word' id='word_1_168' title='bbox 658 2278 695 2340; x_wconf 89' lang='lat' dir='ltr'>de</span> <span class='ocrx_word' id='word_1_169' title='bbox 709 2278 854 2341; x_wconf 88' lang='lat' dir='ltr'>sententia</span> <span class='ocrx_word' id='word_1_170' title='bbox 870 2279 1033 2359; x_wconf 83' lang='lat' dir='ltr'>quaeritur,</span> <span class='ocrx_word' id='word_1_171' title='bbox 1054 2298 1177 2360; x_wconf 87' lang='lat' dir='ltr'>prorsus</span> <span class='ocrx_word' id='word_1_172' title='bbox 1193 2302 1255 2344; x_wconf 92' lang='lat' dir='ltr'>eam</span> 
     </span>
     <span class='ocr_line' id='line_1_19' title="bbox 108 2381 1257 2463; baseline 0.003 -22"><span class='ocrx_word' id='word_1_173' title='bbox 108 2385 295 2463; x_wconf 87' lang='lat' dir='ltr'>respuendam</span> <span class='ocrx_word' id='word_1_174' title='bbox 311 2401 378 2445; x_wconf 88' lang='lat' dir='ltr'>esse</span> <span class='ocrx_word' id='word_1_175' title='bbox 392 2389 520 2463; x_wconf 81' lang='lat' dir='ltr'>apparat</span> <span class='ocrx_word' id='word_1_176' title='bbox 565 2382 675 2462; x_wconf 88' lang='lat' dir='ltr'>Nempe</span> <span class='ocrx_word' id='word_1_177' title='bbox 689 2381 795 2443; x_wconf 86' lang='lat' dir='ltr'>dicitur</span> <span class='ocrx_word' id='word_1_178' title='bbox 809 2381 864 2455; x_wconf 88' lang='lat' dir='ltr'>sic,</span> <span class='ocrx_word' id='word_1_179' title='bbox 885 2388 1075 2462; x_wconf 76' lang='lat' dir='ltr'>posteaquam</span> <span class='ocrx_word' id='word_1_180' title='bbox 1095 2383 1196 2463; x_wconf 88' lang='lat' dir='ltr'>opinio</span> <span class='ocrx_word' id='word_1_181' title='bbox 1211 2384 1257 2446; x_wconf 89' lang='lat' dir='ltr'>illa</span> 
     </span>
     <span class='ocr_line' id='line_1_20' title="bbox 108 2482 1256 2564; baseline 0.005 -21"><span class='ocrx_word' id='word_1_182' title='bbox 108 2483 139 2545; x_wconf 91' lang='lat' dir='ltr'>de</span> <span class='ocrx_word' id='word_1_183' title='bbox 152 2485 231 2547; x_wconf 83' lang='lat' dir='ltr'>Caelo</span> <span class='ocrx_word' id='word_1_184' title='bbox 248 2493 280 2547; x_wconf 90' lang='lat' dir='ltr'>et</span> <span class='ocrx_word' id='word_1_185' title='bbox 295 2485 422 2547; x_wconf 78' lang='lat' dir='ltr'>Saturno</span> <span class='ocrx_word' id='word_1_186' title='bbox 435 2482 584 2546; x_wconf 86' lang='lat' dir='ltr'>Graeciam</span> <span class='ocrx_word' id='word_1_187' title='bbox 601 2483 768 2563; x_wconf 74' lang='lat' dir='ltr'>oppleverit</span> <span class='ocrx_word' id='word_1_188' title='bbox 782 2484 931 2564; x_wconf 77' lang='lat' dir='ltr'>physicam</span> <span class='ocrx_word' id='word_1_189' title='bbox 947 2486 1092 2564; x_wconf 89' lang='lat' dir='ltr'>quandam</span> <span class='ocrx_word' id='word_1_190' title='bbox 1113 2486 1256 2549; x_wconf 90' lang='lat' dir='ltr'>ratioucm</span> 
     </span>
     <span class='ocr_line' id='line_1_21' title="bbox 108 2584 1258 2664; baseline 0.005 -19"><span class='ocrx_word' id='word_1_191' title='bbox 108 2584 148 2646; x_wconf 90' lang='lat' dir='ltr'>his</span> <span class='ocrx_word' id='word_1_192' title='bbox 161 2587 266 2650; x_wconf 88' lang='lat' dir='ltr'>tabulis</span> <span class='ocrx_word' id='word_1_193' title='bbox 283 2586 424 2649; x_wconf 83' lang='lat' dir='ltr'>inclusam</span> <span class='ocrx_word' id='word_1_194' title='bbox 440 2605 516 2648; x_wconf 88' lang='lat' dir='ltr'>esse.</span> <span class='ocrx_word' id='word_1_195' title='bbox 561 2584 652 2646; x_wconf 91' lang='lat' dir='ltr'>Stoici</span> <span class='ocrx_word' id='word_1_196' title='bbox 672 2594 789 2659; x_wconf 75' lang='lat' dir='ltr'>couno,</span> <span class='ocrx_word' id='word_1_197' title='bbox 808 2603 934 2664; x_wconf 91' lang='lat' dir='ltr'>quorum</span> <span class='ocrx_word' id='word_1_198' title='bbox 955 2587 1094 2649; x_wconf 91' lang='lat' dir='ltr'>hocloco</span> <span class='ocrx_word' id='word_1_199' title='bbox 1116 2590 1258 2651; x_wconf 79' lang='lat' dir='ltr'>sententia</span> 
     </span>
     <span class='ocr_line' id='line_1_22' title="bbox 107 2687 1257 2768; baseline 0.005 -21"><span class='ocrx_word' id='word_1_200' title='bbox 107 2690 269 2768; x_wconf 81' lang='lat' dir='ltr'>exponitur,</span> <span class='ocrx_word' id='word_1_201' title='bbox 290 2707 351 2750; x_wconf 91' lang='lat' dir='ltr'>nou</span> <span class='ocrx_word' id='word_1_202' title='bbox 372 2706 442 2751; x_wconf 90' lang='lat' dir='ltr'>sanc</span> <span class='ocrx_word' id='word_1_203' title='bbox 456 2689 513 2749; x_wconf 92' lang='lat' dir='ltr'>hoc</span> <span class='ocrx_word' id='word_1_204' title='bbox 528 2687 688 2760; x_wconf 90' lang='lat' dir='ltr'>voluerunt,</span> <span class='ocrx_word' id='word_1_205' title='bbox 703 2687 785 2766; x_wconf 90' lang='lat' dir='ltr'>prins</span> <span class='ocrx_word' id='word_1_206' title='bbox 800 2687 910 2749; x_wconf 87' lang='lat' dir='ltr'>tabulas</span> <span class='ocrx_word' id='word_1_207' title='bbox 926 2692 1074 2763; x_wconf 81' lang='lat' dir='ltr'>confictus,</span> <span class='ocrx_word' id='word_1_208' title='bbox 1090 2691 1195 2752; x_wconf 89' lang='lat' dir='ltr'>deinde</span> <span class='ocrx_word' id='word_1_209' title='bbox 1210 2710 1257 2753; x_wconf 86' lang='lat' dir='ltr'>ra-</span> 
     </span>
     <span class='ocr_line' id='line_1_23' title="bbox 108 2788 1373 2874; baseline 0.003 -25"><span class='ocrx_word' id='word_1_210' title='bbox 108 2788 208 2853; x_wconf 90' lang='lat' dir='ltr'>tionem</span> <span class='ocrx_word' id='word_1_211' title='bbox 223 2792 260 2854; x_wconf 91' lang='lat' dir='ltr'>iis</span> <span class='ocrx_word' id='word_1_212' title='bbox 278 2790 423 2853; x_wconf 88' lang='lat' dir='ltr'>inclusam</span> <span class='ocrx_word' id='word_1_213' title='bbox 438 2809 513 2866; x_wconf 87' lang='lat' dir='ltr'>essa,</span> <span class='ocrx_word' id='word_1_214' title='bbox 527 2790 579 2852; x_wconf 87' lang='lat' dir='ltr'>sed</span> <span class='ocrx_word' id='word_1_215' title='bbox 594 2790 723 2871; x_wconf 90' lang='lat' dir='ltr'>priorem</span> <span class='ocrx_word' id='word_1_216' title='bbox 739 2789 830 2851; x_wconf 88' lang='lat' dir='ltr'>luisse</span> <span class='ocrx_word' id='word_1_217' title='bbox 844 2790 994 2871; x_wconf 79' lang='lat' dir='ltr'>physicam</span> <span class='ocrx_word' id='word_1_218' title='bbox 1005 2793 1157 2866; x_wconf 80' lang='lat' dir='ltr'>rationem,</span> <span class='ocrx_word' id='word_1_219' title='bbox 1171 2812 1259 2874; x_wconf 92' lang='lat' dir='ltr'>qnam</span> <span class='ocrx_word' id='word_1_220' title='bbox 1370 2802 1373 2809; x_wconf 76' lang='grc'>’</span> 
     </span>
     <span class='ocr_line' id='line_1_24' title="bbox 108 2891 1259 2975; baseline 0.001 -21"><span class='ocrx_word' id='word_1_221' title='bbox 108 2894 152 2971; x_wconf 93' lang='lat' dir='ltr'>qni</span> <span class='ocrx_word' id='word_1_222' title='bbox 165 2894 399 2975; x_wconf 76' lang='lat' dir='ltr'>excogitassent,</span> <span class='ocrx_word' id='word_1_223' title='bbox 414 2912 505 2974; x_wconf 93' lang='lat' dir='ltr'>quum</span> <span class='ocrx_word' id='word_1_224' title='bbox 526 2892 645 2974; x_wconf 89' lang='lat' dir='ltr'>proprie</span> <span class='ocrx_word' id='word_1_225' title='bbox 666 2891 761 2972; x_wconf 90' lang='lat' dir='ltr'>eloqui</span> <span class='ocrx_word' id='word_1_226' title='bbox 781 2900 831 2953; x_wconf 90' lang='lat' dir='ltr'>aut</span> <span class='ocrx_word' id='word_1_227' title='bbox 850 2893 960 2954; x_wconf 90' lang='lat' dir='ltr'>nollent</span> <span class='ocrx_word' id='word_1_228' title='bbox 981 2902 1031 2955; x_wconf 89' lang='lat' dir='ltr'>ant</span> <span class='ocrx_word' id='word_1_229' title='bbox 1046 2911 1106 2955; x_wconf 90' lang='lat' dir='ltr'>non</span> <span class='ocrx_word' id='word_1_230' title='bbox 1126 2902 1259 2975; x_wconf 83' lang='lat' dir='ltr'>possent,</span> 
     </span>
     <span class='ocr_line' id='line_1_25' title="bbox 109 2994 1059 3076; baseline 0.005 -23"><span class='ocrx_word' id='word_1_231' title='bbox 109 2995 219 3074; x_wconf 77' lang='lat' dir='ltr'>tianate</span> <span class='ocrx_word' id='word_1_232' title='bbox 233 3006 264 3058; x_wconf 88' lang='lat' dir='ltr'>et</span> <span class='ocrx_word' id='word_1_233' title='bbox 279 2995 439 3058; x_wconf 80' lang='lat' dir='ltr'>tabidarum</span> <span class='ocrx_word' id='word_1_234' title='bbox 455 2996 537 3076; x_wconf 91' lang='lat' dir='ltr'>quasi</span> <span class='ocrx_word' id='word_1_235' title='bbox 553 2994 708 3057; x_wconf 85' lang='lat' dir='ltr'>involucris</span> <span class='ocrx_word' id='word_1_236' title='bbox 722 2994 854 3056; x_wconf 88' lang='lat' dir='ltr'>indutam</span> <span class='ocrx_word' id='word_1_237' title='bbox 870 2995 1059 3075; x_wconf 78' lang='lat' dir='ltr'>significasse.</span> 
     </span>
    </p>

    <p class='ocr_par' dir='ltr' id='par_1_5' title="bbox 106 3097 1264 4407">
     <span class='ocr_line' id='line_1_26' title="bbox 185 3097 1260 3180; baseline 0.001 -20"><span class='ocrx_word' id='word_1_238' title='bbox 185 3098 254 3180; x_wconf 88' lang='lat' dir='ltr'>Cap.</span> <span class='ocrx_word' id='word_1_239' title='bbox 271 3097 342 3172; x_wconf 87' lang='lat' dir='ltr'>Llll,</span> <span class='ocrx_word' id='word_1_240' title='bbox 361 3097 430 3159; x_wconf 83' lang='lat'><strong>133.</strong></span> <span class='ocrx_word' id='word_1_241' title='bbox 467 3098 529 3159; x_wconf 90' lang='lat' dir='ltr'>Siu</span> <span class='ocrx_word' id='word_1_242' title='bbox 556 3106 700 3178; x_wconf 88' lang='lat' dir='ltr'>quaerat</span> <span class='ocrx_word' id='word_1_243' title='bbox 725 3097 918 3178; x_wconf 87' lang='lat' dir='ltr'>quispiam,</span> <span class='ocrx_word' id='word_1_244' title='bbox 944 3099 1128 3161; x_wconf 88' lang='lat' dir='ltr'>cuiusnam</span> <span class='ocrx_word' id='word_1_245' title='bbox 1156 3119 1260 3162; x_wconf 86' lang='lat' dir='ltr'>cansa</span> 
     </span>
     <span class='ocr_line' id='line_1_27' title="bbox 108 3190 1260 3264; baseline 0.003 -5"><span class='ocrx_word' id='word_1_246' title='bbox 108 3206 280 3264; x_wconf 89' lang='lat' dir='ltr'>tantarum</span> <span class='ocrx_word' id='word_1_247' title='bbox 297 3220 414 3263; x_wconf 92' lang='lat' dir='ltr'>rernm</span> <span class='ocrx_word' id='word_1_248' title='bbox 431 3199 569 3262; x_wconf 90' lang='lat' dir='ltr'>molitio</span> <span class='ocrx_word' id='word_1_249' title='bbox 585 3190 678 3262; x_wconf 84' lang='lat' dir='ltr'>lacta</span> <span class='ocrx_word' id='word_1_250' title='bbox 694 3200 754 3261; x_wconf 91' lang='lat' dir='ltr'>sit:</span> <span class='ocrx_word' id='word_1_251' title='bbox 770 3200 982 3263; x_wconf 89' lang='lat' dir='ltr'>arborumne</span> <span class='ocrx_word' id='word_1_252' title='bbox 997 3210 1029 3264; x_wconf 90' lang='lat' dir='ltr'>ct</span> <span class='ocrx_word' id='word_1_253' title='bbox 1043 3198 1260 3264; x_wconf 83' lang='lat' dir='ltr'>herbarum?</span> 
     </span>
     <span class='ocr_line' id='line_1_28' title="bbox 107 3304 1260 3386; baseline 0.002 -23"><span class='ocrx_word' id='word_1_254' title='bbox 107 3320 185 3380; x_wconf 88' lang='lat' dir='ltr'>quac</span> <span class='ocrx_word' id='word_1_255' title='bbox 200 3324 412 3386; x_wconf 90' lang='lat' dir='ltr'>quamquam</span> <span class='ocrx_word' id='word_1_256' title='bbox 429 3304 507 3366; x_wconf 89' lang='lat' dir='ltr'>sine</span> <span class='ocrx_word' id='word_1_257' title='bbox 523 3322 632 3365; x_wconf 88' lang='lat' dir='ltr'>sensu</span> <span class='ocrx_word' id='word_1_258' title='bbox 648 3312 743 3377; x_wconf 89' lang='lat' dir='ltr'>snut,</span> <span class='ocrx_word' id='word_1_259' title='bbox 764 3310 879 3364; x_wconf 91' lang='lat' dir='ltr'>tamen</span> <span class='ocrx_word' id='word_1_260' title='bbox 899 3313 1054 3366; x_wconf 87' lang='lat' dir='ltr'>anatnra</span> <span class='ocrx_word' id='word_1_261' title='bbox 1073 3306 1260 3367; x_wconf 85' lang='lat' dir='ltr'>sustineu-</span> 
     </span>
     <span class='ocr_line' id='line_1_29' title="bbox 108 3405 1262 3487; baseline 0.003 -24"><span class='ocrx_word' id='word_1_262' title='bbox 108 3411 164 3466; x_wconf 89' lang='lat' dir='ltr'>tur.</span> <span class='ocrx_word' id='word_1_263' title='bbox 207 3408 252 3469; x_wconf 79' lang='lat' dir='ltr'>ht</span> <span class='ocrx_word' id='word_1_264' title='bbox 278 3406 311 3469; x_wconf 90' lang='lat' dir='ltr'>id</span> <span class='ocrx_word' id='word_1_265' title='bbox 337 3406 477 3487; x_wconf 90' lang='lat' dir='ltr'>quidem</span> <span class='ocrx_word' id='word_1_266' title='bbox 504 3405 697 3467; x_wconf 91' lang='lat' dir='ltr'>absurdum</span> <span class='ocrx_word' id='word_1_267' title='bbox 723 3415 778 3465; x_wconf 89' lang='lat' dir='ltr'>est</span> <span class='ocrx_word' id='word_1_268' title='bbox 802 3413 866 3467; x_wconf 88' lang='lat' dir='ltr'>cto.</span> <span class='ocrx_word' id='word_1_269' title='bbox 910 3406 976 3467; x_wconf 90' lang='lat' dir='ltr'>Nou</span> <span class='ocrx_word' id='word_1_270' title='bbox 997 3406 1143 3469; x_wconf 85' lang='lat' dir='ltr'>immerito</span> <span class='ocrx_word' id='word_1_271' title='bbox 1160 3407 1262 3468; x_wconf 91' lang='lat' dir='ltr'>iuhac</span> 
     </span>
     <span class='ocr_line' id='line_1_30' title="bbox 107 3506 1260 3589; baseline 0.001 -22"><span class='ocrx_word' id='word_1_272' title='bbox 107 3507 234 3570; x_wconf 83' lang='lat' dir='ltr'>codicum</span> <span class='ocrx_word' id='word_1_273' title='bbox 256 3509 345 3589; x_wconf 79' lang='lat' dir='ltr'>longe</span> <span class='ocrx_word' id='word_1_274' title='bbox 366 3508 560 3589; x_wconf 88' lang='lat' dir='ltr'>plurimorum</span> <span class='ocrx_word' id='word_1_275' title='bbox 580 3507 704 3569; x_wconf 87' lang='lat' dir='ltr'>lectione</span> <span class='ocrx_word' id='word_1_276' title='bbox 718 3507 864 3568; x_wconf 87' lang='lat' dir='ltr'>doctiores</span> <span class='ocrx_word' id='word_1_277' title='bbox 879 3506 1051 3587; x_wconf 80' lang='lat' dir='ltr'>interpretes</span> <span class='ocrx_word' id='word_1_278' title='bbox 1067 3508 1260 3570; x_wconf 83' lang='lat' dir='ltr'>otleudcrnut.</span> 
     </span>
     <span class='ocr_line' id='line_1_31' title="bbox 107 3608 1259 3691; baseline 0.001 -20"><span class='ocrx_word' id='word_1_279' title='bbox 107 3608 233 3673; x_wconf 82' lang='lat' dir='ltr'>l&#39;rimum</span> <span class='ocrx_word' id='word_1_280' title='bbox 250 3610 330 3673; x_wconf 90' lang='lat' dir='ltr'>euim</span> <span class='ocrx_word' id='word_1_281' title='bbox 345 3609 501 3672; x_wconf 76' lang='lat' dir='ltr'>manifesta</span> <span class='ocrx_word' id='word_1_282' title='bbox 517 3618 562 3671; x_wconf 89' lang='lat' dir='ltr'>est</span> <span class='ocrx_word' id='word_1_283' title='bbox 578 3608 718 3671; x_wconf 88' lang='lat' dir='ltr'>orationis</span> <span class='ocrx_word' id='word_1_284' title='bbox 733 3608 982 3689; x_wconf 85' lang='lat' dir='ltr'>inconsequentia,</span> <span class='ocrx_word' id='word_1_285' title='bbox 998 3629 1086 3690; x_wconf 90' lang='lat' dir='ltr'>qnum</span> <span class='ocrx_word' id='word_1_286' title='bbox 1103 3620 1173 3691; x_wconf 88' lang='lat' dir='ltr'>post</span> <span class='ocrx_word' id='word_1_287' title='bbox 1187 3628 1259 3672; x_wconf 92' lang='lat' dir='ltr'>cou-</span> 
     </span>
     <span class='ocr_line' id='line_1_32' title="bbox 107 3710 1261 3794; baseline 0.003 -23"><span class='ocrx_word' id='word_1_288' title='bbox 107 3711 274 3776; x_wconf 89' lang='lat' dir='ltr'>ditionalem</span> <span class='ocrx_word' id='word_1_289' title='bbox 291 3714 435 3794; x_wconf 87' lang='lat' dir='ltr'>protasio,</span> <span class='ocrx_word' id='word_1_290' title='bbox 451 3713 507 3775; x_wconf 89' lang='lat' dir='ltr'>sin</span> <span class='ocrx_word' id='word_1_291' title='bbox 522 3719 668 3793; x_wconf 88' lang='lat' dir='ltr'>quaerat</span> <span class='ocrx_word' id='word_1_292' title='bbox 687 3710 879 3791; x_wconf 86' lang='lat' dir='ltr'>quispiam,</span> <span class='ocrx_word' id='word_1_293' title='bbox 901 3713 977 3774; x_wconf 87' lang='lat' dir='ltr'>nullo</span> <span class='ocrx_word' id='word_1_294' title='bbox 994 3721 1132 3793; x_wconf 87' lang='lat' dir='ltr'>sequatur</span> <span class='ocrx_word' id='word_1_295' title='bbox 1147 3712 1261 3793; x_wconf 91' lang='lat' dir='ltr'>apodu-</span> 
     </span>
     <span class='ocr_line' id='line_1_33' title="bbox 107 3814 1263 3897; baseline 0.003 -23"><span class='ocrx_word' id='word_1_296' title='bbox 107 3814 151 3875; x_wconf 86' lang='lat' dir='ltr'>sis.</span> <span class='ocrx_word' id='word_1_297' title='bbox 196 3817 382 3897; x_wconf 81' lang='lat' dir='ltr'>Quamquam</span> <span class='ocrx_word' id='word_1_298' title='bbox 398 3816 474 3878; x_wconf 88' lang='lat' dir='ltr'>hanc</span> <span class='ocrx_word' id='word_1_299' title='bbox 488 3814 604 3896; x_wconf 90' lang='lat' dir='ltr'>quidem</span> <span class='ocrx_word' id='word_1_300' title='bbox 620 3814 812 3876; x_wconf 77' lang='lat' dir='ltr'>offensionem</span> <span class='ocrx_word' id='word_1_301' title='bbox 829 3814 931 3894; x_wconf 87' lang='lat' dir='ltr'>aliquis</span> <span class='ocrx_word' id='word_1_302' title='bbox 952 3815 1048 3877; x_wconf 85' lang='lat' dir='ltr'>minna</span> <span class='ocrx_word' id='word_1_303' title='bbox 1064 3834 1179 3895; x_wconf 81' lang='lat' dir='ltr'>gravem</span> <span class='ocrx_word' id='word_1_304' title='bbox 1195 3835 1263 3878; x_wconf 90' lang='lat' dir='ltr'>esse</span> 
     </span>
     <span class='ocr_line' id='line_1_34' title="bbox 107 3915 1261 3998; baseline 0.002 -21"><span class='ocrx_word' id='word_1_305' title='bbox 107 3915 220 3980; x_wconf 84' lang='lat' dir='ltr'>dixerit:</span> <span class='ocrx_word' id='word_1_306' title='bbox 235 3937 308 3980; x_wconf 88' lang='lat' dir='ltr'>nam</span> <span class='ocrx_word' id='word_1_307' title='bbox 322 3918 514 3981; x_wconf 76' lang='lat' dir='ltr'>excusabilem</span> <span class='ocrx_word' id='word_1_308' title='bbox 530 3937 598 3978; x_wconf 89' lang='lat' dir='ltr'>esse</span> <span class='ocrx_word' id='word_1_309' title='bbox 612 3916 767 3996; x_wconf 87' lang='lat' dir='ltr'>scriptoris</span> <span class='ocrx_word' id='word_1_310' title='bbox 781 3916 999 3996; x_wconf 74' lang='lat' dir='ltr'>negligentiam,</span> <span class='ocrx_word' id='word_1_311' title='bbox 1012 3917 1061 3998; x_wconf 90' lang='lat' dir='ltr'>qui</span> <span class='ocrx_word' id='word_1_312' title='bbox 1077 3917 1113 3980; x_wconf 92' lang='lat' dir='ltr'>ab</span> <span class='ocrx_word' id='word_1_313' title='bbox 1128 3918 1261 3980; x_wconf 83' lang='lat' dir='ltr'>inchoata</span> 
     </span>
     <span class='ocr_line' id='line_1_35' title="bbox 107 4017 1261 4100; baseline 0.003 -23"><span class='ocrx_word' id='word_1_314' title='bbox 107 4028 249 4083; x_wconf 83' lang='lat' dir='ltr'>structura</span> <span class='ocrx_word' id='word_1_315' title='bbox 265 4020 425 4095; x_wconf 81' lang='lat' dir='ltr'>detlescrit,</span> <span class='ocrx_word' id='word_1_316' title='bbox 442 4021 524 4083; x_wconf 90' lang='lat' dir='ltr'>cuins</span> <span class='ocrx_word' id='word_1_317' title='bbox 540 4018 655 4100; x_wconf 79' lang='lat' dir='ltr'>generis</span> <span class='ocrx_word' id='word_1_318' title='bbox 670 4019 799 4098; x_wconf 82' lang='lat' dir='ltr'>exempla</span> <span class='ocrx_word' id='word_1_319' title='bbox 815 4018 845 4079; x_wconf 90' lang='lat' dir='ltr'>iu</span> <span class='ocrx_word' id='word_1_320' title='bbox 860 4017 1073 4099; x_wconf 87' lang='lat' dir='ltr'>philosophicis</span> <span class='ocrx_word' id='word_1_321' title='bbox 1090 4020 1261 4100; x_wconf 87' lang='lat' dir='ltr'>praesertim</span> 
     </span>
     <span class='ocr_line' id='line_1_36' title="bbox 106 4119 1262 4204; baseline 0.003 -25"><span class='ocrx_word' id='word_1_322' title='bbox 106 4120 183 4183; x_wconf 87' lang='lat' dir='ltr'>libris</span> <span class='ocrx_word' id='word_1_323' title='bbox 202 4122 355 4185; x_wconf 88' lang='lat' dir='ltr'>Ciceronis</span> <span class='ocrx_word' id='word_1_324' title='bbox 375 4124 525 4204; x_wconf 90' lang='lat' dir='ltr'>complura</span> <span class='ocrx_word' id='word_1_325' title='bbox 546 4119 667 4183; x_wconf 86' lang='lat' dir='ltr'>inveniri</span> <span class='ocrx_word' id='word_1_326' title='bbox 694 4121 841 4182; x_wconf 81' lang='lat' dir='ltr'>latcndum</span> <span class='ocrx_word' id='word_1_327' title='bbox 866 4128 920 4182; x_wconf 89' lang='lat' dir='ltr'>est.</span> <span class='ocrx_word' id='word_1_328' title='bbox 958 4121 1015 4183; x_wconf 88' lang='lat' dir='ltr'>Sed</span> <span class='ocrx_word' id='word_1_329' title='bbox 1036 4122 1122 4185; x_wconf 81' lang='lat' dir='ltr'>altera</span> <span class='ocrx_word' id='word_1_330' title='bbox 1139 4122 1262 4185; x_wconf 85' lang='lat' dir='ltr'>otiensio</span> 
     </span>
     <span class='ocr_line' id='line_1_37' title="bbox 107 4222 1264 4306; baseline 0.002 -22"><span class='ocrx_word' id='word_1_331' title='bbox 107 4232 149 4284; x_wconf 85' lang='lat' dir='ltr'>cst</span> <span class='ocrx_word' id='word_1_332' title='bbox 166 4223 196 4286; x_wconf 91' lang='lat' dir='ltr'>in</span> <span class='ocrx_word' id='word_1_333' title='bbox 216 4225 285 4306; x_wconf 88' lang='lat' dir='ltr'>ipsa</span> <span class='ocrx_word' id='word_1_334' title='bbox 304 4225 359 4286; x_wconf 91' lang='lat' dir='ltr'>hac</span> <span class='ocrx_word' id='word_1_335' title='bbox 377 4225 582 4286; x_wconf 83' lang='lat' dir='ltr'>coniunctione</span> <span class='ocrx_word' id='word_1_336' title='bbox 602 4224 676 4298; x_wconf 89' lang='lat' dir='ltr'>Sin,</span> <span class='ocrx_word' id='word_1_337' title='bbox 700 4223 743 4284; x_wconf 91' lang='lat' dir='ltr'>sic</span> <span class='ocrx_word' id='word_1_338' title='bbox 767 4222 852 4303; x_wconf 89' lang='lat' dir='ltr'>plane</span> <span class='ocrx_word' id='word_1_339' title='bbox 867 4223 902 4285; x_wconf 90' lang='lat' dir='ltr'>ad</span> <span class='ocrx_word' id='word_1_340' title='bbox 922 4224 1015 4287; x_wconf 88' lang='lat' dir='ltr'>instar</span> <span class='ocrx_word' id='word_1_341' title='bbox 1036 4225 1098 4287; x_wconf 88' lang='lat' dir='ltr'>eins</span> <span class='ocrx_word' id='word_1_342' title='bbox 1119 4226 1198 4306; x_wconf 93' lang='lat' dir='ltr'>qnod</span> <span class='ocrx_word' id='word_1_343' title='bbox 1218 4233 1264 4286; x_wconf 89' lang='lat' dir='ltr'>est</span> 
     </span>
     <span class='ocr_line' id='line_1_38' title="bbox 107 4324 1263 4407; baseline -0.002 -20"><span class='ocrx_word' id='word_1_344' title='bbox 107 4327 247 4405; x_wconf 90' lang='lat' dir='ltr'>quodsi,</span> <span class='ocrx_word' id='word_1_345' title='bbox 269 4328 330 4390; x_wconf 90' lang='lat' dir='ltr'>aed</span> <span class='ocrx_word' id='word_1_346' title='bbox 351 4328 381 4390; x_wconf 92' lang='lat' dir='ltr'>si</span> <span class='ocrx_word' id='word_1_347' title='bbox 402 4337 541 4407; x_wconf 90' lang='lat' dir='ltr'>usurpata</span> <span class='ocrx_word' id='word_1_348' title='bbox 561 4327 596 4389; x_wconf 91' lang='lat' dir='ltr'>ad</span> <span class='ocrx_word' id='word_1_349' title='bbox 612 4324 841 4389; x_wconf 85' lang='lat' dir='ltr'>connectendam</span> <span class='ocrx_word' id='word_1_350' title='bbox 857 4325 1142 4406; x_wconf 89' lang='lat' dir='ltr'>continuandamque</span> <span class='ocrx_word' id='word_1_351' title='bbox 1153 4324 1263 4387; x_wconf 86' lang='lat' dir='ltr'>cratio-</span> 
     </span>
    </p>
   </div>
   <div class='ocr_carea' id='block_1_5' title="bbox 108 4423 1263 4589">
    <p class='ocr_par' dir='ltr' id='par_1_6' title="bbox 108 4423 1263 4589">
     <span class='ocr_line' id='line_1_39' title="bbox 108 4423 1263 4511; baseline -0.004 -22"><span class='ocrx_word' id='word_1_352' title='bbox 108 4445 181 4491; x_wconf 90' lang='lat' dir='ltr'>nem.</span> <span class='ocrx_word' id='word_1_353' title='bbox 218 4430 295 4491; x_wconf 87' lang='lat' dir='ltr'>Nam</span> <span class='ocrx_word' id='word_1_354' title='bbox 321 4429 453 4511; x_wconf 61' lang='lat' dir='ltr'>wamiis</span> <span class='ocrx_word' id='word_1_355' title='bbox 479 4447 567 4508; x_wconf 85' lang='lat' dir='ltr'>saepo</span> <span class='ocrx_word' id='word_1_356' title='bbox 591 4429 645 4491; x_wconf 89' lang='lat' dir='ltr'>sin</span> <span class='ocrx_word' id='word_1_357' title='bbox 668 4436 796 4509; x_wconf 86' lang='lat' dir='ltr'>ponatur</span> <span class='ocrx_word' id='word_1_358' title='bbox 819 4445 881 4491; x_wconf 89' lang='lat' dir='ltr'>non</span> <span class='ocrx_word' id='word_1_359' title='bbox 897 4429 1088 4509; x_wconf 78' lang='lat' dir='ltr'>praecedente</span> <span class='ocrx_word' id='word_1_360' title='bbox 1111 4428 1203 4488; x_wconf 90' lang='lat' dir='ltr'>altero</span> <span class='ocrx_word' id='word_1_361' title='bbox 1218 4423 1263 4495; x_wconf 89' lang='lat' dir='ltr'>si,</span> 
     </span>
     <span class='ocr_line' id='line_1_40' title="bbox 998 4528 1061 4589; baseline 0 0"><span class='ocrx_word' id='word_1_362' title='bbox 998 4530 1038 4589; x_wconf 75' lang='lat' dir='ltr'>at</span> <span class='ocrx_word' id='word_1_363' title='bbox 1049 4528 1061 4558; x_wconf 74' lang='grc'>*</span> 
     </span>
    </p>
   </div>
   <div class='ocr_carea' id='block_1_6' title="bbox 0 0 1582 5138">
    <p class='ocr_par' dir='ltr' id='par_1_7' title="bbox 0 0 1582 5138">
     <span class='ocr_line' id='line_1_41' title="bbox 0 0 1582 5138; baseline 0 0"><span class='ocrx_word' id='word_1_364' title='bbox 0 0 1582 5138; x_wconf 95' lang='lat' dir='ltr'> </span> 
     </span>
    </p>
   </div>
  </div>
 </body>
</html>
