3222 5148
636 469 785 566 ,3⁵3-

128 658 276 721 mundana
292 656 465 739 contagione
485 658 572 740 longe
589 659 712 733 remoti,
734 659 891 740 omnisque
910 676 977 720 cum
997 655 1086 719 rebus
1106 651 1293 716 terrestribus

36 772 40 777 ’
128 768 216 841 atque
231 761 368 823 humanis
383 761 554 824 commercii
576 771 709 843 expertes
729 763 791 825 otio
810 761 992 842 sempiterno
1015 766 1045 821 et
1061 775 1180 821 summa
1195 758 1293 838 quiete

129 864 312 926 fruerentur:
325 883 417 943 quum
428 864 604 943 imaginibus
616 865 680 927 istis
692 883 813 929 necesse
822 872 899 927 esset
910 883 946 925 er
958 861 1165 925 intermundiis
1175 878 1295 941 semper

129 968 244 1029 evolare
257 985 376 1029 summe
391 987 459 1030 cum
476 969 634 1046 celeritate,
649 988 797 1051 cursuque
812 985 965 1049 nunquam
981 965 1151 1027 intermisso
1161 964 1192 1025 in
1201 971 1294 1026 terras

129 1089 161 1131 se
175 1070 337 1151 procellerc
352 1078 382 1131 et
402 1071 432 1131 in
448 1071 562 1134 animos
578 1072 666 1134 etiam
680 1073 840 1135 incurrere.
870 1070 963 1150 Igitur
976 1067 1080 1130 falsam
1095 1085 1161 1129 esse
1175 1066 1295 1129 'lenne-

130 1173 231 1234 manni
251 1173 421 1253 opinionem
442 1175 586 1254 longeque
605 1174 642 1236 ab
664 1174 783 1254 Epicuri
804 1175 916 1236 ratione
935 1172 1058 1233 alienam
1079 1170 1151 1232 satis
1173 1187 1222 1231 me
1241 1169 1296 1231 de·

130 1283 314 1337 monstrasse
329 1275 470 1350 arbitror,
486 1277 533 1339 cui
549 1276 680 1356 opinioni
693 1296 785 1358 quum
801 1276 928 1357 aliquam
940 1272 1151 1356 probabilitatis
1167 1272 1295 1353 speciem

131 1378 218 1440 etiam
241 1396 277 1439 ex
292 1377 450 1442 Democriti
472 1379 586 1460 placitis
606 1381 753 1443 conciliari
769 1380 823 1452 ait,
844 1399 873 1463 p.
889 1377 967 1449 418,
990 1395 1037 1439 res
1059 1375 1145 1459 plene
1168 1376 1296 1436 diversas

132 1489 241 1543 temere
259 1488 288 1541 et
309 1480 444 1563 imperite
464 1483 631 1545 confudisse
651 1483 816 1545 censendus
835 1489 889 1543 est.
933 1481 1008 1543 Nam
1023 1478 1091 1542 licet
1105 1479 1162 1541 boc
1176 1477 1295 1558 quidem

136 1591 268 1658 constet,
292 1584 492 1648 Democritum
517 1587 588 1648 deos
613 1584 694 1665 ipsos
717 1575 841 1645 εἴδωλα
855 1584 977 1657 dixisse,
1004 1582 1060 1645 alio
1082 1588 1182 1643 lemen
1206 1597 1297 1641 sensu
1360 1646 1363 1657 ¹

134 1705 222 1766 quam
238 1687 382 1767 Epicurus
403 1689 461 1750 hoc
481 1688 622 1750 vocabulo
642 1707 715 1749 usus
735 1694 789 1748 est.
840 1686 907 1748 Non
927 1686 1006 1748 enim
1029 1704 1077 1747 eas
1098 1683 1240 1765 imagines
1259 1703 1297 1746 cx

134 1789 269 1868 personis
285 1789 460 1869 quibusdam
476 1790 580 1851 divinis
595 1790 724 1851 humana
738 1788 833 1850 forma
843 1788 963 1861 indutis,
976 1786 1226 1868 quemadmodum
1238 1785 1296 1860 ille,

132 1892 280 1952 eilluxisse
295 1892 399 1965 voluit,
421 1891 473 1953 scd
491 1911 582 1971 quum
603 1900 739 1955 naturam
756 1892 902 1972 quandam
917 1911 941 1954 s.
958 1890 1151 1953 substantiam
1167 1889 1297 1951 divinam

133 2011 198 2054 esse
213 1998 357 2055 statueret
374 2013 408 2054 ex
424 1994 531 2055 atomis
546 1993 702 2057 levissimis
721 2004 752 2057 et
772 1993 987 2067 subtilissimis,
1007 1994 1153 2056 mnndum
1175 2009 1294 2055 omnem

134 2095 298 2176 amplexam
318 2103 349 2157 et
368 2113 421 2177 per
440 2114 544 2158 omnes
558 2097 622 2159 eius
641 2106 738 2179 partes
759 2097 904 2172 diffusam,
919 2131 961 2140 -
974 2095 1074 2157 θειαν
1095 2087 1211 2157 οὐσίαν
1224 2094 1298 2157 dixit

134 2205 163 2258 et
188 2190 315 2275 κόσμου
341 2192 459 2282 ψυχήν,
473 2231 517 2244 --
531 2219 567 2261 ex
590 2200 645 2263 bac
663 2200 818 2263 universali
837 2208 868 2262 et
882 2198 1001 2261 informi
1022 2198 1184 2261 substantia
1201 2198 1296 2260 divina

132 2308 249 2361 atomos
272 2300 412 2379 quasdam
434 2320 587 2363 emanasse
607 2311 637 2364 et
657 2303 687 2364 in
707 2312 801 2365 certas
822 2303 933 2365 formas
955 2301 1098 2366 coaluisse
1113 2300 1296 2382 censuit²⁹)‚

133 2402 241 2482 bisque
257 2394 402 2465 εἰδώλων
417 2422 526 2466 nornen
541 2404 736 2479 indidit,non
751 2425 810 2486 quo
824 2407 979 2468 simulacra
994 2425 1058 2468 esse
1073 2405 1159 2466 vellet
1172 2404 1297 2466 aliorum

134 2506 319 2585 quorundam
336 2506 470 2581 deorum,
488 2527 614 2587 quorum
630 2510 740 2571 formas
754 2510 925 2582 retinerent,
940 2511 992 2571 sed
1003 2510 1072 2591 quic
1086 2508 1196 2593 pariter
1209 2517 1297 2588 atque

133 2627 167 2669 ca
183 2626 257 2688 qnae
272 2627 308 2668 ex
322 2608 446 2670 terrenis
461 2610 633 2692 corporibus
647 2611 832 2672 solidioribus
848 2610 988 2691 imagines
1003 2613 1174 2686 elllnercnt,
1190 2610 1297 2673 atomis

133 2718 304 2772 constarent
319 2712 499 2774 tenuissimis
514 2714 656 2794 omnique
675 2732 814 2791 corporea
835 2714 1023 2776 concretione
1043 2723 1073 2777 et
1087 2714 1233 2776 soliditate
1247 2732 1297 2776 ca-

134 2820 245 2873 rerent.
290 2813 349 2875 llas
369 2813 459 2893 igitur
479 2815 522 2877 sic
541 2815 639 2877 minus
655 2815 773 2896 proprie
790 2815 930 2897 imagines
951 2824 1069 2877 vocatas
1083 2833 1143 2878 non
1158 2815 1294 2887 deornm,

134 2921 169 2975 ut
182 2914 335 2995 Epicurus,
351 2917 402 2978 sed
416 2918 487 2980 deos
502 2918 582 3002 ipsos
597 2938 662 2981 esse
673 2918 775 2992 voluit,
791 2936 895 2998 neque,
912 2928 945 2981 ut
959 2919 1005 2981 ille
1017 2919 1080 2979 suis
1088 2917 1142 2990 dis,
1158 2918 1189 2979 in
1204 2918 1298 2979 inter·

133 3017 262 3078 mundiis
278 3019 453 3098 quibusdam
469 3020 568 3083 locum
584 3022 618 3083 iis
633 3021 797 3102 assignavit,
813 3021 863 3083 ubi
872 3022 1090 3101 vitamagerent
1098 3020 1297 3082 immortalem

133 3126 164 3180 et
179 3119 214 3179 ab
236 3120 317 3181 omni
342 3123 527 3184 terrestrium
550 3131 581 3185 et
606 3125 803 3185 humanarum
830 3141 930 3185 rernm
952 3123 1125 3204 contagione
1139 3130 1296 3189 remotam,

134 3220 186 3282 sed
207 3223 315 3284 versari
337 3242 389 3285 eos
408 3225 530 3287 credidit
553 3226 583 3287 in
604 3227 716 3289 mundo
736 3225 898 3306 multisque
918 3227 1015 3290 modis
1034 3233 1086 3289 ant
1106 3225 1297 3287 benefacere

132 3324 303 3387 hominibus
318 3336 369 3389 aut
384 3328 472 3402 male,
489 3346 545 3392 nec
555 3330 737 3392 immortales
757 3328 830 3403 esse,
848 3329 900 3390 sed
911 3337 1026 3393 tanturn
1035 3330 1202 3411 longaevos,
1219 3323 1297 3390 όυσ-
1384 3342 1390 3351 ·

135 3422 310 3508 φθόρτοι·ς
331 3421 398 3506 μέν,
422 3422 481 3491 oric
505 3421 703 3516 ἀφθάρτους
719 3425 828 3509 όέθθ).

205 3608 248 3671 211)
268 3607 345 3661 Clem.
365 3609 442 3665 lllcx.
465 3613 558 3666 Siron.
571 3614 604 3679 V,
625 3614 667 3679 86,
689 3631 712 3682 p.
726 3615 775 3667 698
791 3615 875 3668 roas:
898 3612 1076 3684 Δημόκριτος
1090 3642 1124 3653 -
1141 3618 1297 3681 πεποίηκεν

136 3691 239 3748 siricolo
260 3696 320 3749 τοῖς
341 3690 507 3765 ἀνθρώποις
523 3703 718 3766 προσπίπτειν
735 3696 794 3752 όπὸ
811 3702 859 3766 τῆς
873 3705 955 3758 θείας
967 3697 1074 3757 οόσίας.
1097 3699 1297 3752 Hancsnbstan-

135 3780 196 3831 tiam
214 3778 324 3828 divinam
343 3780 384 3833 P's.
399 3782 464 3835 Plnt.
483 3785 513 3835 dc
530 3785 594 3850 plac.
607 3783 666 3851 phil.
683 3785 706 3851 1,
719 3786 743 3849 7,
758 3788 786 3837 11
801 3786 852 3852 τὴν
863 3788 915 3839 τοῦ
926 3785 1037 3857 κόσμου
1050 3784 1145 3853 ψυχήν
1157 3786 1247 3837 dictam
1259 3787 1298 3837 ait

134 3874 162 3917 ct
173 3865 242 3917 νοῦν
254 3865 284 3919 ἔν
298 3869 365 3933 πυρὶ
378 3869 565 3936 σφαιροειδεῖ.
589 3868 626 3920 Cf.
640 3869 731 3938 Cprill.
752 3879 834 3923 contr.
847 3872 938 3923 Julian.
955 3874 977 3923 1.
991 3872 1122 3922 citatnma
1136 3870 1252 3936 Mencgio
1265 3871 1297 3920 cd

135 3949 209 4016 Βίας,
222 3950 250 4001 L.
265 3949 311 4003 IX.
323 3968 347 4018 p.
360 3952 410 4003 425
423 3953 504 4005 lliibn.

205 4038 246 4099 30>
265 4037 336 4090 Sext.
349 4038 412 4106 Ειυρ
432 4040 489 4090 adv.
502 4038 578 4108 Phys.
592 4041 615 4104 t,
630 4039 671 4092 19.
688 4037 866 4114 Δημόκριτος
878 4041 908 4095 di
921 4037 1024 4095 siderio?
1035 4037 1098 4093 τινά
1111 4054 1201 4110 φησιν
1212 4039 1298 4110 ἔμπα·

134 4117 228 4183 laidem
248 4129 309 4183 τοῖς
320 4120 496 4196 α’νθρόπονς,
513 4127 559 4175 καὶ
572 4124 678 4177 τούτων
688 4125 722 4177 τὰ
733 4127 787 4196 μὲν
800 4126 871 4181 εῖναι
883 4123 1051 4197 ἄγαθοποιὰ
1063 4124 1097 4177 τὰ
1112 4124 1142 4176 δὲ
1155 4122 1297 4177 αακοποιό

136 4206 232 4274 (ἔνθεν
253 4214 299 4262 καὶ
321 4206 431 4282 εὔχεται
448 4208 569 4280 εὑ1όγων
584 4216 679 4280 τυχεῖν
695 4210 843 4278 εἰδώλων),
863 4212 935 4266 εῖναι
946 4212 977 4266 cl
989 4213 1076 4264 ταῦτα
1087 4207 1198 4282 μεγάλα
1210 4228 1239 4263 τε
1251 4211 1298 4262 καὶ

136 4288 285 4362 ὑπερφυῆ,
305 4301 350 4349 καὶ
371 4295 544 4367 δύσφθαρτα
563 4299 624 4366 μίν,
646 4292 699 4348 ου’να
710 4292 846 4370 όφθαρεα
858 4298 903 4363 δέ,
925 4300 1132 4368 προσημαίνειν
1143 4312 1173 4349 τε
1185 4294 1219 4347 τὰ
1231 4297 1298 4364 μέλ·

136 4377 222 4429 tona
239 4384 299 4437 ταῖς
312 4378 477 4448 ἀνθρώποις
488 4378 673 4452 θεωρούμενα
685 4381 732 4432 καὶ
744 4380 840 4448 φωνὰς
852 4381 980 4453 ἀφιέντα.
1004 4379 1074 4436 ὅθεν
1085 4377 1194 4436 rodam
1205 4380 1298 4434 αι’παῖν

137 4467 299 4532 φαντασίαν
319 4463 448 4532 λαβόντες
468 4468 498 4520 oi
517 4468 635 4521 παλαιοὶ
654 4463 817 4533 ὑπενόησαν
833 4467 906 4521 clauc
926 4463 1004 4533 θεόν,
1024 4467 1174 4538 μηδενός
1193 4462 1299 4521 ἄλλον

188 4545 237 4607 lV.
1054 4552 1096 4615 23
