3266 5140
341 1454 405 1545 lu
438 1453 634 1548 uturum
667 1459 726 1547 llll
757 1458 933 1552 FINIBUS
964 1458 1048 1549 utu.
1080 1457 1122 1545 V.

224 1738 347 1819 Factum
367 1754 423 1816 iam
443 1756 566 1817 antehac
580 1755 735 1835 aliquoties
755 1774 771 1817 a
791 1755 877 1818 nobis
892 1764 952 1829 est,
969 1755 1206 1827 commilitones,
1225 1753 1304 1815 utin
1326 1768 1342 1818 s

150 1856 196 1918 his
212 1873 355 1919 novarum
370 1858 536 1920 scholarum
552 1862 776 1938 programmatis
796 1867 966 1939 argumenta
980 1866 1171 1920 tractaremus
1185 1876 1202 1917 e
1217 1855 1305 1918 scho-

148 1957 186 2019 lis
201 1959 292 2021 modo
313 1958 454 2022 absolutis
469 1960 600 2040 repetita,
618 1979 676 2040 quo
696 1961 806 2023 scilicet
824 1971 873 2024 aut
887 1962 1074 2025 invitaremus
1086 1960 1234 2022 auditores
1248 1976 1305 2020 no-

148 2068 231 2119 stros
245 2059 281 2120 ad
296 2078 345 2120 res
360 2059 399 2121 ibi
414 2061 585 2140 propositas
600 2060 702 2122 iterata
716 2063 792 2142 apud
808 2081 842 2124 ee
861 2063 1108 2125 commentatione
1126 2060 1306 2132 recolendas,

147 2161 300 2222 autetiam
315 2163 490 2236 accuratius,
511 2181 599 2242 mam
622 2162 788 2225 scholarum
810 2164 884 2225 ratio
899 2182 985 2244 passa
999 2172 1089 2234 esset,
1106 2162 1142 2223 de
1157 2161 1306 2223 nonnullis

149 2263 373 2342 disputaremus.
405 2264 491 2327 Nunc
504 2265 592 2344 igitur
606 2284 622 2326 e
637 2264 784 2326 Ciceronis
804 2264 878 2326 libro
893 2265 967 2326 Vde
986 2265 1094 2327 linibus
1109 2281 1233 2344 nupera
1249 2280 1305 2323 no-

149 2365 197 2426 bis
218 2365 358 2445 explicato
378 2365 461 2427 locos
480 2366 591 2446 aliquot
609 2373 731 2428 amatam
750 2367 944 2440 decrevimus,
965 2385 1056 2448 quum
1072 2366 1243 2446 praesertim
1259 2364 1305 2424 his

149 2466 223 2547 ipsis
243 2467 363 2530 demum
383 2467 485 2529 diebus
504 2468 656 2548 Droysenii
678 2470 708 2528 V.
729 2469 761 2529 C.
782 2469 1005 2531 conversionem
1028 2468 1144 2529 illorum
1161 2467 1304 2529 librorum

149 2570 364 2648 acceperimus,
385 2588 458 2650 quae
477 2569 502 2630 si
522 2570 605 2649 prius
626 2570 657 2631 in
679 2570 813 2632 manibus
828 2571 940 2644 misser,
956 2570 1113 2631 admonere
1124 2569 1234 2649 passim
1250 2586 1306 2629 noa

150 2672 261 2751 potuit,
284 2680 330 2745 ut,
352 2690 427 2752 quse
449 2670 535 2733 nobis
559 2690 625 2733 vera
646 2672 794 2733 videretur
814 2672 1027 2753 interpretatio,
1049 2673 1124 2733 hanc
1145 2671 1257 2731 lirmius
1272 2688 1306 2730 ex

149 2773 234 2835 omni
248 2783 331 2852 parte
345 2773 475 2835 stabilire
488 2791 678 2852 erroremque
692 2792 841 2836 remouere
855 2776 1049 2837 studeremus.

238 2873 342 2937 Statim
357 2893 420 2955 cap.
439 2876 465 2948 l,
480 2879 499 2950 t
515 2874 534 2936 3
551 2875 628 2937 haud
644 2874 803 2938 indubitata
819 2886 864 2938 est
878 2876 1027 2937 Ciceronis
1043 2874 1197 2936 verborum
1214 2873 1306 2934 inter-

150 2975 284 3056 pretatio.
328 2975 443 3038 Dixerat
456 2977 548 3039 modo
560 2975 630 3036 Piso
646 2977 682 3038 de
696 2994 802 3055 magna
821 2977 848 3037 vi
863 2976 1083 3051 admonitionis,
1099 2995 1173 3057 quae
1186 2976 1263 3038 inest
1277 2975 1307 3035 in

22 3062 23 3121 Ῐ
150 3077 232 3151 iocis,
247 3078 319 3139 adeo
335 3086 377 3152 ut,
391 3095 482 3157 quum
497 3079 644 3140 videamus
656 3098 689 3140 ea
704 3079 776 3153 loca,
791 3079 938 3158 inquibus
954 3078 1095 3141 memoria
1110 3078 1215 3157 dignos
1229 3077 1307 3139 viros

150 3179 349 3259 acceperimus
365 3181 488 3243 multum
503 3200 569 3242 esse
584 3189 725 3253 versatos,
741 3181 835 3261 magis
850 3198 1028 3254 moveamur,
1048 3199 1134 3259 quam
1150 3179 1308 3261 siquando

151 3300 255 3343 eorum
281 3281 417 3360 ipsorum
442 3292 492 3344 aut
517 3284 591 3344 lacta
615 3283 768 3344 audiamus
794 3292 844 3345 aut
868 3284 1009 3362 seriptum
1035 3282 1150 3362 aliquod
1169 3282 1308 3362 legamus.

153 3383 323 3464 Respondet
336 3384 372 3445 ad
388 3385 460 3447 haec
472 3386 509 3458 Q.
525 3384 640 3446 Cicero:
655 3384 706 3447 list
714 3384 812 3466 plone,
827 3383 902 3459 nso,
916 3395 949 3447 ot
963 3386 1042 3446 diets.
1073 3383 1150 3445 Nom
1161 3388 1309 3464 meipsum

151 3486 207 3549 laec
222 3487 307 3548 modo
323 3490 482 3549 emiorum
502 3486 684 3549 convertebat
705 3487 744 3548 od
762 3504 820 3547 oeae
837 3485 976 3548 Coloneus
995 3485 1045 3547 ille
1065 3485 1151 3559 locus,
1167 3490 1248 3547 mim
1260 3490 1308 3547 ivv-

153 3587 436 3668 nusquamst
453 3588 552 3651 oculor
565 3587 754 3660 versaretur,
775 3608 858 3669 mrem
878 3593 933 3651 ocis
948 3608 1035 3669 quom
1050 3589 1189 3659 adorirer,
1205 3606 1307 3669 quom

153 3709 206 3770 qao
220 3708 253 3751 eo
268 3689 398 3753 dolrem.
429 3690 476 3752 Me
490 3692 604 3773 quidam
625 3692 664 3752 od
679 3690 813 3753 altiorem
831 3694 1003 3752 memorium
1019 3690 1173 3771 Oedipodis
1188 3689 1244 3751 due
1259 3708 1309 3752 oe-

153 3795 257 3854 m‘mtis
275 3802 302 3867 et
320 3792 372 3854 illo
391 3792 561 3855 mollissimo
583 3796 728 3864 cormrive,
744 3810 887 3873 quaenam
903 3802 994 3853 eareat
1007 3792 1077 3853 daec
1092 3796 1157 3873 apso
1171 3791 1245 3862 loce,
1261 3810 1309 3853 re-

154 3896 294 3973 quireretis
312 3897 418 3974 species
432 3895 574 3974 quaedem
588 3898 755 3967 commovit,
775 3898 874 3956 imnis
892 3892 1013 3963 seilicet,
1033 3895 1083 3955 sed
1098 3898 1252 3957 commovit
1264 3904 1310 3957 tc-

155 4013 229 4057 men.
258 3995 372 4075 Ambigi
392 4004 491 4074 potest
511 3995 645 4059 altiorem
662 4001 836 4059 aremoricae
854 4005 953 4058 utrum
978 3994 1134 4074 Sophoclis
1156 4014 1221 4057 esse
1235 3995 1310 4058 diost

156 4097 252 4177 paullo
267 4106 334 4160 ante
349 4099 580 4171 commemorati,
595 4117 632 4160 an
648 4098 726 4173 eius,
746 4098 829 4160 cuius
849 4097 947 4160 statim
967 4114 1077 4159 nomen
1096 4098 1236 4177 sequitur,
1252 4096 1309 4158 Oe-

156 4198 285 4280 dipodis:
302 4199 429 4280 itemque
443 4203 549 4283 species
563 4200 616 4271 illa,
632 4219 688 4279 qua
703 4221 735 4262 se
751 4201 787 4262 ad
802 4200 933 4262 altiorem
945 4199 1117 4261 memoriam
1134 4199 1310 4261 commoveri

156 4303 208 4377 ait,
221 4302 298 4365 sitne
312 4311 340 4363 et
354 4302 420 4385 ipsa
435 4302 606 4383 Sophoclis,
628 4321 714 4383 quem
737 4303 826 4364 morlo
854 4302 891 4364 ob
914 4300 1016 4365 oculos
1039 4300 1094 4363 sibi
1110 4299 1217 4362 versari
1234 4299 1312 4374 tint

22 4412 23 4465 ζ
157 4422 195 4468 an
214 4403 373 4486 Oedipodis
393 4404 506 4485 potios,
530 4404 561 4469 in
582 4405 654 4469 haec
671 4403 734 4467 loca
754 4403 850 4467 delati
891 4403 964 4469 Illud
990 4403 1111 4465 dorum
1134 4401 1312 4482 Dropsenius
