3266 5140
654 463 852 558 ....‡⁴.⁷.⁵„.„

175 647 227 709 sed
248 648 369 710 maioris
387 657 416 709 et
434 647 568 710 insolitae
585 648 702 710 virtutis
717 648 804 710 etiam
818 667 835 710 a
848 647 1018 711 mulieribus
1033 649 1208 710 documenta
1223 648 1270 711 edi
1285 649 1329 711 rel
1414 672 1416 677 ·

173 757 300 832 poseant
321 750 364 813 vel
384 750 571 832 permittant,
593 752 701 813 borum
716 768 788 813 sane
802 750 877 813 lama
890 751 954 813 lieri
967 769 1029 813 non
1044 759 1144 833 potest
1157 753 1228 833 quin
1241 752 1328 816 latius

174 853 316 927 dimanet,
336 861 365 914 et
383 871 445 915 non
464 852 627 932 aequalium
654 851 746 914 modo
759 852 893 916 laudibus
919 853 973 915 sed
997 863 1185 932 posterorum
1211 874 1328 937 quoque

174 954 317 1017 memoria
353 954 521 1016 celebretur.
579 954 657 1017 l’alia
692 972 749 1017 nos
780 954 913 1017 admirati
946 972 1049 1017 sumna
1075 956 1106 1018 ln
1129 956 1213 1031 lona,
1239 975 1327 1037 quam

173 1057 205 1118 in
237 1057 318 1136 regie
348 1055 507 1118 Borussiae
542 1055 618 1117 solio
654 1055 825 1118 collocatam
856 1075 924 1119 earm
953 1056 1143 1119 acerbissimo
1178 1057 1327 1121 bonomm

174 1159 305 1221 omnium
329 1158 431 1220 dolore
453 1175 533 1219 mars
557 1156 645 1220 nimis
669 1166 781 1220 matura
794 1157 935 1238 abripuit:
958 1177 1031 1239 quae
1045 1177 1136 1239 quum
1150 1158 1280 1222 bonitate
1294 1178 1328 1223 ac

173 1260 318 1323 modestia
336 1260 368 1322 in
387 1260 475 1322 rebus
490 1260 645 1333 metandis,
669 1261 833 1322 constantia
846 1279 880 1323 ac
894 1260 1062 1324 tortitudine
1077 1260 1106 1322 in
1121 1260 1250 1323 adversis
1265 1277 1327 1323 non

173 1363 280 1425 domus
299 1363 397 1425 solum
416 1380 486 1424 suae
506 1381 541 1424 ae
560 1363 669 1436 mariti,
694 1363 746 1424 sed
765 1361 874 1442 patriae
893 1379 1010 1442 quoque
1029 1361 1180 1423 universae
1195 1371 1224 1425 et
1238 1364 1327 1426 decus

174 1473 254 1527 esset
267 1465 395 1538 unicum,
409 1474 439 1526 et
452 1464 655 1526 dulcissimum
670 1464 821 1538 scledum,
836 1463 902 1543 quis
917 1470 962 1525 est
975 1463 1046 1543 quin
1061 1463 1220 1528 immortali
1233 1464 1327 1528 laudis

172 1567 331 1648 praeconio
350 1583 412 1628 non
426 1585 443 1629 a
457 1565 520 1630 suis
534 1566 626 1628 modo
641 1566 692 1628 sed
709 1565 745 1628 ab
756 1565 876 1639 ortuis,
901 1583 997 1647 neque
1010 1584 1027 1628 a
1041 1565 1142 1641 nobis,
1168 1567 1219 1648 qui
1232 1566 1327 1648 ipsam

172 1668 312 1743 vidimus,
332 1669 385 1731 sed
399 1667 436 1730 ab
451 1667 508 1730 illis
523 1687 653 1750 quoque,
668 1667 717 1748 qui
732 1667 802 1731 olim
817 1669 893 1730 lama
908 1676 1103 1748 eogrroscent,
1118 1669 1195 1731 banc
1207 1676 1237 1731 et
1252 1670 1326 1733 eele-
1398 1709 1402 1717 -

171 1770 313 1834 brendam
328 1789 395 1833 esse
409 1780 438 1832 et
452 1770 625 1833 celebratum
640 1770 676 1832 iri
690 1766 836 1833 fateatur?
871 1767 948 1832 'lolia
963 1769 1113 1851 qnondam
1127 1770 1255 1833 maiores
1270 1789 1327 1833 no-

173 1872 225 1935 stri
239 1872 373 1941 admirati
387 1879 458 1934 sunt
472 1872 502 1935 in
516 1873 572 1946 Ea,
591 1872 673 1936 euius
688 1872 849 1936 memoriae
863 1890 945 1934 soem
958 1872 1124 1935 decennalia
1138 1873 1265 1937 crastino
1281 1874 1328 1936 die

172 1975 344 2038 universitas
358 1983 459 2037 nostra
472 1974 657 2049 instaurabit,
676 1975 788 2049 ΑΝΝΑ,
803 1975 946 2037 Bourstar
961 1974 1254 2048 rrrrdlia,Boo1snar
1269 1995 1328 2049 nv,

171 2076 266 2139 ultimi
282 2077 513 2139 Pomeranorum
527 2076 629 2151 llucis,
643 2070 748 2139 sorore
761 2093 821 2138 una
837 2075 1007 2156 superstite,
1022 2083 1156 2140 matrona
1172 2077 1254 2140 omni
1267 2077 1327 2141 vir·

172 2186 267 2241 utum
282 2196 389 2259 genero
404 2188 519 2254 ornata,
535 2198 608 2259 quae
621 2180 666 2242 rel
680 2179 820 2258 privatam
835 2177 1042 2241 commendare
1055 2178 1100 2239 rel
1112 2179 1277 2260 prineipffl
1291 2180 1328 2242 il·

171 2282 296 2345 lnatrare
309 2290 446 2362 possunt
469 2281 615 2361 Nupserat
629 2281 862 2353 haecllnnnsro,
876 2279 949 2341 lluci
963 2279 1000 2341 de
1011 2277 1102 2361 Croya
1117 2280 1328 2345 etlrescbotto

173 2390 228 2446 ete
244 2382 275 2444 S.
287 2383 321 2445 lt.
332 2383 354 2444 l.
366 2383 510 2463 Principi,
530 2384 580 2464 qui
600 2402 691 2465 quum
705 2390 783 2445 esset
797 2383 947 2446 Romanae
961 2381 1097 2444 eeclesiae
1110 2382 1257 2459 addictus,
1276 2403 1328 2446 er·
1358 2380 1362 2387 ’

174 2486 246 2549 ortis
261 2485 360 2566 paullo
376 2495 443 2548 ante
456 2484 522 2547 belli
535 2485 611 2548 illius
626 2485 819 2549 moestissimi
833 2484 937 2559 initiis,'
961 2503 1018 2564 quo
1034 2502 1087 2564 per
1101 2484 1217 2566 triginta
1231 2502 1327 2549 annos

174 2587 328 2651 Germania
340 2588 462 2651 lacerate
477 2597 536 2662 est,
550 2587 736 2670 imperatoris
752 2595 781 2649 et
795 2587 1003 2650 catholicorum
1018 2594 1116 2667 partas
1131 2587 1280 2669 amplexus
1296 2588 1328 2650 in

174 2693 278 2755 castris
292 2691 329 2754 ad
343 2690 579 2772 Oppenbemium
595 2691 744 2766 occubuit,
765 2690 911 2769 vigesimo
924 2690 984 2752 lere
997 2696 1026 2750 et
1041 2689 1172 2752 sectando
1186 2699 1256 2770 post
1269 2709 1327 2754 nu·

172 2794 248 2875 ptias
263 2811 373 2856 mense.
416 2794 460 2856 lta
474 2794 556 2856 Anna
572 2813 638 2856 com
653 2812 714 2857 uno
729 2790 832 2866 filiolo,
846 2790 987 2854 Eburno
1002 2792 1164 2865 Bnersnao,
1179 2792 1263 2855 vidua
1278 2811 1326 2865 re:

172 2896 239 2959 licta
265 2914 335 2957 mor
360 2896 435 2957 inter
459 2896 630 2977 peregrinos
657 2897 705 2974 (in
720 2893 936 2972 botharingiam
956 2894 1033 2957 enim
1053 2892 1189 2957 amarito
1204 2893 1328 2959 deducta

173 2998 250 3073 erat)
275 3005 304 3058 et
325 2996 472 3076 religionis
493 2997 561 3059 odio
588 2997 644 3059 sibi
665 2997 798 3058 inlensos
818 2996 900 3058 omni
915 2996 1086 3059 iniuriarum
1099 3006 1132 3059 et
1144 2996 1328 3061 vexationum

173 3098 273 3178 generi
288 3117 321 3160 se
335 3099 498 3178 expositam
518 3098 596 3160 vidit
640 3099 810 3161 Retinnerat
824 3098 911 3174 enim,
926 3116 1017 3179 quum
1032 3098 1176 3161 Eainsro
1198 3098 1328 3175 nuberet,
1456 3178 1461 3188 Ι

173 3201 353 3282 evangelicae
373 3200 525 3280 religionis
547 3220 563 3262 a
584 3200 744 3264 mnonbna
767 3208 900 3281 acceptae
913 3201 1036 3276 cultum,
1051 3200 1086 3263 ad
1101 3219 1227 3282 eumque
1240 3202 1328 3264 etiam

171 3303 279 3366 liberm
294 3321 370 3384 quos
385 3302 549 3382 peperisset
562 3303 766 3366 informandos
780 3303 811 3364 in
825 3302 1013 3383 sponsalibus
1027 3303 1184 3385 pepigerat
1206 3304 1327 3367 Etcum
1346 3320 1380 3373 44

171 3405 278 3469 marito
293 3405 426 3486 quidem,
446 3403 513 3467 lieet
527 3405 658 3468 diversae
672 3413 768 3468 sectae
779 3404 909 3477 addicto,
922 3422 1029 3484 magna
1043 3423 1162 3485 semper
1176 3413 1205 3468 et
1219 3404 1327 3469 dulde-

173 3507 247 3569 sima
266 3506 433 3569 animorum
453 3507 609 3569 eoncordia
627 3507 748 3579 rumen
769 3506 828 3567 boe
841 3513 937 3568 autem
953 3506 1090 3571 defuncto
1105 3508 1221 3587 'cognati
1234 3508 1326 3571 lilium

172 3610 236 3671 eius
256 3617 286 3671 et
303 3608 334 3670 in
348 3608 513 3689 principatu
528 3608 665 3671 heredem
679 3608 735 3671 illis
750 3607 842 3670 inrhni
857 3607 963 3681 saona,
982 3627 1057 3689 quac
1070 3607 1239 3671 detestanda
1252 3610 1325 3691 ipsis

171 3721 200 3775 et
218 3711 317 3775 hostili
335 3712 404 3775 odic
424 3713 623 3793 persequenda
639 3711 818 3785 riderentur,
833 3711 862 3772 id
877 3729 946 3773 vero
962 3728 1023 3772 non
1037 3710 1190 3773 iermdum
1203 3712 1258 3775 rati
1272 3730 1326 3774 ne-

171 3833 229 3895 que
246 3814 393 3878 blanditiis
408 3832 504 3894 neque
517 3814 606 3876 minis
620 3822 827 3896 pepercemnt,
852 3831 910 3895 quo
926 3815 1028 3876 mnas
1043 3812 1173 3875 animum
1189 3831 1259 3877 suae
1271 3834 1325 3877 ro-

170 3916 274 3979 lnntati
293 3916 501 3997 obsequentem
524 3917 660 3979 iacerent
704 3916 762 3978 Sed
782 3924 861 3978 tanta
876 3915 931 3977 luit
944 3914 1073 3994 egregiae
1086 3921 1239 3978 matronae
1253 3934 1326 3979 oon-

171 4018 291 4092 stantia,
306 4026 387 4081 tanta
400 4020 508 4099 pietas,
522 4027 582 4080 tam
597 4018 699 4080 liranus
715 4026 850 4099 paternae
864 4016 1012 4098 religionis
1031 4035 1127 4092 amor,
1146 4029 1179 4080 ut
1193 4019 1326 4100 quamvis

171 4121 265 4184 solam
279 4140 313 4183 ee
326 4121 437 4184 videret
450 4131 537 4202 atque
550 4122 679 4201 inopem,
695 4128 724 4185 et
736 4120 872 4184 hostibus
887 4120 1015 4200 undique
1030 4120 1248 4196 circumdatam,
1258 4120 1326 4184 illos

171 4229 268 4285 autem
293 4223 402 4310 multos
421 4233 451 4287 et
468 4231 605 4306 potentes
620 4231 649 4284 et
663 4224 742 4285 omni
762 4223 798 4285 ad
817 4223 984 4285 nocendum
1005 4222 1140 4285 facultate
1158 4222 1326 4285 instructis-

171 4324 283 4397 simos,
305 4344 454 4406 nunquam
473 4334 571 4388 umen
586 4326 766 4404 frangeretur
780 4344 835 4388 nec
849 4324 1007 4405 quidquam
1023 4324 1184 4387 concedere
1197 4323 1326 4388 suatine-
