3154 5138
839 375 901 439 328

774 464 841 474 o-——
856 463 974 474 ---·-··=-

379 569 588 633 Proximorum
607 564 765 630 verborum
782 564 951 628 lectionem:
978 567 1073 646 itaque
1098 567 1174 628 oster
1196 582 1293 628 cauus
1318 570 1442 632 omnious

294 676 421 755 qouiem
435 690 550 735 morose
564 680 684 734 constet.
699 667 889 732 annotatione
907 686 973 730 mea
987 668 1058 731 satis
1072 667 1215 730 munium
1230 686 1295 731 esse
1308 669 1441 733 arbitror:

295 786 324 838 et
338 784 472 856 poteram
486 775 522 837 ad
537 772 778 853 significationem
794 769 927 833 vocabuli
941 788 1056 833 macto
1066 769 1324 833 demonstrandam
1338 780 1446 851 preste

295 898 342 953 ea,
357 896 431 958 quae
446 877 543 952 citari,
561 875 693 955 exempla
712 873 799 936 etiem
818 872 876 935 hoc
894 872 937 935 uti
953 870 1079 933 maxime
1093 873 1252 953 appositio,
1268 872 1304 934 de
1318 873 1400 936 Finn
1413 875 1447 948 V,

299 980 351 1042 12:
372 998 423 1042 aec
443 984 475 1040 a'u
494 997 609 1041 summo
628 988 725 1040 tumeo
743 980 808 1057 ipso
827 985 878 1037 eut
897 976 1026 1037 varietus
1038 972 1103 1035 utto
1118 984 1161 1036 eet
1183 985 1234 1037 out
1249 976 1395 1039 &suano-
1408 1011 1449 1022 -

297 1082 354 1145 Sed
370 1100 461 1162 quum
475 1090 581 1143 nostro
596 1080 662 1142 loco
677 1079 709 1141 in
729 1077 862 1159 plurimis
884 1076 1032 1139 codicibus
1051 1095 1107 1156 pro
1122 1095 1237 1141 sum
1253 1078 1397 1159 scriptum
1414 1078 1452 1141 sit

296 1188 444 1257 eenteaodo,
456 1184 594 1245 admonet
609 1201 656 1244 me
669 1182 741 1245 haec
755 1199 802 1243 res
817 1179 890 1242 elius
905 1178 1057 1242 conjusdam
1072 1178 1139 1253 loci,
1154 1179 1320 1243 eorundem
1330 1181 1452 1244 [enasse

296 1286 506 1350 vocabulorum
520 1284 735 1366 permutatione
750 1283 891 1363 corrupti.
921 1283 1006 1345 Nam.
1021 1282 1069 1345 lib.
1090 1283 1116 1356 1,
1132 1281 1189 1359 32,
1206 1280 1263 1357 89,
1282 1283 1364 1364 quod
1377 1302 1394 1347 a
1407 1300 1454 1346 me

295 1389 438 1470 scriptum
452 1397 510 1451 est:
526 1396 700 1468 arqumeate
714 1389 867 1449 emanue
882 1385 1060 1448 coaciuoeu‘:
1076 1384 1181 1446 melius
1191 1384 1314 1464 quidem
1324 1394 1371 1448 est
1380 1386 1453 1450 haud

297 1490 385 1553 dubie
399 1491 532 1553 codicum
551 1489 676 1553 lectione
694 1490 754 1552 fere
772 1487 919 1551 omnium:
939 1490 1104 1569 arquatae&
1123 1489 1298 1550 emmone
1315 1488 1455 1552 conchu-

296 1596 346 1655 sti:
361 1594 415 1655 sed
430 1593 541 1655 reddor
553 1599 650 1656 tamen
664 1593 807 1655 correctio
822 1592 895 1654 haec
908 1608 974 1653 esse
989 1590 1116 1652 videtur:
1132 1595 1303 1672 nequeumt
1314 1610 1456 1654 summost

297 1695 469 1757 conclusisti
502 1695 575 1757 Nom
596 1694 673 1757 sieut
686 1714 831 1757 nemmem
844 1697 967 1757 rationis
981 1693 1082 1756 Cicero
1103 1693 1131 1754 d.
1147 1692 1198 1756 Or.
1213 1693 1257 1768 11,
1274 1693 1331 1769 38,
1348 1693 1408 1757 158
1424 1695 1459 1757 de

296 1816 332 1859 eo
347 1796 430 1872 dicit,
445 1797 524 1878 quod
543 1797 610 1878 quis
630 1796 743 1860 ratione
762 1817 787 1859 s.
803 1796 1054 1876 argumentatione
1068 1795 1225 1872 conclusit,
1239 1796 1350 1859 eodem
1369 1797 1457 1858 modo

297 1898 384 1961 etiam
402 1919 548 1962 summam
567 1902 732 1981 orqumeutt'
749 1898 805 1960 diei
820 1917 912 1979 posse
930 1898 1118 1961 manifestum
1133 1907 1186 1973 est,
1201 1899 1356 1979 siquidem
1371 1900 1401 1959 in
1415 1898 1459 1961 his

297 2002 514 2065 maledicorum
532 2001 753 2083 loquutionibus
772 2012 976 2081 erqumeatum
994 2009 1024 2063 et
1042 2004 1185 2063 rationem
1206 2018 1378 2082 synonyma
1396 2018 1460 2063 esse

297 2112 326 2166 et
340 2104 509 2184 promiscue
524 2105 660 2186 usurpari
675 2112 798 2166 constat.

381 2206 450 2288 Gap.
466 2208 499 2282 V,
518 2210 570 2269 15:
584 2206 730 2279 Quartum
745 2224 865 2268 coaeum
878 2223 946 2281 esse,
962 2224 1081 2287 eousque
1094 2204 1142 2267 eei
1154 2209 1336 2281 mocianum,
1353 2225 1460 2289 oeque·

298 2309 435 2372 dilt'tetem
448 2320 544 2372 motus
558 2314 775 2372 couversionem
789 2308 871 2371 coeli.
914 2308 1081 2370 Haunianae
1101 2309 1323 2383 emendationi,
1342 2313 1376 2371 aie
1395 2328 1464 2372 eoae·

297 2415 430 2473 versione
459 2411 545 2484 eoele',
574 2412 779 2474 Ernestianam
815 2413 1090 2491 conversionumque
1119 2411 1353 2491 praeferendam
1387 2410 1465 2485 duxi,

297 2513 424 2575 maxime
437 2522 560 2595 propter
574 2513 698 2575 similem
717 2513 815 2575 locum
830 2513 867 2574 do
879 2512 968 2592 Legg.
987 2514 1019 2586 1,
1034 2512 1068 2587 8,
1083 2512 1140 2574 24.-
1154 2518 1313 2595 perpetuis
1333 2514 1468 2578 cursibus

297 2616 587 2698 oonocro'om‘dusque
603 2615 779 2678 coelestidus.
825 2615 944 2678 Tuscrd.
960 2616 992 2688 V,
1007 2615 1058 2690 tt,
1075 2615 1130 2678 69:
1148 2620 1235 2679 totius
1250 2619 1363 2681 muudi
1375 2628 1469 2680 antus

298 2721 561 2799 conversionesque.
604 2719 642 2780 Et
655 2719 731 2781 solet
745 2719 789 2780 sic
803 2717 902 2781 Cicero
918 2718 1088 2798 generaliori
1100 2720 1246 2782 vocabulo
1259 2739 1320 2802 per
1330 2721 1469 2802 copulam

297 2818 453 2899 adiungere
467 2821 600 2895 alterum,
617 2840 675 2902 quo
691 2821 933 2902 significationem
947 2822 1040 2902 magis
1056 2822 1187 2896 definiat,
1206 2823 1383 2906 acciditque
1403 2843 1471 2887 sae·

296 2922 419 3002 pissime
436 2923 468 2984 in
487 2922 657 2986 huiusmodi
670 2923 758 2998 locis,
778 2931 812 2985 ut
831 2922 936 3003 copula
950 2943 967 2986 a
981 2923 1105 2986 librariis
1121 2925 1330 3002 omitteretur,
1347 2928 1428 2990 velut
1441 2927 1471 2988 in

297 3023 348 3085 illo
373 3024 440 3104 ipso
466 3024 645 3104 deLogibm
665 3025 838 3086 factumest
858 3024 889 3085 in
913 3024 1061 3106 plerisque
1085 3025 1247 3090 codicibus.
1298 3030 1367 3094 Vid.
1391 3028 1472 3093 Baldi

298 3143 405 3186 comm.
422 3145 451 3206 p.
468 3124 540 3187 343.

383 3227 452 3306 Cap.
467 3227 513 3298 vl,
533 3228 584 3289 16:
604 3227 690 3309 Atqau'
707 3245 755 3290 ree
775 3228 906 3291 coelestes
925 3247 1078 3311 omoeoque
1099 3250 1163 3303 ece,
1184 3252 1326 3314 quom
1342 3236 1474 3299 retorto

298 3333 498 3409 sempiternos,
514 3329 551 3391 od
566 3329 681 3392 domiue
695 3332 802 3412 confici
814 3350 874 3394 soa
884 3344 1021 3412 posaeo:
1039 3344 1082 3396 est
1094 3337 1184 3415 s'qe‘tor
1197 3338 1230 3398 e'd
1246 3357 1312 3420 quo
1327 3338 1389 3401 illo
1403 3357 1473 3400 coa-

298 3432 448 3512 fica'untur,
467 3431 582 3494 domme
602 3432 714 3494 ocelim
759 3433 954 3497 Scribendnm
969 3435 1070 3516 utique
1088 3442 1163 3499 erat:
1188 3457 1287 3521 equo
1303 3442 1365 3504 illu
1381 3442 1474 3522 conse

298 3537 424 3609 ciuntur,
436 3535 682 3615 quemadmodum
698 3536 795 3617 paullo
810 3545 877 3599 ante
891 3547 950 3601 est:
970 3538 1007 3600 od
1021 3537 1136 3601 tom
1151 3541 1272 3622 confici.
1322 3544 1403 3607 Nam
1418 3561 1476 3606 nu·

299 3637 369 3699 dum
384 3636 548 3712 ablativum,
564 3637 612 3700 obi
627 3656 688 3699 non
710 3640 746 3701 do
760 3638 955 3705 instrumento
971 3660 1059 3722 reque
1077 3641 1219 3719 inanima,
1244 3647 1306 3708 sed
1324 3646 1364 3709 de
1379 3647 1477 3727 atiquo

303 3740 438 3803 effectore
450 3741 548 3821 operis
564 3760 662 3803 sermo
678 3752 734 3816 est,
755 3743 791 3805 ab
806 3762 863 3808 usu
876 3743 1069 3825 probatorum
1084 3745 1272 3824 scriptorum
1290 3749 1325 3811 in
1346 3747 1479 3832 pedestri

299 3843 562 3924 orationeprorsus
578 3845 704 3907 alienum
719 3864 783 3908 esse
793 3848 864 3910 satis
876 3855 999 3909 constat.
1019 3846 1061 3908 Cf.
1071 3847 1300 3914 Hand.Turs.l.
1312 3872 1346 3934 p.
1358 3853 1402 3915 24
1413 3871 1479 3932 sqq.

384 3945 452 4026 Gap.
467 3946 515 4021 tx,
531 3946 586 4008 25:
600 3946 679 4009 Noas
691 3982 731 3993 —
748 3950 878 4012 videmus
892 3984 934 3995 —
948 3953 1035 4012 mom
1052 3967 1091 4013 ea
1105 3954 1201 4031 putes's
1219 3954 1354 4035 s'uqe'dua
1370 3972 1482 4039 equom

298 4215 340 4259 eet
350 4209 398 4259 eud
410 4225 460 4260 uno
476 4213 581 4262 amedee
596 4213 623 4261 ia
638 4212 782 4261 nomdudua
799 4210 968 4265 doereiwte'e.
991 4221 1018 4265 et
1033 4214 1066 4265 ib.
1085 4229 1109 4280 p.
1122 4213 1172 4265 296
1184 4230 1249 4281 pre:
1263 4218 1323 4272 duo
1337 4221 1483 4288 udaque

297 4296 449 4359 cognomina
465 4296 533 4345 circo
548 4294 666 4361 singulos
686 4297 795 4361 qffeotue
808 4300 923 4367 propriis
940 4300 1155 4351 moranensem
1171 4301 1303 4369 marre,
1317 4305 1416 4358 sorim:
1430 4304 1482 4358 dne

298 4378 435 4447 saumque
445 4381 499 4431 eiua
510 4380 618 4431 nocuae
627 4406 673 4430 -.
