3154 5138
866 462 928 525 344

793 551 846 559 ...—
856 549 934 557 -....-
944 548 992 555 ——c

317 656 430 719 solum
445 654 574 717 bonum
589 672 670 716 esse
684 652 776 733 quod
792 652 987 714 honestum
1004 658 1116 723 osset,
1129 650 1230 714 valde
1245 670 1262 714 a
1276 651 1462 716 Xenocrate

317 766 351 821 et
364 758 559 821 Aristotele
578 766 612 819 et
631 755 672 818 ab
692 755 752 816 illa
772 753 939 817 Platonis
955 752 1089 815 familia
1104 753 1346 835 discreparet,
1361 756 1464 836 dequo

315 862 381 924 loco
397 869 475 925 recte
491 859 591 922 statuit
604 857 711 921 Belius
725 877 755 938 p.
772 856 843 919 437.
887 856 959 918 item
983 854 1019 917 de
1039 874 1071 917 re
1092 856 1172 936 publ
1191 858 1221 931 1,
1237 855 1287 929 37,
1303 857 1357 919 58:
1373 858 1420 931 Si,
1433 868 1467 921 ut

317 964 441 1027 Graeci
460 963 595 1037 dicunt,
616 979 738 1023 omues
753 967 813 1021 aut
828 958 957 1020 Graios
979 978 1060 1020 esse
1077 967 1134 1022 aut
1149 958 1336 1032 barbaros,
1350 980 1468 1022 vereor

316 1087 357 1130 ne
371 1066 603 1130 barbarorum
617 1081 678 1124 rex
694 1062 809 1124 luerit
854 1063 940 1124 Plura
960 1061 1016 1123 vid.
1035 1081 1082 1141 ap.
1101 1063 1289 1125 llattbiaeum
1309 1063 1345 1125 de
1364 1064 1468 1126 anacol

317 1189 363 1251 ap.
377 1169 445 1244 Cic,
460 1167 578 1247 Scriptt.
599 1165 716 1228 miscell.
733 1184 762 1245 p.
779 1164 830 1237 61,
845 1171 874 1225 et
888 1163 1023 1227 Beierum
1036 1165 1072 1226 ad
1088 1165 1118 1228 C.
1135 1167 1172 1228 de
1186 1168 1235 1227 oti.
1254 1169 1281 1241 1,
1297 1168 1326 1241 7,
1342 1166 1382 1227 12
1397 1174 1425 1226 et
1437 1166 1470 1227 ad

317 1272 351 1333 tr.
368 1290 411 1332 or.
426 1271 456 1332 in
471 1269 504 1331 P.
520 1270 601 1331 Clod.
617 1288 646 1349 p.
663 1268 713 1331 96.
725 1303 758 1313 -
775 1268 861 1342 Quod
877 1285 966 1347 porro
980 1267 1084 1348 legitur
1096 1276 1199 1331 nostro
1214 1269 1292 1344 loco,
1306 1289 1346 1331 ex
1361 1270 1471 1331 auimo

316 1372 430 1446 exuri,
445 1389 506 1433 non
525 1371 673 1432 immerito
694 1371 841 1451 plerisque
858 1370 1018 1451 displicuit:
1038 1381 1084 1433 est
1107 1372 1184 1433 enim
1204 1372 1339 1451 proiecto
1358 1371 1472 1433 verbum

316 1474 385 1537 illud
400 1492 504 1555 parum
515 1475 558 1536 rei
573 1473 759 1536 conveniens.
804 1474 880 1548 Quid
902 1483 998 1535 eutem
1018 1475 1232 1537 restituendum
1253 1475 1305 1547 ait,
1326 1475 1474 1552 iumagus

287 1596 300 1645 7
320 1576 404 1656 copia
420 1577 653 1639 coniecturarum
669 1576 779 1657 pariter
793 1579 853 1637 iere
868 1576 1071 1657 probabilium,
1087 1577 1203 1640 difficile
1219 1579 1300 1640 dictu
1314 1586 1368 1638 est
1410 1574 1475 1637 tlibi

318 1679 437 1759 quidem
457 1678 560 1741 eximi
581 1678 702 1759 placuit,
722 1687 755 1740 ut
773 1679 852 1757 quod
872 1687 994 1759 propter
1013 1679 1178 1741 simillimus
1196 1680 1362 1743 litterarum
1378 1678 1476 1740 ductus

318 1781 450 1844 facillime
476 1799 542 1842 cum
565 1782 613 1844 illo
640 1782 729 1844 altero
750 1781 908 1862 permutari
931 1781 1072 1861 potuerit:
1097 1800 1192 1862 neque
1217 1783 1327 1844 desunt
1352 1779 1476 1860 exempla

319 1882 396 1944 verbi
410 1883 440 1944 in
455 1883 503 1945 tali
517 1903 550 1945 re
565 1884 710 1965 usurpati,
725 1885 802 1945 velut
816 1883 970 1946 eximere
984 1884 1120 1966 aliquid
1137 1885 1348 1958 memoriae,
1365 1901 1478 1953 curas,

318 1985 531 2065 religionem
547 1987 654 2049 alicui
669 1987 837 2061 eximere,
852 1986 963 2067 aliaque
983 2005 1019 2047 ex
1032 1986 1132 2051 lexicis
1147 1988 1282 2067 petenda.
1313 1986 1413 2066 ltaque
1427 1985 1479 2044 hoc

319 2086 350 2149 in
365 2089 553 2151 annotatione
568 2108 631 2151 mea
646 2089 748 2169 posui:
769 2107 945 2170 quamquam
966 2088 1078 2169 inipso
1099 2098 1236 2153 contextu
1257 2090 1417 2152 verborum
1436 2085 1480 2147 Ci-

319 2192 435 2254 oeronis
450 2193 493 2253 vel
507 2211 572 2255 mea
587 2193 630 2254 vel
645 2193 818 2274 typographi
834 2192 942 2254 incuria
958 2193 1035 2254 exui
1051 2193 1183 2255 relictum
1199 2202 1257 2267 est,
1274 2193 1356 2273 quod
1369 2191 1480 2273 quidem

319 2293 451 2357 Nobbius
467 2313 534 2356 cum
549 2295 611 2356 aliis
628 2294 802 2375 quibusdam
817 2295 949 2367 dederat,
971 2294 1057 2355 etiam
1078 2294 1107 2356 in
1123 2294 1279 2358 codicibus
1295 2294 1430 2358 Parisino
1444 2291 1482 2353 al·

320 2404 383 2459 tero
398 2407 426 2459 et
441 2395 506 2460 Oxi.
522 2405 710 2477 arepertum.

405 2500 474 2581 Gap.
489 2499 538 2574 111,
554 2499 582 2561 8.
600 2517 660 2562 cur
676 2507 709 2561 te
724 2500 863 2562 duobus
884 2509 1058 2562 contuear
1074 2500 1204 2574 oculis,
1223 2510 1259 2562 et
1279 2519 1354 2563 non
1375 2499 1484 2562 altero

320 2609 465 2663 tantum.
508 2601 574 2664 Hoc
592 2610 728 2665 tantum
752 2620 815 2663 non
835 2603 968 2683 agnoscit
987 2602 1094 2665 Davisii
1116 2603 1240 2683 Regius,
1259 2603 1312 2686 qui
1333 2612 1381 2667 est
1394 2622 1412 2664 e
1425 2618 1485 2664 me·

318 2702 454 2766 boribus:
470 2713 499 2765 et
512 2703 627 2765 videtur
641 2704 742 2784 utique
757 2704 956 2779 verisimilius,
976 2707 1105 2768 additum
1125 2726 1142 2768 a
1160 2706 1296 2769 librariis
1316 2705 1484 2769 vocabulum

320 2825 408 2887 quam
425 2806 569 2868 omissum
581 2824 657 2867 esse.
702 2807 849 2869 Abstinuit
868 2828 903 2870 eo
924 2807 1024 2870 Cicero
1047 2810 1134 2870 etiam
1150 2808 1233 2884 alibi,
1256 2811 1339 2872 velut
1355 2805 1487 2877 beodll,

321 2908 374 2983 43,
394 2907 465 2969 132:
490 2925 561 2969 non
581 2914 703 2988 potest
721 2908 833 2987 igitur
854 2921 1001 2991 uterque
1021 2930 1100 2973 esse
1119 2911 1285 2992 sapiens,
1313 2913 1376 2975 aed
1396 2912 1487 2974 altor.

319 3010 417 3073 audiri
433 3017 528 3072 autem
542 3030 558 3072 a
573 3010 700 3072 librariis
714 3010 844 3072 vocabuli
865 3015 994 3094 exempla
1015 3015 1155 3096 quaedam
1176 3016 1320 3079 Davisius
1342 3013 1439 3079 attulit
1456 3010 1488 3075 ad

320 3113 355 3183 11,
371 3113 421 3175 64.
454 3111 540 3185 Quod
556 3131 623 3174 vero
640 3113 668 3174 in
685 3113 795 3195 aliquot
810 3114 960 3176 codicibus
972 3117 1092 3179 verbum
1110 3126 1289 3181 contuear
1304 3119 1414 3182 iterum
1425 3125 1489 3198 post

321 3214 430 3277 altero
464 3213 593 3293 positum
624 3224 682 3277 est:
712 3216 806 3277 miror
834 3218 1035 3298 repetitionem
1065 3228 1125 3282 tarn
1150 3220 1355 3303 inelegantem
1377 3231 1490 3301 tamque

320 3317 449 3399 putidam
476 3315 647 3378 Heindoriio
671 3327 702 3380 et
721 3318 827 3380 Orellio
847 3320 960 3400 placere
981 3320 1122 3402 potuisse.
1168 3322 1282 3386 lbtium
1303 3322 1489 3387 hauddubie

320 3420 388 3481 inde
403 3428 515 3494 ortum,
530 3420 610 3499 quod
627 3429 797 3484 contuear
812 3422 860 3484 alii
876 3422 939 3485 libri
955 3425 1047 3505 priori
1064 3425 1197 3488 membro
1213 3426 1387 3499 insertum,
1407 3425 1489 3488 aliiin

321 3522 379 3583 tine
394 3522 512 3584 alterius
528 3522 701 3585 collocatum
717 3524 891 3588 babuerunt

406 3626 475 3706 Cap.
491 3625 536 3698 lv,
557 3627 604 3688 10.
634 3626 788 3689 Primum
805 3628 886 3704 tuit,
900 3647 1003 3709 quum
1024 3631 1157 3693 caelum
1172 3636 1492 3714 suspexissemus,

321 3727 437 3789 statim
454 3746 518 3789 nos
534 3728 748 3808 intelligere,
763 3751 843 3793 esso
858 3732 1001 3814 aliquod
1015 3753 1153 3809 numen,
1168 3754 1241 3817 quo
1259 3738 1353 3801 baec
1369 3750 1490 3816 regan·

318 3838 382 3891 tur.
427 3830 507 3891 Licet
521 3833 663 3895 assentiar
678 3833 861 3909 Heindortio‚
876 3837 1094 3915 grammaticam
1114 3839 1267 3902 rationem
1285 3841 1491 3923 imperfectum

320 3931 433 4012 potius,
453 3943 675 4010 regerentur,
696 3937 857 4017 postulare,
877 3946 975 4001 tamen
994 3940 1051 4002 boe
1070 3959 1214 4022 reponere
1232 3951 1346 4008 contra
1362 3942 1491 4007 ominium

320 4032 457 4097 codicum
471 4036 671 4099 auctoritatem
686 4057 746 4100 non
767 4059 857 4102 ausus
874 4059 951 4102 sum.
996 4042 1048 4103 Est
1067 4043 1144 4105 enim
1166 4048 1320 4109 sententia
1343 4047 1401 4109 loci
1417 4048 1492 4108 mus

319 4139 414 4211 modi,
434 4159 509 4221 quae
527 4139 616 4200 istum
635 4141 779 4204 alessexum
795 4162 811 4204 a
826 4162 930 4207 norma
943 4146 1129 4226 grammatica
1151 4148 1237 4210 facile
1259 4170 1409 4215 excusare
1424 4166 1492 4231 pos·

318 4241 369 4312 sit,
385 4242 541 4322 siquidem,
556 4243 634 4320 quod
650 4243 680 4305 in
696 4244 752 4306 hec
767 4256 848 4325 parte
862 4248 1069 4311 enuntiationis
1086 4250 1193 4312 dictum
1212 4260 1280 4327 est,
1302 4254 1368 4334 regi
1385 4253 1491 4315 caelum

318 4343 415 4424 aliquo
442 4343 575 4417 numine,
601 4363 663 4407 nou
683 4347 773 4409 modo
793 4351 953 4429 praeteriti,
969 4352 1020 4414 sed
1040 4352 1128 4414 etiam
1145 4356 1323 4433 praesentis
1345 4366 1376 4420 et
1397 4352 1491 4419 omnis

318 4446 442 4509 omniuo
461 4447 603 4528 temporis
623 4455 679 4521 est,
699 4450 810 4535 luitque
825 4453 868 4515 sie
882 4453 917 4515 ab
933 4453 999 4536 ipso
1014 4453 1119 4527 Balbo,
1139 4455 1225 4517 cuius
1243 4459 1401 4523 sententia
1415 4474 1490 4521 nuuc
