3164 5138
599 551 606 559 .
647 459 795 559 ,πω-

97 642 151 705 bus
168 643 282 724 copiis,
304 636 444 724 ὅμαδος
467 638 503 707 d'
526 638 685 722 ἀλίαστος
705 639 845 731 ἐτύχθη,
868 647 900 710 ll
926 648 991 723 llll,
1015 650 1087 711 471.
1130 650 1180 713 llle
1199 667 1277 727 rere,

108 747 184 827 quasi
197 748 313 809 borum
335 748 477 810 omniurn
497 750 571 810 nibil
586 758 635 811 aut
649 748 857 813 animadvertat
871 759 921 813 aut
939 752 1039 831 magni
1051 752 1193 816 momenti
1208 772 1275 816 esse
1293 767 1325 817 ta

109 859 196 930 putet,
209 851 242 912 in
256 852 391 914 tentorio
408 852 549 913 desidens
565 870 632 913 cum
651 852 746 913 amico
762 852 983 927 sermocinatur,
999 853 1061 926 XII,
1080 855 1106 915 1.
1128 854 1188 929 XV,
1204 854 1275 918 390.

113 954 218 1027 lmmo,
238 954 338 1034 inquit
358 954 526 1017 Nitzschius
547 975 575 1033 p.
592 954 665 1027 247,
686 952 887 1016 animadvertit
905 955 970 1017 sine
992 955 1095 1018 dubio:
1115 974 1184 1018 narn
1204 956 1275 1018 dum

112 1068 191 1118 eur-at
208 1057 404 1136 Eurypylum,
423 1057 581 1121 identidem
601 1056 687 1119 etiam
710 1066 917 1137 prospectasse
938 1058 975 1120 de
1000 1057 1125 1121 tentorio
1151 1068 1180 1120 et
1205 1058 1275 1139 quid

111 1168 244 1238 ageretur
263 1159 441 1220 observasse
460 1160 607 1237 putandus
628 1168 685 1231 est,
704 1158 756 1221 sed
773 1178 863 1241 quum
883 1160 1017 1222 nondum
1033 1161 1064 1222 in
1078 1178 1196 1223 summo
1212 1160 1274 1223 dis-

111 1262 235 1323 crimine
261 1280 312 1322 res
338 1261 516 1322 Graecomm
543 1281 609 1323 esse
635 1261 758 1335 videret,
790 1263 954 1343 relinquere
979 1263 1063 1326 amici
1094 1263 1274 1327 mirationem

110 1364 213 1425 noluit.
258 1363 350 1443 atqui
370 1364 537 1426 coniectura
558 1366 630 1426 haec
649 1373 694 1426 est
713 1363 767 1425 riri
782 1364 959 1428 acautissimi
974 1365 1159 1428 reticentiam
1172 1374 1276 1445 poetae

109 1466 281 1546 supplentis
297 1476 326 1526 et
340 1466 418 1545 quod
433 1465 530 1537 abeo,
546 1484 636 1545 quum
652 1464 707 1527 dici
723 1465 854 1537 deberet,
869 1466 1111 1547 praetermissum
1126 1476 1185 1538 est,
1200 1466 1273 1529 libe-

109 1568 209 1629 raliter
224 1568 263 1629 de
277 1586 334 1629 suo
351 1567 574 1648 suppeditantis.
620 1568 673 1630 Cui
689 1577 784 1630 autem
800 1569 935 1631 credibile
950 1568 1040 1631 rideri
1055 1576 1166 1649 potest,
1180 1587 1272 1648 mum

109 1672 212 1732 fierent
224 1689 259 1732 ea
270 1669 379 1744 omnm,
393 1687 467 1749 quae
477 1671 568 1732 modo
582 1680 744 1733 memorata
758 1679 837 1741 sunt,
853 1690 1001 1752 quumque
1011 1671 1070 1734 iam
1081 1672 1157 1733 intra
1168 1671 1273 1735 vallum

108 1792 217 1853 magno
233 1773 362 1834 tumultu
377 1771 573 1844 dimicaretur,
588 1790 626 1834 ne
641 1773 700 1834 boe
714 1772 832 1852 quidem
847 1772 1004 1834 discrimen
1018 1773 1090 1835 tanti
1104 1773 1271 1836 Pacarium

108 1876 293 1947 aerumnose,
305 1884 338 1936 ut
349 1874 448 1936 statim
459 1873 495 1935 ad
507 1874 644 1936 Achillem
655 1884 836 1954 properaret,
848 1874 974 1936 sedtum
986 1874 1103 1937 demum
1115 1875 1271 1937 excitatum

108 1998 187 2051 esse,
216 1995 311 2057 quum
336 1976 442 2038 itemm
467 1976 569 2036 eadem
591 1976 691 2036 omnia
716 1975 779 2037 lieri
799 1974 928 2038 rideret?
977 1976 1271 2040 Animadvertendum

1 2117 2 2146 l
108 2090 204 2143 amem
228 2079 319 2141 etiarn
340 2078 400 2138 boc
419 2085 478 2149 est,
501 2094 606 2155 parum
628 2077 783 2138 commode
804 2078 835 2137 in
858 2078 912 2139 bac
933 2084 1034 2139 nostra
1055 2078 1272 2158 compositione

108 2183 203 2245 lliedis
219 2181 285 2243 illas
300 2187 346 2241 tot
357 2186 509 2258 mnusque
522 2197 570 2240 res
585 2177 768 2258 temporibus
783 2179 944 2258 descriptas
959 2198 1034 2240 esse.
1074 2178 1178 2259 lucipit
1193 2180 1271 2241 eninr

106 2286 254 2365 proelium
276 2299 395 2343 summo
417 2298 518 2352 mane,
540 2279 589 2353 Xl,
616 2280 648 2340 1:
670 2298 764 2359 aequo
787 2281 878 2342 llarte
900 2290 1048 2359 pugnatur
1070 2298 1162 2359 usque
1184 2283 1221 2343 ad
1243 2280 1273 2343 id

106 2387 265 2468 temporis,
296 2371 381 2468 ἦμος
407 2374 567 2465 δρυτόμος
593 2400 657 2466 περ
679 2372 759 2465 ἀνὴρ
782 2373 976 2444 ὡπλίσσατο
999 2377 1146 2458 δεῖπνον,
1172 2401 1198 2443 v.
1220 2380 1271 2454 86,

107 2510 181 2572 quae
196 2485 362 2568 designatio
383 2485 451 2547 lieet
468 2502 536 2547 non
550 2484 620 2547 satis
641 2484 757 2546 delinita
773 2485 824 2559 sit,
843 2484 951 2564 aliquot
970 2492 1068 2545 tamen
1089 2490 1165 2546 certe
1181 2484 1271 2546 boras

106 2601 273 2675 pnqnaurm
288 2607 356 2651 esse
370 2588 561 2661 demonstrat,
577 2605 668 2667 pum
683 2588 855 2667 praesertim
867 2587 989 2648 addatur
1003 2578 1081 2649 lusi
1093 2576 1126 2647 τ’
1141 2579 1272 2669 ἐκορέσ-

106 2714 191 2758 omo
212 2692 326 2774 χεῖρας
345 2682 476 2770 τάμνων
498 2683 635 2772 δένδρεα
656 2680 777 2769 μακροί,
800 2708 827 2747 v.
843 2688 893 2749 88.
938 2687 1057 2750 Serum
1071 2688 1186 2760 boram,
1200 2687 1230 2748 h.
1246 2707 1272 2748 e.

108 2797 274 2868 meridiem,
289 2792 434 2872 designari
454 2798 537 2871 putat
551 2790 644 2852 scbol.
661 2790 746 2861 Vict,
768 2790 847 2869 quod
863 2790 996 2870 quamvis
1012 2791 1118 2852 lalsum
1132 2788 1272 2861 videatur,

108 2900 186 2963 baud
210 2895 302 2960 nimis
328 2896 413 2974 longe
437 2901 533 2955 tamen
560 2891 713 2953 meridiem
738 2891 840 2953 abesse
865 2892 1025 2954 ostendunt
1049 2891 1141 2971 ipsius
1166 2896 1271 2970 poetae

108 3003 212 3074 rerba,
237 3016 330 3081 quum
354 3004 514 3076 pugnatum
538 3012 605 3055 esse
629 3013 723 3073 aequo
744 2994 833 3055 llarte
852 2993 922 3056 dicit
941 2984 1031 3080 lippe
1057 2985 1125 3078 ἠώς
1149 2980 1189 3077 ἦν
1213 2988 1272 3057 καὶ

109 3097 226 3182 ἀέξετο
249 3092 339 3183 ἱερὸν
359 3084 456 3181 ἦμαρ.
500 3097 574 3160 Nam
590 3115 722 3159 messere
737 3096 799 3158 dies
814 3114 876 3158 non
892 3114 962 3158 sane
976 3096 1025 3158 diu
1040 3105 1106 3159 ante
1119 3101 1272 3163 meridiem

109 3206 225 3269 desinit
271 3201 383 3265 bobine
396 3200 454 3262 iam
470 3199 640 3278 superiores
655 3200 731 3260 liunt
744 3197 855 3272 Graeci,
870 3198 965 3260 donee
978 3199 1189 3278 Agamemnon,
1203 3212 1272 3284 post

108 3311 187 3371 bunc
201 3303 372 3376 Diomedes,
390 3319 518 3381 moxque
536 3300 623 3363 etiam
639 3300 738 3362 Ulixes
759 3299 848 3361 saucii
864 3299 978 3380 proelio
999 3303 1149 3367 excedunt.
1194 3305 1271 3368 Tum

108 3412 230 3474 demum
245 3404 390 3486 repellunt
403 3402 530 3465 Graecos
547 3401 666 3464 Troiani
680 3410 710 3462 et
724 3409 819 3463 casua
834 3401 1015 3465 adoriuntur.
1045 3404 1077 3466 ld
1092 3407 1167 3469 circa
1182 3407 1270 3470 meri-

108 3514 187 3576 diem
202 3510 268 3572 lieri
281 3515 512 3570 consentaneum
527 3512 590 3566 est¹
603 3506 642 3579 ⁰).
688 3502 801 3578 Quodsi
816 3521 897 3566 nunc
912 3504 1009 3567 statim
1023 3507 1206 3581 Patroclum,
1222 3508 1272 3589 qui

108 3615 209 3697 paullo
223 3622 293 3674 ante
305 3610 342 3672 ab
357 3608 465 3671 debile
484 3606 519 3669 ad
534 3606 689 3668 Nestorem
709 3605 821 3668 musus
835 3616 894 3678 est,
915 3607 1037 3670 rediisse
1052 3627 1086 3672 ae
1100 3610 1165 3672 sine
1179 3628 1271 3685 mora,

1 3703 2 3760 l
108 3720 266 3797 impetrata
279 3711 397 3774 auius
416 3709 511 3783 venia,
533 3727 600 3771 cum
616 3708 849 3790 Myrmidonibus
869 3717 972 3771 contra
988 3709 1133 3774 bolanus
1154 3715 1272 3794 prolec-

108 3830 173 3883 turn
199 3815 358 3889 sumimus,
382 3812 450 3875 huic
474 3820 542 3891 apte
567 3812 710 3892 coagnus,
736 3811 817 3892 quod
836 3811 907 3885 xvt,
935 3812 996 3872 777
1016 3813 1144 3876 Patrocli
1170 3824 1272 3877 contra

110 3920 260 3984 Troianos
279 3916 425 3998 proelium
443 3923 472 3977 et
491 3915 590 3995 ipsum
610 3915 771 3977 meridiano
791 3923 924 3995 tempore
943 3917 1050 3977 lactum
1071 3935 1137 3978 esse
1157 3918 1271 4000 dicitur,

110 4014 200 4108 ὅφρᾱ
227 4011 340 4105 ἠέλιος
365 4010 468 4099 μέσον
494 4008 630 4101 οὐρανὸν
657 4008 893 4102 ἀμφιβεβήκει.
937 4015 975 4076 dt
1000 4036 1068 4078 vero
1095 4038 1168 4099 quae
1193 4038 1274 4081 nunc

112 4182 236 4190 ...ψ-,μισ

180 4266 220 4329 ro)
238 4264 337 4315 Versus
349 4261 378 4314 ll.
391 4261 454 4329 ΧΠ,
470 4258 526 4311 193.
543 4260 599 4312 let
611 4260 669 4312 208.
682 4260 706 4311 9.
721 4259 763 4327 qui
779 4267 863 4311 eastra
875 4262 975 4327 vesperi
994 4267 1161 4327 expugnatum
1173 4259 1204 4310 iri
1215 4274 1275 4326 pro·

113 4352 217 4417 numni,
230 4350 403 4403 luebmnnus
418 4348 452 4414 (p.
465 4345 508 4411 38)
521 4346 597 4410 elicit,
608 4353 638 4397 ut
649 4361 683 4397 ex
695 4343 787 4409 XVlll,
799 4346 858 4397 454.
872 4347 897 4413 5,
908 4345 951 4396 ubi
969 4353 1040 4397 recte
1052 4360 1081 4395 se
1092 4344 1196 4404 babent,
1213 4357 1271 4408 per-

113 4453 192 4504 peram
205 4438 254 4488 bue
265 4437 385 4499 insertor,
396 4432 589 4499 moraliterque
601 4430 746 4484 Nitzscbiur
758 4447 782 4497 p.
794 4430 853 4482 228.
