3284 5152
805 460 955 560 ..¹2⁰-

302 645 553 731 tpremadmodum
574 653 620 711 est
639 645 816 712 laborare
836 666 911 712 are
935 644 1181 712 frumentaria
1203 645 1282 730 apnd
1305 646 1459 711 neuen

305 748 339 811 li.
356 749 391 811 G.
411 749 471 824 vll,
495 751 545 825 10,
565 749 585 813 i.
605 769 635 831 q.
650 748 782 813 laborare
796 751 876 831 qnod
896 750 1001 813 attinet
1013 749 1050 813 ad
1064 768 1127 813 rem
1138 749 1372 813 frumentariam.
1415 747 1460 811 (ι

300 850 403 915 notu.
425 851 546 915 Advers.
566 851 655 927 XXV,
677 851 706 915 5.
749 851 853 934 ltaque
874 869 936 915 non
961 852 1073 915 laborat
1097 852 1133 917 ah
1159 850 1219 915 otio
1241 852 1289 916 oui
1302 868 1365 914 non
1377 850 1461 915 deest

301 954 406 1031 otium,
420 954 574 1037 potuitque
589 971 643 1035 pro
659 945 697 1015 od
710 945 824 1034 κάμνω
838 952 941 1041 σχολῇ
954 955 1042 1018 etiam
1057 954 1115 1017 dici
1128 945 1168 1019 ori
1182 947 1295 1034 κάμνω
1310 946 1459 1038 ἀσχολία.

301 1074 372 1120 uon
385 1056 515 1120 laboro
530 1056 597 1120 otii
611 1056 773 1120 deiectu:
789 1066 822 1120 ut
836 1056 1005 1121 habendum
1018 1056 1058 1120 sit
1066 1058 1124 1121 hoc
1132 1056 1301 1140 exemplum
1311 1056 1343 1119 iu
1353 1073 1460 1119 eorum

300 1175 437 1233 numero,
455 1157 487 1221 in
506 1157 629 1242 peribus,
648 1167 683 1222 ut
701 1158 884 1240 grammatici
903 1159 996 1233 nunt,
1015 1176 1064 1223 res
1078 1159 1185 1223 dieitur
1198 1178 1253 1242 pro
1275 1159 1393 1222 deiectu
1406 1157 1458 1226 rei

302 1260 451 1326 Nimirum
465 1261 500 1324 fit
512 1262 572 1326 hoo
584 1261 625 1324 ibi
638 1261 770 1336 domum,
785 1261 838 1323 uhi
850 1261 965 1343 reliqua
977 1261 1140 1325 enuntiatio
1154 1261 1289 1325 duhitare
1302 1277 1365 1324 uon
1378 1259 1459 1335 sinit,

301 1381 361 1446 quo
375 1364 466 1427 modo
481 1382 529 1428 res
543 1383 577 1427 se
591 1362 706 1427 habeat
749 1361 880 1426 velutin
899 1361 978 1425 ltiad.
993 1362 1030 1426 x.
1047 1362 1097 1438 89,
1116 1355 1256 1447 καμάτῳ
1279 1354 1461 1448 άάάηκότνς

300 1457 363 1550 elda'
381 1461 441 1529 καὶ
461 1458 568 1549 ὕπνῳ,
589 1465 763 1532 scholiastae
786 1483 839 1547 pro
862 1456 957 1549 άπνῳ
971 1464 1060 1528 etiam
1075 1456 1242 1550 ἀγρυπνίᾳ
1255 1465 1312 1529 dici
1325 1465 1459 1548 potuim

301 1567 468 1643 observant,
483 1569 614 1650 itemque
627 1568 659 1630 in
673 1566 728 1632 Od.
742 1566 786 1641 Vl,
801 1566 831 1639 2,
851 1564 901 1630 uhi
921 1574 969 1629 est
988 1559 1082 1649 ὕπνῳ
1103 1561 1160 1630 καὶ
1179 1561 1318 1653 καμάτῳ
1339 1558 1459 1651 ‹loppi-

300 1687 367 1744 νας,
387 1670 424 1733 ad
439 1669 519 1750 qnod
534 1668 703 1750 exemplum
713 1668 803 1732 etiam
817 1667 954 1731 Horatius
968 1667 1024 1731 Od.
1038 1668 1087 1743 lll,
1107 1669 1155 1742 14,
1175 1670 1210 1731 11
1228 1687 1356 1733 somno
1376 1669 1459 1734 iati-

299 1779 503 1855 patnmqne
517 1771 603 1835 ludo
618 1772 701 1846 dixit,
715 1789 824 1854 nempe
837 1788 956 1845 somno,
968 1771 1036 1852 quia
1051 1770 1278 1846 desiderabatur,
1298 1771 1376 1849 ludo,
1390 1770 1460 1855 quia

300 1873 503 1939 lenitudinem
524 1876 667 1941 olfecerat.
711 1872 796 1957 apud
816 1873 997 1954 Euripidem,
1012 1873 1165 1937 Phoeuias.
1186 1876 1218 1935 V.
1242 1872 1338 1938 1668:
1360 1868 1460 1960 τάφῳ

300 1973 360 2062 τήν
380 1972 474 2061 dirps
494 1970 700 2060 παρασχέτω,
721 1975 759 2039 de
773 1975 911 2056 Polynice
925 1975 1048 2050 dietum,
1064 1984 1184 2059 apparot
1197 1977 1234 2039 do
1243 1979 1394 2059 sepultura
1405 1975 1460 2040 de·

300 2090 406 2162 negata
418 2078 622 2162 accipiendum
632 2098 714 2153 οντες
729 2095 881 2161 quumque
892 2078 923 2140 in
933 2078 1092 2162 Hippolyto
1103 2098 1130 2140 ν.
1146 2079 1226 2143 1402
1238 2079 1335 2143 Venus
1345 2078 1460 2161 liippo·

300 2183 360 2264 tyto
374 2183 452 2246 mala
466 2182 609 2246 suumne
624 2181 744 2255 dicitur,
765 2179 835 2263 quia
848 2175 946 2264 τιμῆς
967 2174 1135 2265 ἐμέμφθη,
1158 2180 1225 2263 quis
1246 2198 1307 2244 non
1326 2180 1461 2261 intelligit

300 2285 386 2350 deam
399 2294 522 2369 propter
535 2285 680 2350 honorem
694 2283 750 2348 sibi
763 2300 825 2346 nen
838 2283 971 2347 habitum
985 2283 1143 2366 Hippolyto
1156 2283 1303 2347 intensam
1316 2282 1383 2357 dici,
1397 2297 1460 2346 non

299 2388 385 2453 aliter
399 2405 489 2470 quam
502 2387 535 2453 tn
548 2387 629 2462 Iliad,
645 2385 667 2460 l,
683 2385 724 2450 65
739 2384 776 2447 de
790 2384 931 2466 Apolline,
947 2376 1013 2449 αἴτ’
1028 2376 1078 2470 ἄρ’
1093 2376 1140 2468 ὅγ’
1154 2377 1296 2469 τάχωλῆς
1312 2378 1460 2465 ἐπιμέμ-

300 2508 402 2577 φεται
423 2480 492 2555 αἴθ’
512 2482 705 2573 ἑκατόμβης,
722 2487 760 2550 oh
774 2494 842 2550 vota
856 2504 918 2551 nou
940 2488 1101 2570 persoluta,
1124 2488 1263 2552 munitiola
1277 2505 1338 2551 nou
1352 2486 1458 2561 oblata,

299 2596 351 2655 aut
372 2590 449 2667 lllll,
473 2590 534 2655 166
556 2591 593 2653 de
613 2589 752 2664 horione,
773 2583 905 2666 χώσατο
927 2582 957 2653 d’
979 2582 1077 2668 αἰνῶς
1099 2581 1288 2675 ἀμφότερον
1311 2584 1401 2674 νάκας
1422 2609 1460 2654 τα

301 2688 358 2757 καὶ
379 2683 491 2775 ἔγχεος
513 2681 532 2756 ὃ
555 2685 696 2772 ξυνέαξε,
718 2689 757 2755 ob
773 2692 922 2756 victoriam
938 2711 999 2757 nou
1014 2700 1207 2775 reportatam,
1228 2693 1458 2758 minuentem

299 2796 472 2861 distractam

384 2897 506 2972 Quaerit
524 2897 583 2961 iam
604 2898 658 2961 lou
673 2916 698 2959 ν.
715 2895 778 2961 289
797 2898 834 2960 de
849 2898 974 2961 &ousae
994 2897 1144 2963 sororibus
1164 2903 1278 2980 epatre
1291 2898 1457 2963 Erechtheo

297 2999 465 3065 unrihmtia
480 3000 510 3064 in
525 2999 601 3063 hello
616 2999 774 3074 Elensiuio,
790 3018 879 3081 quam
893 3000 1022 3064 iahulam
1035 3001 1120 3065 aliter
1132 3000 1170 3065 ab
1179 3000 1243 3064 aliis
1253 3001 1457 3065 reierrinemo
1542 2998 1552 3011 ‘

298 3103 460 3169 mirabitur.
503 3101 659 3184 Emipides
679 3102 743 3184 ipae
762 3102 793 3166 in
813 3103 961 3186 tragoedia
980 3104 1145 3168 Erechtheo
1164 3122 1255 3168 unam
1274 3103 1367 3167 modo
1381 3103 1458 3186 repis

297 3206 386 3270 tiliam
400 3205 591 3270 moridcetam
607 3204 679 3269 dixit
693 3205 763 3280 (rid.
778 3205 901 3288 churp.
916 3225 959 3269 or.
982 3206 1014 3269 in
1028 3206 1128 3271 Leocr.
1144 3225 1169 3269 c
1185 3206 1262 3282 th),
1281 3223 1338 3269 nec
1357 3207 1458 3289 plures

298 3306 505 3390 Apollodorus,
519 3308 570 3384 111,
588 3309 636 3382 15,
653 3310 683 3382 t,
698 3308 729 3383 8,
744 3308 795 3371 sed
810 3326 904 3390 qaum
915 3308 1038 3374 minima
1049 3318 1121 3373 natu
1131 3309 1282 3373 immolata
1290 3317 1379 3383 esset,
1393 3308 1458 3373 eius

295 3426 413 3473 sorores
427 3409 506 3491 ipsas
520 3429 553 3474 sa
568 3409 750 3475 interfecisse
765 3418 926 3473 memorat:
950 3411 1146 3476 coniuravisso
1160 3411 1240 3474 enim
1254 3410 1365 3493 puellas
1380 3412 1460 3476 inter

296 3530 339 3586 se,
353 3529 458 3576 omnes
472 3529 534 3576 nna
546 3513 692 3595 peritiores
708 3531 781 3576 esso.
825 3512 1026 3579 Numerantur
1045 3524 1145 3579 autem
1160 3514 1197 3578 ah
1215 3514 1321 3578 eodem
1335 3514 1458 3596 Apollo-

295 3614 370 3678 doro
388 3614 466 3679 tiliae
480 3614 639 3681 Erechthei
653 3622 803 3699 quattuor,
829 3617 957 3692 Procris,
983 3617 1102 3693 Creuan
1129 3616 1284 3690 Chthonia,
1310 3616 1457 3700 Orithyia:

295 3716 403 3782 harum
417 3734 520 3792 uuam,
536 3717 708 3800 Orithyiam,
723 3718 832 3784 Boreas
846 3720 953 3803 rapuit,
968 3719 1090 3785 Procrin
1105 3722 1229 3785 maritus
1244 3721 1388 3803 Cephalus
1398 3718 1459 3784 im·

295 3821 427 3904 prudeus
436 3821 531 3886 iaculo
545 3820 710 3887 interemit:
725 3830 861 3887 nonnam
875 3823 965 3905 igitur
975 3824 1164 3889 mcndoatam
1179 3843 1244 3889 esso
1255 3822 1457 3906 oomequitur.

295 3923 418 3989 Restant
432 3923 540 3988 Creusa
554 3931 584 3986 et
598 3923 759 4010 Chthonia:
775 3925 853 3990 illam
869 3924 932 4008 ipse
946 3924 1142 4010 Apollodorus
1156 3934 1187 3989 et
1207 3926 1227 3989 Ι.
1242 3926 1263 3990 l.
1277 3934 1309 3989 et
1325 3928 1353 4000 t,
1369 3926 1400 3999 7,
1415 3923 1458 3989 ³2

295 4024 397 4091 Xutho
413 4025 549 4110 nemisse
563 4026 712 4090 ctionem
726 4033 815 4109 atque
829 4028 978 4094 Achaeum
992 4029 1144 4111 peperisse
1157 4027 1260 4101 tradit,
1280 4027 1458 4093 Chthoniaur

296 4136 397 4194 autom
411 4147 428 4192 a
442 4135 548 4212 panno
562 4128 638 4192 liuto
652 4128 684 4192 in
698 4130 919 4194 manimonium
935 4132 1054 4197 ductam
1069 4150 1144 4205 esse,
1159 4131 1239 4195 unde
1249 4138 1350 4194 ortum
1364 4146 1458 4212 genus

295 4228 557 4296 Eteobntadarum.
600 4229 693 4313 igitur
711 4248 750 4296 no
765 4231 941 4297 Chthoniam
962 4233 1082 4317 quidem
1102 4233 1298 4299 unificatum
1312 4250 1376 4296 ease
1391 4249 1459 4296 crs·

296 4331 448 4412 domuel).
492 4331 606 4406 Quodsi
625 4333 673 4398 cui
693 4340 794 4399 tamen
813 4336 941 4418 τιμηταὶ
959 4337 1084 4420 placeat,
1104 4357 1139 4401 eo
1159 4336 1317 4418 conlucere
1338 4335 1457 4418 poterit,

267 4467 277 4483 ⁶
365 4471 393 4535 tt
410 4467 527 4525 Credidit
537 4470 586 4524 loo
596 4458 680 4527 lanea
691 4470 830 4539 Piraeeum
841 4472 873 4525 ad
885 4471 997 4543 cysare.
1006 4489 1031 4540 p.
1044 4472 1103 4526 lid.
