3290 5142
308 641 393 704 annis
408 645 475 704 ante
489 640 691 722 Aristophanis
706 641 790 717 bros,
806 647 857 704 aut
876 639 1097 704 concedendum
1116 639 1174 702 erit
1186 636 1291 702 Vossio
1312 655 1376 701 non
1395 639 1470 702 insi-

307 743 535 825 gnitnminlone
542 743 720 807 Mercurium
731 744 858 825 pinnatis
868 741 1009 806 talaribus
1018 741 1119 816 fuisso,
1131 759 1207 823 quae
1218 741 1255 804 ab
1263 740 1469 823 Aristophane,

307 844 359 907 Ar.
374 864 400 905 v.
415 845 488 918 572,
504 844 531 907 ei
545 845 635 908 tribui
649 845 792 921 videmus,
807 852 868 920 aut,
883 844 1029 918 siluerit,
1050 861 1112 906 non
1131 849 1234 905 tamen
1248 842 1381 924 ineptum
1395 862 1470 925 poe-

306 954 355 1009 tae
369 947 465 1009 risum
480 965 554 1021 esse,
569 954 604 1010 ut
618 948 706 1009 etiam
720 947 772 1022 sic,
788 947 854 1028 quis
865 954 952 1021 osset,
968 945 1085 1009 disertis
1095 945 1191 1009 uerbis
1204 952 1384 1026 spectatores
1395 946 1470 1009 edo-

186 1100 188 1105 ,
307 1055 395 1112 ccret
442 1048 567 1123 Scilicet,
583 1056 617 1113 ut
631 1049 663 1111 in
677 1048 833 1130 proverbio
848 1049 1068 1133 estqsuperflua
1082 1065 1144 1110 non
1158 1054 1277 1111 nocent
1314 1047 1411 1129 Atque
1427 1048 1472 1111 sic

307 1150 478 1232 Euripidem
493 1151 637 1214 iudicasse
652 1152 740 1215 etiam
755 1151 824 1214 binc
838 1151 1030 1214 manifestum
1045 1150 1211 1224 deridiculo,
1228 1148 1308 1230 quod
1323 1165 1385 1212 non
1399 1149 1470 1212 setis

307 1254 397 1317 babet
410 1254 475 1317 eius
489 1253 650 1317 blercurius
665 1271 777 1317 nomen
789 1272 878 1316 suum
899 1252 1071 1335 simpliciter
1089 1252 1234 1333 profiteri,
1254 1251 1306 1314 sed
1326 1251 1471 1333 originem

307 1373 427 1438 quoque
441 1355 478 1418 ab
492 1374 547 1419 avo
561 1363 695 1418 materno
709 1350 825 1418 Atlante
838 1355 955 1438 repetit,
969 1355 1001 1417 id
1015 1353 1094 1436 quod
1108 1354 1337 1437 haudquaquam
1350 1371 1471 1419 neeman

305 1458 398 1522 fuisso
414 1475 518 1541 omncs
532 1458 665 1539 prolecto
681 1458 874 1521 consentient.
917 1456 1079 1519 Exorditur
1093 1462 1191 1518 autem
1206 1456 1416 1520 blesensibus:

508 1549 638 1635 Ἄτλας,
655 1552 674 1622 ὁ
689 1554 862 1639 χαλκέοισι
876 1553 995 1634 νώτοις
1009 1550 1146 1643 οὐρανὸν

510 1658 602 1725 θεῶν
623 1657 769 1724 παλαιὸν
789 1650 883 1725 οἶκον
903 1653 1070 1743 ἐκτρίβων,
1093 1655 1184 1722 θεῶν

508 1761 591 1845 μιᾶς
612 1757 714 1851 ἔφυσε
736 1764 865 1838 Μαῖαν,
888 1752 973 1848 ἣ’μ’
995 1755 1141 1844 ἐγείνατο
1364 1835 1365 1839 ¹

504 1857 622 1951 Ἑρμῆν
643 1859 787 1951 μεγίστῳ
810 1858 902 1951 Ζηνί,
926 1859 1092 1945 δαιμόνων
1113 1857 1236 1947 λάτριν.

306 1968 456 2031 Atlantem
471 1968 560 2051 igitur
573 1968 660 2031 nobis
674 1969 814 2050 proponit
828 1968 944 2031 coelum
957 1968 1091 2031 humeris
1102 1966 1297 2031 sustinentem
1311 1974 1352 2042 et,
1364 1986 1471 2050 quero-

307 2070 471 2134 admodum
496 2090 566 2134 mox
588 2071 749 2153 apparebit,
775 2071 866 2134 etiam
881 2074 1141 2150 contorquentem:
1163 2087 1316 2151 quumque
1338 2070 1371 2133 in
1390 2070 1472 2134 coelo

310 2173 436 2236 deorum
450 2173 630 2237 domicilium
647 2191 712 2236 esse
726 2173 849 2248 dicatur,
862 2190 923 2235 una
936 2191 1004 2234 cum
1020 2172 1102 2236 coelo
1113 2172 1202 2234 etiam
1217 2172 1289 2235 deos
1304 2172 1341 2236 ab
1355 2171 1473 2235 Atlante

306 2276 419 2358 portari
434 2274 737 2356 circumtorquerique
751 2291 870 2337 neccsse
879 2282 933 2349 est,
943 2274 1053 2355 pariter
1062 2273 1228 2337 utinllerc
1237 2273 1474 2355 bunndtlitubi

305 2377 456 2452 Hercules,
476 2377 602 2440 Atlantis
623 2376 835 2458 aliquantisper
856 2375 990 2450 vicanus,
1013 2366 1228 2459 dmspcdnooc
1248 2369 1339 2437 oses
1360 2367 1474 2452 οἴκοις

308 2480 484 2544 sustinuisse
499 2479 614 2542 dicitur.
658 2479 763 2560 Negari
777 2486 875 2542 autem
891 2496 954 2541 non
967 2484 1077 2560 potest,
1092 2479 1136 2541 sic
1150 2478 1288 2541 contusas
1299 2495 1365 2541 osse
1376 2479 1473 2542 diver-

308 2602 355 2646 sas
371 2582 701 2670 diversarumaetatum
717 2581 881 2663 opiniones.
927 2581 1044 2644 Scilicet
1057 2581 1238 2662 antiquiores
1254 2580 1309 2656 illi,
1331 2580 1382 2663 qui
1403 2600 1473 2644 coe·

308 2685 371 2747 lum
387 2685 423 2748 ab
437 2684 553 2747 Atlante
567 2684 681 2765 portari
695 2684 853 2757 finxerunt,
870 2682 954 2747 cuius
969 2684 1116 2765 opinionis
1135 2683 1266 2764 primum
1286 2689 1395 2747 testem
1411 2683 1474 2745 lie·

309 2786 429 2850 siodum
443 2785 598 2860 babemus,
617 2786 716 2866 theog.
738 2802 766 2847 r.
789 2785 861 2859 517,
882 2804 1008 2848 -nam
1022 2785 1060 2847 de
1074 2784 1197 2848 llomcri
1211 2785 1286 2861 loco,
1302 2784 1358 2848 (id.
1376 2787 1403 2859 1,
1420 2785 1472 2859 bb,

308 2889 453 2953 nonsatis
468 2890 561 2970 liquet
571 2889 611 2965 ⁶),
625 2923 670 2933 -
685 2888 756 2951 deos
776 2902 838 2951 uon
857 2888 888 2950 in
910 2889 1015 2952 eodem
1030 2889 1111 2951 coelo
1126 2887 1258 2951 babitare
1271 2904 1390 2969 unaque
1403 2906 1471 2950 cnm

310 3013 347 3056 ec
363 2992 529 3072 circumagi,
544 2992 595 3053 sed
611 2990 682 3054 alios
698 2991 729 3053 in
749 2998 851 3054 monte
871 2990 1010 3074 Olympo,
1030 2990 1103 3053 alios
1123 2992 1153 3053 iu
1173 2990 1269 3069 aliqua
1286 2997 1371 3071 parte
1393 2989 1473 3052 orbis

308 3103 456 3158 terrarum
467 3093 576 3156 versari
591 3090 794 3168 crediderunt‚·
809 3094 987 3175 posteriores
1003 3102 1112 3167 eutem,
1128 3112 1222 3174 quum
1237 3093 1361 3155 deorum
1377 3092 1474 3155 domi·

309 3197 409 3262 cilium
432 3204 462 3260 et
487 3212 599 3259 nomen
626 3214 747 3277 quoque
768 3195 884 3277 Olympi
909 3195 946 3258 de
970 3205 1074 3258 monte
1098 3196 1130 3258 in
1156 3195 1272 3258 coelum
1297 3195 1474 3257 translatum

309 3307 397 3376 esset,
417 3298 443 3361 si
462 3299 520 3361 hoc
537 3298 653 3361 coelum
679 3298 772 3360 nihilo
792 3298 892 3360 minus
911 3304 1013 3360 tamen
1031 3315 1179 3360 unacum
1200 3298 1255 3360 diis
1274 3295 1472 3361 incolentibus

310 3399 470 3463 sustentari
489 3397 525 3462 ab
547 3400 664 3463 Atlante
684 3408 713 3463 et
733 3400 922 3482 contorqueri
941 3398 1117 3475 voluerunt,
1148 3399 1336 3463 absurditatis
1357 3398 1473 3480 culpam

310 3502 491 3565 contraxisse
513 3500 629 3565 dicendi
652 3509 738 3575 sunt,
760 3501 927 3581 meritoque
950 3508 1107 3583 propterea
1121 3501 1291 3576 abaciaco,
1306 3503 1472 3582 Contempl.

310 3624 336 3667 c
353 3606 383 3678 4,
398 3603 567 3667 irridentur.
616 3603 719 3683 Neque
742 3611 845 3666 tamen
868 3621 973 3667 omncs
998 3605 1028 3668 id
1052 3605 1181 3668 voluisse
1206 3604 1394 3678 crediderim,
1419 3605 1472 3667 sed
1561 3665 1565 3671 .

309 3705 401 3768 luisse
416 3705 516 3781 etiam,
533 3705 584 3787 qui
598 3704 756 3767 coelestem
767 3705 850 3768 illum
866 3704 978 3778 orbem,
993 3705 1025 3769 in
1039 3725 1099 3788 quo
1116 3705 1157 3768 dii
1176 3706 1359 3782 babitarent,
1381 3707 1472 3771 totius

309 3806 414 3869 mundi
429 3806 572 3869 extimum
587 3823 763 3887 semperque
778 3807 947 3882 immotum,
962 3805 1162 3884 humentem,
1178 3828 1267 3890 quem
1278 3810 1359 3874 Atlas
1370 3816 1472 3893 porta·

310 3914 356 3970 ret
370 3914 401 3970 et
415 3913 575 3989 torqueret,
591 3906 668 3969 intra
680 3908 765 3971 illum
780 3928 874 3992 eoque
888 3910 1102 3974 circumdatum
1116 3928 1181 3975 esse
1199 3918 1380 3989 statuerent3
1405 3930 1472 3976 esse

309 4016 408 4072 autem
423 4017 523 4092 portas
537 4008 610 4071 duas
624 4009 656 4071 in
668 4010 704 4073 iis
720 4012 794 4074 coeli
806 4012 955 4094 partibus,
976 4013 1026 4075 ubi
1046 4013 1157 4077 lacteus
1177 4013 1303 4078 circinus
1318 4016 1472 4079 zodiacum

312 4117 435 4185 secaret,
456 4128 510 4192 per
527 4128 600 4192 quas
625 4112 657 4175 in
681 4115 867 4195 superiorem
890 4115 974 4179 illum
999 4115 1104 4180 orbem
1125 4135 1266 4181 ascensus
1302 4124 1353 4182 aut
1378 4135 1471 4180 exeo

379 4354 405 4419 t)
423 4350 461 4405 Gi.
474 4351 553 4405 robob
571 4351 610 4403 od.
627 4352 652 4403 1ι
664 4350 682 4404 l.
694 4352 829 4405 Hermann.
850 4368 935 4419 opusc
953 4353 1006 4407 Vll.
1023 4369 1049 4425 p.
1066 4355 1125 4415 254,
1143 4356 1166 4409 l.
1183 4351 1470 4427 J.Wrgcnar,1ileine

311 4438 382 4491 Scbr.
395 4436 435 4491 lll.
452 4454 477 4505 p.
489 4438 532 4491 29.
549 4437 731 4505 Naegelsbach.
748 4437 837 4493 Tbcol.
850 4438 921 4497 Hom.
931 4454 957 4507 p.
968 4439 1013 4495 82·
