3222 5148
646 443 797 542 ,ἶρι-

145 633 309 716 spicuitatis
326 631 434 706 studio,
451 632 586 712 quamvis
600 630 707 705 nimio,
729 639 758 694 et
772 632 803 693 in
816 630 864 693 bis
879 629 998 711 quidem
1013 629 1118 693 formis
1131 647 1169 692 ne
1183 637 1306 712 propter

142 734 349 816 etymologiam
364 734 485 815 quidem
501 734 662 815 probando.
685 732 801 795 Etenim
816 734 847 793 in
862 732 936 803 sic.
952 749 1049 794 nunc
1063 740 1092 793 et
1106 739 1192 794 tunc
1209 732 1305 794 litters

143 854 235 899 cnon
249 837 375 916 ingenita
391 843 450 908 est,
471 837 522 898 scd
543 835 640 897 addita
655 842 771 897 tantum
786 834 916 896 iortioris
931 833 1192 897 demonstrationis
1207 853 1304 907 causa,

142 957 239 1020 neque
257 938 316 1001 hoc
336 938 596 1001 demonstrationis
611 940 757 1000 elemento
774 937 885 999 omisso
899 937 1059 1020 particulae
1074 937 1139 1000 illae
1153 937 1303 1019 propriam

143 1060 228 1103 suam
248 1040 489 1122 significationem
505 1042 654 1104 amittunt.
685 1041 773 1103 Num
788 1041 869 1101 enim
888 1040 919 1101 in
940 1041 1164 1113 etiamnum,
1183 1047 1259 1101 turn
1275 1038 1306 1099 in

143 1145 331 1205 etiamtum
346 1142 423 1205 idem
439 1144 550 1217 valent,
573 1144 652 1225 quod
667 1161 763 1204 nunc
777 1151 807 1204 et
820 1150 919 1205 tunc.
950 1143 989 1204 Si
1004 1149 1103 1205 autem
1120 1161 1173 1223 pro
1188 1142 1256 1215 sic,
1272 1146 1306 1203 ut

143 1246 231 1309 bodie
244 1246 275 1307 in
289 1247 520 1311 Romanensium
535 1246 657 1328 linguis,
682 1246 747 1308 sine
761 1244 852 1307 dubio
869 1246 957 1307 etiarn
972 1246 1135 1324 antiquitus
1149 1246 1181 1307 in
1195 1244 1306 1323 vulgari

143 1367 281 1412 sermone
307 1348 466 1421 dicebatur,
491 1366 547 1412 nec
573 1367 640 1410 raro
662 1347 750 1410 etiam
773 1349 805 1410 in
824 1347 973 1410 codicibus
988 1347 1132 1429 scriptum
1148 1347 1304 1410 invenitur.

146 1450 211 1524 Qua
235 1452 351 1513 ratione
377 1458 476 1513 autem
504 1450 673 1512 adverbium
700 1450 963 1512 demonstrativum
987 1449 1077 1513 etiarn
1092 1449 1307 1514 coniunctionis

144 1554 360 1617 continuativae
376 1557 413 1633 (s.
430 1553 648 1627 conditionalis)
665 1570 788 1615 munere
803 1553 886 1634 iungi
901 1552 1043 1632 potuerit,
1067 1551 1306 1634 prudentioribus

144 1674 206 1718 non
229 1656 345 1719 difficile
368 1657 423 1719 erit
437 1655 475 1717 ad
490 1655 738 1736 perspiciendum,
763 1657 884 1738 fierique
899 1657 988 1718 etiam
1005 1656 1036 1717 in
1049 1663 1153 1718 nostro
1169 1672 1306 1717 sermone

145 1760 241 1841 patrio
255 1760 399 1835 ridemus,
416 1767 450 1820 ut
463 1758 605 1841 particula
621 1778 659 1820 so
675 1769 800 1841 utroque
817 1758 906 1821 modo
922 1766 1091 1842 usurpetur.
