3164 5138
869 478 911 540 db

789 568 988 576 -——.---

310 686 376 731 sam
391 667 490 731 miuus
506 667 697 730 conveniens:
714 686 783 730 nam
799 687 853 731 uec
867 669 994 732 certabat
1008 687 1041 730 ea
1056 684 1123 730 cum
1138 664 1269 739 tortiora,
1284 665 1336 728 sed
1353 665 1469 729 lamn-

309 771 426 833 tabatur
441 778 563 843 tantum,
578 788 634 833 nec
647 772 775 833 dedecus
789 781 838 834 aut
853 773 985 835 dolorem
1000 779 1116 851 ereptae
1128 769 1277 843 victoriae,
1291 769 1342 830 sed
1358 776 1470 831 certam

309 891 412 935 necem
432 872 488 934 sibi
508 874 690 953 propositam
712 875 895 953 querebatur.
939 876 962 936 Ε
982 872 1192 936 recentioribus
1213 870 1319 933 criticis
1344 870 1392 932 alii
1410 870 1470 933 hos

263 982 294 1033 tt
311 993 414 1037 versus
433 975 674 1054 transponendus
694 987 870 1039 censuerunt
890 986 960 1057 post
979 997 1004 1038 v.
1024 975 1099 1049 212,
1125 973 1234 1036 scilicet
1257 993 1295 1035 ne
1313 974 1471 1055 accipitris,

310 1078 361 1140 sed
385 1077 478 1157 ipsius
494 1085 599 1157 poetae
613 1086 802 1157 praeceptum
816 1080 975 1151 videretur,
995 1078 1042 1140 alii
1055 1097 1092 1139 no
1106 1076 1336 1156 transpositione
1350 1076 1471 1156 quidem

270 1248 272 1255 ,
310 1198 386 1259 opus
402 1198 467 1241 esse
482 1179 656 1242 indicarunt.
682 1180 750 1260 lpse
764 1189 862 1243 autem
876 1156 1062 1243 Aristarchus
1078 1180 1203 1241 donasse
1215 1197 1277 1241 non
1291 1179 1406 1259 negarit
1414 1198 1471 1241 eos

309 1301 326 1343 a
340 1289 427 1361 poeta
442 1282 500 1343 boc
514 1282 580 1343 loco
595 1282 712 1362 positos
726 1302 801 1355 esso,
816 1283 868 1345 sed
882 1292 961 1345 recte
975 1282 1090 1364 positos
1104 1300 1170 1343 esse
1184 1283 1307 1361 negavit.
1347 1280 1472 1344 Constat

309 1384 389 1446 cuim
416 1384 532 1447 obelum
552 1383 588 1446 ab
607 1404 642 1446 eo
662 1403 724 1447 non
749 1385 785 1447 iis
811 1386 907 1448 solum
932 1384 1065 1447 versibus
1091 1384 1260 1465 appositum
1285 1403 1364 1457 esse,
1391 1403 1470 1464 quos

310 1487 443 1566 spurios,
470 1487 522 1548 sod
548 1486 636 1548 etiam
662 1505 737 1568 quos
763 1487 862 1550 minus
887 1486 1057 1567 probandos
1078 1505 1144 1549 esse
1162 1486 1352 1566 signiticaret,
1373 1505 1472 1567 neque

309 1588 423 1668 primus
439 1589 577 1651 Horatius
591 1590 678 1652 etiam
693 1590 857 1653 Homerum
872 1608 1084 1670 nonnunquam
1098 1589 1275 1652 dormitasse
1290 1589 1420 1651 credidit.

394 1690 617 1769 Subiunguntur
636 1692 774 1772 deinceps
788 1693 880 1755 multa
900 1691 1032 1772 variaque
1053 1709 1171 1753 morum
1197 1698 1365 1771 praecepta,
1391 1709 1468 1770 quae

308 1812 413 1873 parum
428 1792 504 1854 inter
518 1812 550 1855 se
567 1794 721 1855 cohaerere
731 1811 769 1855 ne
780 1793 917 1856 Heinsius
929 1793 1046 1873 quidun
1062 1793 1209 1855 diffitetur.
1239 1787 1287 1854 Τὸ
1302 1787 1470 1865 πλεῖστον,

309 1895 349 1957 ait
363 1894 393 1957 in
408 1905 581 1973 argumento
596 1914 698 1975 graece
713 1896 833 1975 scripto,
847 1915 877 1976 p.
894 1896 952 1957 701
975 1897 1095 1967 Lucan,
1115 1890 1180 1956 τῶν
1200 1885 1383 1978 ὑποθηκῶν
1402 1891 1472 1957 τῶν

309 1991 458 2060 ἐνταῦθα
479 1994 638 2078 κειμένων
659 1989 678 2060 ὁ
699 1994 866 2081 χαρακτήρ
887 1990 1107 2083 ἅφοριστικός
1128 1991 1201 2060 ἔστι
1221 1992 1280 2059 καὶ
1302 1988 1472 2073 uindictae,-

311 2092 369 2160 καὶ
390 2090 567 2174 ἀσύνδετος
593 2089 639 2172 ὦς
660 2091 791 2161 ἐπίπαν
812 2090 831 2160 d
851 2092 956 2180 λόγος.
1000 2100 1038 2161 Et
1055 2108 1176 2179 apparet
1194 2117 1255 2161 uon
1274 2101 1364 2162 modo
1379 2118 1471 2179 mam

308 2203 424 2265 difficile
451 2203 536 2265 luerit
561 2202 665 2284 primis
692 2202 822 2281 Operum
848 2201 1053 2265 collectoribus
1077 2202 1144 2263 talia
1168 2202 1313 2281 probabili
1338 2202 1471 2282 quodam

308 2305 411 2366 ordine
432 2304 605 2384 disponere,
632 2303 684 2365 sed
703 2302 790 2366 etiam
809 2322 897 2383 quam
922 2303 1050 2383 proclive
1075 2313 1178 2382 postea
1199 2305 1468 2385 interpolatoribus‚

307 2405 398 2468 munta
418 2406 531 2485 passim
551 2423 679 2467 assuere.
723 2404 781 2466 Sed
802 2414 932 2466 veterum
953 2405 1121 2468 criticorum
1140 2407 1306 2468 notationes
1322 2407 1408 2470 etiam
1431 2410 1471 2470 ad

307 2509 385 2569 banc
413 2516 525 2589 partem
555 2525 718 2587 perpaucae
745 2513 979 2586 santonorum
1005 2524 1076 2579 una,
1106 2507 1137 2569 in
1166 2507 1259 2570 schol.
1288 2509 1376 2570 adv.
1403 2510 1467 2573 274

307 2618 481 2685 memorata,
506 2627 568 2671 non
593 2608 826 2689 interpolationis
852 2608 1054 2688 suspicionem
1079 2610 1191 2689 prodit,
1217 2610 1269 2672 sed
1294 2618 1408 2673 aarum
1429 2613 1466 2675 ad

308 2712 398 2775 unius
428 2713 560 2776 vocabuli
589 2731 678 2775 usum
708 2713 834 2792 pertinet
859 2712 894 2772 ab
919 2710 1039 2773 Homeri
1070 2729 1209 2773 sermone
1237 2712 1377 2774 alienum:
1418 2708 1466 2777 To*

308 2812 514 2898 σημεῖονΉ),
531 2806 584 2876 ὅτι
606 2805 771 2877 οὐδέποτε
783 2804 928 2897 ’Όμηρος
949 2805 1066 2891 νόμον
1086 2800 1171 2875 εἶπε.
1201 2815 1255 2876 Est
1269 2813 1327 2875 boc
1340 2815 1466 2877 tortasse

308 2935 343 2978 ex
357 2915 516 2977 Aristonici
537 2907 689 2999 σημείοις
705 2905 870 2976 Ἡσιόδου
884 2913 1078 2994 pouitom²⁸)‚
1097 2915 1176 2977 uude
1191 2915 1354 2978 observatio
1373 2934 1465 2996 qure-

309 3018 389 3092 dam,
410 3017 446 3079 de
466 3018 561 3078 forma
575 3014 707 3077 vocabuli
722 3011 864 3092 λοχεοῖο,
890 3016 976 3077 etiam
996 3015 1026 3077 in
1045 3017 1137 3079 sobol.
1163 3017 1198 3078 ad
1219 3017 1331 3095 Theop.
1351 3037 1376 3078 v.
1405 3018 1465 3081 178

307 3119 427 3181 fluxisse
441 3118 530 3181 uideri
545 3124 653 3198 potest.
664 3151 707 3162 -
721 3116 780 3177 Sed
795 3116 915 3197 spurios
931 3116 1080 3179 nonnullis
1095 3118 1175 3179 visos
1186 3136 1253 3179 csse
1267 3118 1342 3180 duos
1355 3137 1466 3192 uersus,

308 3220 355 3300 qui
377 3229 448 3283 sunt
462 3221 534 3282 244.
550 3219 625 3293 aab,
644 3237 679 3280 ex
693 3218 790 3280 Procli
805 3218 919 3280 scholio
935 3218 1066 3298 colligas:
1094 3214 1147 3281 dei
1169 3214 1205 3281 dd
1225 3213 1406 3282 συνάπτειν
1425 3214 1466 3282 τὸ

429 3317 527 3402 λιμὸν
549 3311 633 3401 ὁμοῦ
654 3315 712 3381 καὶ
733 3313 856 3399 λοιμόν,
880 3310 1163 3405 ἀποφθινύθουσι
1185 3314 1229 3383 dd
1243 3313 1329 3397 λαοί,

309 3418 397 3500 (τούς
417 3416 452 3485 ἐν
472 3419 610 3495 πολλοῖς
631 3413 828 3506 φερομένους
851 3413 911 3483 δύο
933 3413 1064 3498 στίχους
1083 3412 1295 3508 ὑπερβάντος)
1318 3418 1375 3485 καὶ

429 3514 453 3611 ἢ
472 3521 574 3606 roivya
595 3516 735 3608 saperda
756 3512 849 3603 εὐρὺν
870 3511 1048 3598 ἀπώλεσεν,

261 3639 291 3690 19
309 3624 368 3690 καὶ
389 3622 431 3690 τὰ
453 3619 597 3712 blidam).
642 3625 717 3687 Nam
736 3641 827 3704 quum
847 3623 882 3686 iu
906 3623 1030 3687 multis
1057 3626 1270 3707 exemplaribus
1295 3627 1360 3691 illos
1384 3627 1462 3690 duos

375 3869 417 3934 27)
437 3869 479 3919 Sic
495 3874 565 3919 recte
584 3868 608 3920 in
620 3867 691 3919 codd.
704 3867 836 3935 scriptum,
853 3867 984 3919 subandito
996 3868 1096 3921 scilicet
1107 3870 1184 3920 verbo
1197 3864 1378 3939 nupciarum,
1397 3872 1465 3938 qnod

306 3971 385 4020 genus
398 3954 503 4021 dicendi,
513 3954 556 4005 vel
568 3970 583 4005 c
595 3953 699 4006 Venetis
711 3952 736 4004 in
748 3952 881 4005 llomerura
897 3953 1000 4004 scholiis
1018 3954 1187 4019 notissimam,
1203 3955 1306 4005 mirera
1320 3953 1465 4006 Gaisl'ordio

307 4047 334 4090 et
347 4040 491 4093 Vollbebrio
508 4040 649 4104 ἰςοοιιιισι
665 4054 736 4104 essa,
755 4038 797 4103 qui
813 4046 1010 4105 recuperantes
1028 4038 1124 4091 Heinsii
1141 4040 1296 4092 coniectura:
1314 4041 1398 4092 τοῦτο
1415 4054 1467 4105 ση-

306 4128 435 4194 μείωσιν.

376 4212 417 4275 aa>
437 4210 475 4261 Ci.
488 4209 576 4261 Lehrs
588 4210 619 4259 dc
631 4208 770 4259 Aristarch.
783 4210 849 4261 stud.
861 4209 931 4260 llam.
944 4227 967 4277 p.
981 4210 996 4260 2
1009 4218 1035 4262 et
1047 4227 1070 4277 p.
1085 4210 1108 4261 7.

375 4296 416 4357 29)
436 4296 514 4346 liccat
526 4296 600 4358 vulgo
611 4293 700 4359 copula
712 4300 769 4344 ante
779 4309 879 4346 versum
887 4295 1003 4356 altorum,
1016 4309 1087 4362 quam
1096 4295 1190 4347 addidit
1198 4295 1327 4347 Vollbehr.
1348 4294 1467 4347 Alterum

308 4381 421 4432 mendum
433 4383 493 4437 τοῖς
504 4407 534 4416 -
549 4379 720 4451 φερομένοις
735 4377 784 4431 iam
797 4378 1007 4447 wyttenbachius
1019 4380 1146 4446 currant,
1158 4381 1190 4432 ad
1201 4376 1328 4432 Plutarch.
1341 4386 1393 4431 ton
1404 4380 1467 4444 Ἢ

308 4482 332 4537 p.
347 4464 404 4518 767.
