3276 5144
700 467 852 565 Q..

282 655 378 721 Etiam
399 653 435 717 de
453 655 596 718 infinitivo
616 675 632 719 e
651 657 801 721 nonnullis
823 655 893 720 olim
909 656 1076 719 dubitatum
1092 662 1147 731 est,
1162 674 1200 718 an
1214 654 1359 718 adverbiis

196 756 296 840 potius
311 775 401 838 quam
415 758 511 820 verbis
525 759 671 821 accenseri
686 757 868 839 deberent).
891 759 1077 821 Manifestum
1089 765 1135 819 est
1145 764 1243 820 autem
1255 758 1359 820 hunus-

197 860 278 922 modi
304 859 516 923 dubitationem
537 862 649 924 moreri
672 879 731 924 uon
748 862 878 941 potesse
899 861 957 922 nisi
972 861 1007 922 ab
1023 860 1067 933 iis,
1094 860 1144 940 qui
1159 861 1191 921 in
1204 860 1360 940 utriusque

197 961 289 1042 partis
303 962 424 1024 notione
439 963 602 1025 delinienda
617 984 633 1024 a
647 963 787 1026 tralaticia
801 963 1060 1043 grammaticorum
1077 962 1207 1023 doctrina
1222 961 1360 1024 dissenti-

197 1072 273 1126 rent.
303 1065 443 1127 Reiutare
462 1084 513 1127 eos
529 1065 700 1145 Apollonius
716 1074 849 1139 conatur,
870 1066 906 1127 de
921 1074 1031 1126 constr.
1047 1065 1096 1133 tlt,
1121 1064 1169 1138 13,
1192 1083 1294 1126 rerum
1309 1064 1361 1138 ita,

196 1173 232 1227 ut
245 1183 301 1228 nec
314 1167 453 1237 rationes,
475 1186 547 1247 quas
562 1168 601 1229 illi
616 1168 710 1230 secuti
723 1169 793 1243 siut,
815 1168 892 1230 bona
905 1169 963 1230 tide
979 1186 1082 1230 omnes
1098 1166 1243 1238 retulisse,
1263 1183 1361 1247 neque

196 1286 256 1340 eas,
271 1287 344 1349 quas
359 1269 466 1341 retulit,
482 1270 552 1330 satis
570 1269 662 1331 firmis
677 1270 856 1350 argumentis
876 1271 1063 1351 impugnasse
1080 1267 1220 1330 rideatur.
1248 1268 1361 1331 Nolue-

197 1377 278 1443 runt,
294 1370 397 1451 inquit.
413 1371 588 1433 infinitivum
604 1390 658 1452 pro
675 1373 762 1434 veruo
779 1372 879 1433 itaberi
893 1381 1058 1453 propterea,
1076 1372 1156 1450 quod
1172 1381 1202 1432 ct
1215 1372 1360 1455 ψυχικῆς

199 1466 385 1546 διαθέσεως
400 1473 443 1553 (h.
459 1493 484 1535 e.
500 1474 690 1547 modalitatis)
711 1473 921 1553 significatione
943 1482 974 1535 et
985 1492 1186 1553 personarum
1205 1492 1239 1534 ac
1253 1491 1360 1536 nume·

197 1592 300 1636 rorum
326 1575 574 1637 discriminatione
599 1582 720 1645 careret,
742 1576 868 1658 ideoque
887 1595 948 1639 non
968 1575 1068 1637 minus
1088 1576 1208 1638 averho
1229 1574 1361 1639 diversus

199 1684 277 1739 esset
291 1695 380 1758 quam
395 1678 593 1759 participium,
609 1678 689 1759 quod
704 1678 742 1740 ab
756 1698 792 1741 eo
806 1681 1001 1760 separandum
1017 1698 1082 1741 esse
1097 1679 1175 1741 iuter
1188 1664 1361 1759 grammati·

199 1798 250 1842 cos
265 1780 435 1841 consuis:
452 1780 556 1842 deinde
571 1779 719 1842 diversum
735 1801 750 1844 a
766 1795 863 1856 veruo,
884 1782 1010 1844 sinotum
1025 1789 1124 1844 autem
1140 1780 1277 1843 adverbio
1292 1781 1361 1843 infi-

198 1881 325 1943 nitirum
340 1881 507 1944 habendum
522 1901 588 1945 csse
603 1891 768 1964 propterea,
791 1883 869 1963 qttod
884 1884 919 1945 ed
936 1884 1028 1945 instar
1041 1882 1168 1944 adverbii
1184 1901 1251 1944 cum
1266 1883 1361 1945 verbis

200 1992 436 2047 construeretur:
464 2001 534 2047 num
563 1985 639 2047 sicut
668 1975 832 2069 ἓλλρνισιὶ
859 1978 972 2066 λέγεις,
994 1976 1082 2062 λέγει
1105 1991 1170 2057 etc,
1201 1984 1244 2047 sic
1272 1985 1361 2047 etiarn

200 2079 339 2168 γράφειν
360 2078 462 2161 otto,
484 2081 597 2160 θέλεις
619 2086 684 2158 dici,
709 2085 791 2147 uerba
808 2094 906 2147 autem
923 2103 991 2146 cum
1008 2084 1102 2146 teritis
1117 2085 1250 2164 quamvis
1266 2085 1360 2147 diver·

198 2206 302 2251 sorum
322 2188 479 2250 modorum
500 2189 543 2250 sic
562 2206 622 2251 non
638 2187 778 2261 construi,
804 2205 900 2266 reque
916 2205 1094 2268 quemquam
1110 2188 1206 2251 dicere
1222 2181 1363 2271 γράφεις

200 2284 313 2365 λέξαις
335 2298 386 2352 aut
408 2283 547 2372 γράφεις
568 2284 686 2364 θέλοις
701 2310 735 2353 ac
755 2289 869 2351 similia.
899 2288 949 2350 ttts
965 2289 1043 2369 quod
1058 2289 1188 2370 primum
1204 2290 1363 2370 opponitur

200 2392 237 2455 nb
259 2392 423 2473 Apollonio,
450 2393 515 2475 dici
528 2400 629 2455 tamen
648 2386 705 2454 ἐὰν
727 2382 950 2473 α’ναγινῶσκρς
971 2384 1124 2475 πρόσεχε,
1147 2385 1204 2455 ἐὰν
1226 2388 1361 2477 διαλέγῃ

200 2487 382 2578 ἐπίστρεφε
403 2488 550 2568 σεαυτόν,
572 2495 772 2557 futilissimum
799 2502 852 2556 est.
891 2493 934 2555 llii
959 2492 1038 2553 enim
1063 2493 1099 2554 de
1126 2493 1268 2556 eiusmodi
1289 2511 1361 2556 con-

199 2599 359 2659 structione
374 2597 579 2677 loquebantur,
602 2616 676 2676 (puae
693 2615 780 2659 uuam
795 2596 958 2678 simplicem
973 2596 1207 2658 enuntiationem
1223 2596 1361 2671 efficeret,

199 2698 370 2779 Apollonius
398 2704 495 2760 aulem
523 2701 608 2782 plane
633 2699 738 2762 diversi
764 2699 879 2780 generis
901 2698 1034 2778 exempla
1051 2699 1183 2781 opponit,
1210 2698 1362 2779 inquibus

200 2798 274 2861 duae
294 2800 509 2862 enuntiationes
524 2819 578 2881 per
592 2802 827 2864 coniunctionem
843 2803 920 2867 iuter
935 2820 967 2863 se
982 2798 1210 2875 nectunturtlt.
1241 2800 1363 2863 Gravius

200 2910 245 2964 est
259 2902 400 2964 alterum:
421 2919 459 2963 ue
475 2901 641 2964 istiusmodi
660 2903 779 2983 quidem
798 2903 1047 2967 constructionem
1066 2903 1278 2964 infinitirorum
1294 2920 1363 2965 cum

200 3004 281 3066 omni
297 3005 454 3067 verborum
484 3021 599 3083 genere,
627 3003 678 3065 sed
703 3023 772 3067 cum
797 3006 832 3068 iis
852 3012 978 3079 tansum,
1005 3024 1081 3087 quae
1103 3002 1362 3088 npourpaunois

198 3106 377 3169 voluntativa
392 3106 460 3180 sint,
476 3114 556 3168 recte
566 3108 740 3187 procedere:
756 3108 908 3168 nonenim
919 3116 953 3168 ut
965 3104 1058 3169 atto
1071 3101 1209 3191 γράφειν
1221 3107 1263 3169 εἰσ
1273 3107 1365 3170 etiam

198 3204 312 3273 τύπτω
328 3202 469 3294 γράφειν
493 3209 551 3270 dici
566 3227 661 3290 posse,
689 3209 836 3271 diuersum
862 3210 960 3291 itaque
981 3210 1159 3271 infinitivum
1175 3208 1211 3270 ab
1226 3208 1363 3273 adverbio

199 3330 272 3385 esse,
288 3311 371 3374 cuius
387 3330 454 3373 cum
470 3311 566 3373 veritis
582 3313 762 3374 constructio
778 3318 839 3373 tam
855 3312 926 3373 artis
942 3311 1049 3372 liuiuus
1064 3329 1125 3372 non
1138 3311 1362 3374 circumscriba-

199 3421 257 3475 tur.
293 3413 414 3475 Poterat
439 3420 539 3476 autem
566 3412 653 3474 etiam
678 3412 747 3473 huic
773 3412 929 3475 obiectioni
947 3413 1128 3494 responderi,
1155 3414 1286 3494 primum
1301 3431 1364 3476 non

198 3513 295 3577 solum
311 3515 571 3578 cumuoluntatiuis
586 3515 738 3577 sedetiam
754 3534 822 3578 cum
834 3515 897 3576 aliis
907 3515 1002 3577 verbis
1016 3516 1171 3595 permultis
1187 3516 1363 3578 infinitivum

199 3616 340 3693 construi,
353 3618 431 3680 'velut
441 3636 510 3680 cum
522 3612 675 3698 δύναμαι,
692 3607 813 3690 εἴωθα,
825 3608 1000 3701 φαίνομαι,
1016 3614 1113 3691 δοκῶ,
1129 3609 1258 3697 οἴομαι,
1275 3605 1362 3692 οἶδα,

267 3870 310 3935 29)
330 3870 425 3925 Contra
441 3875 485 3925 hos
497 3874 667 3940 disputatura
679 3873 818 3937 Macrobio,
832 3874 862 3925 de
874 3874 925 3925 diff.
939 3881 966 3926 et
978 3889 1030 3924 soc.
1043 3873 1129 3937 gmeci
1143 3874 1264 3942 latinique
1276 3874 1361 3942 verbi,

198 3973 221 4009 c.
236 3955 268 4008 19
280 3964 340 4009 tom.
352 3956 362 4008 l
375 3975 397 4023 p.
410 3958 469 4011 263.
482 3958 533 4010 len.
546 3968 572 4012 ut
584 3961 615 4011 nb
627 3961 795 4025 incertumst.
809 3961 840 4012 dc
854 3961 930 4012 verbu
943 3977 965 4012 e.
980 3961 1003 4011 6.
1017 3959 1051 4010 ib.
1065 3974 1088 4023 ρ.
1102 3959 1160 4010 tut.
1184 3959 1223 4013 Cf.
1237 3960 1359 4012 Priscian.

198 4039 291 4105 XVill,
303 4042 336 4093 64
348 4057 371 4108 p.
382 4042 432 4093 tan
443 4043 520 4094 Hertz
539 4053 564 4095 et
574 4043 741 4097 Choeroboso.
752 4047 778 4097 in
786 4046 864 4097 nott.
876 4046 968 4099 doeed.
980 4043 1019 4095 lii.
1031 4060 1054 4110 p.
1068 4045 1133 4096 tuto
1143 4061 1178 4112 sq.
1190 4046 1240 4109 lubi
1250 4060 1274 4110 p.
1286 4044 1360 4110 tuto,

199 4128 274 4192 ὄρεα
286 4128 332 4178 nol
344 4123 398 4199 γὰρ
411 4129 487 4180 scrin.
500 4125 569 4179 ἀλλὰ
581 4126 637 4197 γὰρ
649 4137 675 4179 et
687 4145 711 4179 v.
728 4129 759 4180 ts
781 4124 878 4198 ὥσπερ
899 4125 915 4196 ἢ
932 4130 1038 4198 χρῶμα
1055 4124 1072 4194 ἢ
1085 4125 1215 4194 λευκότης
1227 4127 1295 4181 ποτὲ
1306 4127 1362 4198 μὲν

199 4208 229 4263 ἔν
240 4228 296 4263 τινι
308 4217 464 4281 θεωρεῖται,
478 4212 546 4265 ποτὲ
560 4211 591 4265 dt
603 4209 642 4281 peip
657 4211 671 4263 ἔ
677 4229 692 4264 ν
703 4216 778 4277 τινι.)

267 4296 310 4362 30)
329 4294 390 4349 Δύο
411 4296 467 4367 γὰρ
486 4295 595 4370 ῥήματα
616 4291 750 4364 αὐτοτελῆ
770 4297 801 4351 ἐν
820 4296 862 4350 ἑνὶ
881 4295 956 4368 λόγῳ
978 4295 1030 4367 οὔχ
1047 4293 1221 4370 εὑρίσκεται,
1239 4307 1311 4352 recte
1326 4300 1364 4352 ait

199 4382 277 4435 tobei
292 4382 396 4452 Dionys.
409 4398 433 4450 ρ.
445 4384 505 4450 sta,
516 4384 544 4436 2:
561 4385 639 4452 igitur
651 4383 676 4434 ai
685 4382 764 4456 ῥῆμα
776 4382 928 4450 infinitivus,
945 4392 1016 4437 corte
1028 4378 1173 4442 αὐτοτελὲς
1184 4383 1262 4454 ῥῆμα
1275 4384 1364 4440 imeri

200 4481 249 4517 non
261 4474 354 4533 potest.
