3276 5144
838 472 989 571 „²2⁸-

328 662 447 745 prnpric
462 660 546 724 dictis
560 661 628 723 addi
642 659 738 723 solent
747 661 807 735 ι4),
824 660 957 741 quamvis
971 679 1032 725 non
1045 664 1194 743 ignoraret
1207 664 1296 727 etiarn
1311 664 1491 747 appellativis

329 774 360 827 ct
377 764 525 828 adiectivis
545 763 714 826 nominibus
734 763 863 842 ipsisque
878 763 951 825 adso
967 765 1110 827 adverbiis
1124 767 1260 829 adverbia
1274 784 1490 849 nonnunquam

328 866 404 930 addi.
435 866 547 941 Quodsi
568 866 633 945 quis
653 873 754 926 tamen
773 865 953 945 probabilius
967 866 1023 928 sibi
1037 868 1128 929 videri
1143 867 1229 945 dicat,
1244 869 1373 931 nominis
1388 869 1490 930 inven-

328 977 426 1031 torem
440 968 520 1031 illsm
535 967 670 1029 letiorem
686 959 832 1049 ῥήματος
843 966 1086 1048 significationem
1099 970 1134 1030 de
1146 988 1204 1050 qua
1214 989 1303 1050 supra
1315 971 1427 1033 dictum
1439 979 1489 1044 ost,

328 1072 359 1132 in
369 1079 467 1133 mente
478 1068 623 1139 babuisse,
635 1067 771 1146 redargui
782 1075 860 1129 certe
872 1086 932 1130 non
943 1072 1052 1150 poterit
1062 1074 1120 1152 15).
1134 1106 1179 1116 -
1193 1072 1322 1135 Omnino
1335 1082 1434 1134 autem
1446 1072 1491 1134 ta-

328 1175 451 1236 tendum
466 1179 512 1234 est
526 1172 603 1233 banc
616 1171 652 1233 de
667 1170 810 1231 adverbiis
825 1170 989 1234 doctrinam
1005 1174 1379 1252 grammaticorumfflmultis
1395 1174 1491 1235 modis

328 1275 505 1356 reprehendi
518 1293 615 1356 posse,
632 1293 726 1355 quum
740 1282 770 1335 ct
785 1275 973 1336 confuderint
988 1277 1092 1338 diversi
1107 1276 1224 1357 generis
1238 1295 1334 1359 voces,
1348 1293 1445 1356 nsque
1459 1294 1491 1337 ca

329 1398 404 1459 quac
418 1378 482 1440 iure
496 1379 631 1440 adverbia
647 1378 703 1439 dici
717 1377 819 1440 liceret
833 1378 905 1441 satis
920 1378 1013 1458 perite
1023 1378 1054 1439 in
1065 1378 1177 1458 specics
1189 1397 1257 1439 suas
1268 1377 1490 1459 dispescuerint

328 1483 425 1561 Atque
440 1481 464 1543 is
479 1481 551 1562 ipse,
567 1481 618 1562 qui
632 1499 649 1542 a
664 1479 812 1560 plerisque
827 1488 949 1559 propter
962 1478 1155 1542 subtilitatem
1176 1479 1288 1541 laudari
1301 1479 1386 1552 solet,
1402 1478 1492 1559 spol-

327 1583 425 1647 lonius
440 1581 591 1663 Dyscolus,
606 1580 697 1643 iubis
712 1600 787 1661 quac
802 1582 838 1643 de
853 1581 997 1643 adverbiis
1012 1582 1153 1663 praecipit
1168 1581 1214 1642 vir
1229 1582 1350 1661 dignum
1360 1601 1394 1642 ea
1408 1580 1492 1642 laude

328 1705 361 1748 se
374 1690 511 1766 praestat.
541 1684 746 1746 Definitionem
768 1684 908 1764 proponit
927 1684 1080 1763 hanolilt
1106 1677 1195 1747 ἔστιν
1217 1677 1384 1765 ἐπίρρημα
1405 1678 1492 1758 λέξις

328 1777 463 1861 dolosos
487 1784 716 1869 κατηγοροῦσα
742 1782 806 1847 τῶν
833 1779 868 1847 ἐκ
892 1785 963 1859 τοῖς
984 1777 1128 1868 ῥήμασιν
1148 1778 1320 1866 ἔγκλίσεων
1342 1777 1492 1847 καθόλου

328 1879 351 1973 ἢ
372 1885 524 1972 μερικῶς,
553 1874 598 1948 ὧν
621 1878 697 1950 ἄνευ
718 1879 757 1951 oe‘·
779 1882 988 1950 κατακλεῖσαι
1012 1882 1176 1961 διάνοιαν,
1203 1888 1234 1951 in
1250 1905 1308 1968 qua
1323 1887 1492 1949 definitione

328 1988 419 2075 ῥῆμα
432 1992 506 2054 nilvil
520 1991 689 2069 aliudesse,
704 2010 794 2071 quarn
810 1992 889 2071 quod
904 1992 1024 2071 proprie
1038 1991 1147 2052 verbu
1158 2009 1188 2051 m
1203 2009 1220 2053 a
1234 1990 1432 2070 grammaticis
1447 1989 1493 2051 di·

327 2093 413 2168 citur,
435 2093 626 2163 manifestum
648 2101 702 2155 est.
731 2093 838 2155 Omisit
860 2094 947 2173 igitur
961 2093 1132 2174 Apollonius
1148 2093 1293 2176 participii
1308 2092 1491 2155 mentionem

326 2197 432 2270 iacere,
448 2197 563 2277 abipso
578 2196 686 2258 siouta
701 2196 805 2257 ceteris
827 2196 1026 2275 grammaticis
1048 2214 1111 2257 non
1124 2196 1188 2258 sine
1204 2215 1290 2258 causa
1306 2215 1323 2258 a
1338 2195 1427 2257 verbo
1443 2216 1491 2257 se·

326 2299 428 2372 innoti,
444 2299 495 2360 sed
515 2298 562 2362 cui
582 2316 643 2360 non
663 2299 762 2360 minus
787 2305 887 2359 tamen
902 2316 993 2378 quam
1008 2298 1096 2361 verbo
1112 2298 1249 2360 adverbis
1263 2297 1330 2360 addi
1345 2316 1415 2361 mox
1430 2297 1493 2380 ipse

327 2403 472 2479 doceffl)
498 2401 623 2480 ideoque
644 2399 844 2465 definitionem
865 2418 949 2462 suavn
972 2400 1030 2462 hoo
1045 2400 1162 2463 delectu
1176 2401 1310 2463 laborare
1326 2400 1492 2461 confitetur.

327 2503 436 2567 Omisit
460 2521 548 2583 porro
573 2502 664 2564 ctiam
683 2501 853 2563 nominibus
875 2501 1006 2582 ipsisque
1024 2503 1098 2565 adeo
1119 2502 1261 2565 adverbiis
1276 2502 1411 2565 adverbia
1428 2503 1493 2565 addi

326 2624 424 2687 posse,
438 2603 519 2665 velut
530 2622 622 2684 quum
637 2602 763 2664 dicimus
773 2597 864 2680 μάλα
875 2600 1006 2678 πολλοί,
1021 2597 1180 2678 ἐπιεικῶς
1194 2599 1343 2688 σώφρων,
1360 2598 1494 2687 σφόδρα

327 2702 436 2781 καλῶς
447 2725 481 2767 ao
495 2704 611 2767 similia.
640 2704 826 2783 Quamquam
842 2704 913 2765 haec
928 2705 1028 2767 vninus
1043 2706 1242 2786 reprehendo:
1264 2707 1398 2768 excusari
1412 2707 1494 2768 enim

328 2808 425 2889 ε11ηαο
440 2808 531 2870 modo
546 2814 682 2886 possunt,
703 2812 733 2867 et
752 2806 922 2867 communia
944 2817 1015 2869 suut
1028 2808 1184 2889 Apollonio
1205 2827 1273 2872 curu
1289 2807 1403 2870 esteris.
1435 2809 1495 2871 Sed

327 2910 407 2992 quod
427 2909 483 2971 sibi
504 2908 656 2990 proprium
672 2907 770 2981 babet,
791 2908 829 2969 ad
844 2907 950 2971 modos
965 2911 1122 2973 verborum
1137 2910 1284 2991 pertinere
1299 2930 1323 2972 s.
1340 2910 1490 2973 demodis

326 3011 435 3091 aliquid
455 3011 567 3074 edicere
587 3009 730 3085 adverbia,
758 3010 867 3072 mirum
888 3018 1031 3091 quantum
1052 3030 1069 3073 a
1088 3015 1210 3073 veritate
1228 3012 1378 3074 abhorret.
1415 3012 1493 3076 Nam

325 3116 464 3196 pleraque
484 3113 635 3186 adverbia.
653 3132 688 3174 ea
709 3114 810 3194 utque
832 3112 940 3186 omnia,
968 3131 1041 3194 quae
1060 3112 1128 3187 loci,
1156 3114 1309 3195 temporis,
1333 3115 1492 3195 qualitatis,

327 3216 500 3298 quantitatis
518 3214 761 3295 significationem
780 3214 899 3288 habent,
921 3233 1043 3295 prorsus
1058 3214 1131 3276 nibil
1145 3215 1181 3277 ad
1196 3217 1353 3279 modorum
1370 3219 1438 3291 vim,
1460 3219 1491 3280 la

326 3337 352 3379 e.
367 3318 404 3379 ad
418 3317 620 3380 modalitatem
631 3317 848 3389 enuntiationis,
862 3317 1020 3396 pertinent,
1036 3317 1087 3378 sed
1102 3319 1309 3380 tantummodo
1322 3318 1357 3380 ad
1369 3320 1492 3382 actionis

326 3418 493 3491 notionem,
519 3438 594 3500 quae
619 3419 651 3481 in
676 3437 794 3499 quoque
815 3419 904 3482 verbo
918 3420 1004 3494 inest,
1030 3426 1215 3500 possuntque
1240 3430 1396 3503 propterea
1421 3441 1492 3485 cum

326 3588 529 3605 ..ιι-ι.-

398 3697 441 3763 11)
459 3697 512 3751 llvvc
528 3697 698 3764 grrmmatioi,
720 3714 825 3765 qnorum
841 3699 999 3751 definitiones
1016 3706 1119 3765 extant,
1135 3715 1220 3751 omnes
1238 3700 1400 3766 prolitentnr.
1427 3702 1487 3757 vil.

325 3782 432 3852 Dionys.
443 3781 505 3835 Thr.
517 3800 542 3851 p.
555 3782 614 3835 641.
641 3783 724 3835 Soloi.
737 3784 809 3836 Dion
821 3802 844 3853 p.
857 3785 917 3851 924,
931 3785 955 3836 ³.
968 3784 1027 3849 stt,
1041 3783 1083 3835 28.
1096 3785 1155 3849 933,
1169 3784 1209 3836 18.
1221 3784 1303 3837 stall.

396 3870 438 3935 15)
456 3870 478 3920 Α
490 3867 655 3936 pbilosophis,
666 3871 691 3921 b.
704 3886 726 3922 c.
739 3877 768 3922 ut
779 3871 893 3923 arbitror
905 3870 1034 3934 ostricie,
1045 3870 1166 3921 adverbis
1178 3870 1255 3921 etiam
1264 3872 1378 3936 generali
1387 3874 1488 3925 nomino

325 3950 543 4023 κατηγορήματα
561 3955 659 4021 pariter
674 3971 730 4007 cnm
747 3955 833 4008 verbis
850 3953 976 4022 appellata
992 3969 1049 4006 esso
1065 3954 1140 4006 docet
1156 3954 1239 4005 Sobel.
1252 3955 1324 4008 llion.
1337 3972 1361 4023 p.
1375 3958 1435 4023 932,
1450 3960 1490 4011 15.

325 4041 361 4094 llt
372 4047 477 4106 apparet
488 4038 643 4110 ἐπίρρημα,
661 4041 684 4092 si
696 4042 745 4092 vim
757 4042 829 4093 vocis
840 4041 920 4106 ipsam
931 4056 977 4108 per
988 4057 1017 4092 sc
1029 4047 1181 4107 spectemus,
1199 4041 1264 4092 idcvn
1285 4045 1349 4109 quod
1362 4057 1491 4114 προσκα-

325 4122 472 4195 κηγόρημα
484 4125 627 4188 significare
640 4141 726 4192 posse,
739 4128 804 4178 nnvlc
823 4128 897 4179 etiam
909 4126 1061 4177 infinitivum
1073 4141 1086 4176 ε
1100 4123 1226 4176 nonnullis
1239 4123 1381 4199 ἐπίρρημα
1392 4130 1489 4181 dictum

327 4227 383 4264 csso
394 4227 454 4263 mox
465 4209 616 4276 videbimus,
633 4218 660 4263 ct
672 4228 687 4262 a
699 4211 740 4263 ns
754 4210 851 4264 Gslcno
868 4213 974 4265 verbum
985 4206 1054 4276 ἔστι,
1066 4210 1108 4262 ubi
1122 4225 1167 4276 pro
1179 4211 1270 4279 copula
1281 4220 1330 4277 cst,
1342 4211 1490 4288 ἐπίρρημα

326 4297 376 4349 dici
387 4296 470 4366 paullo
483 4305 541 4349 anta
553 4296 756 4349 memoravimus.

397 4381 438 4445 16)
456 4382 494 4433 lic
505 4382 620 4447 adverb,
633 4383 658 4433 in
670 4382 777 4435 Bektcri
790 4383 883 4436 Anocd.
896 4381 918 4435 ll
930 4399 953 4449 p.
964 4383 1024 4437 529.

395 4468 437 4533 17)
454 4466 484 4519 L.
497 4465 514 4518 l.
527 4484 552 4535 p.
566 4468 624 4535 5³0,
637 4468 679 4521 25.
