3164 5138
858 464 903 531 84

780 552 979 564 ---,

298 643 415 736 ’ὥσπερ
437 685 481 695 -
501 643 618 735 φασίν,
643 668 678 713 ex
699 669 761 731 cap.
780 651 809 724 7,
830 651 859 723 6,
878 649 928 712 nbi
948 667 1072 730 prorsus
1092 648 1184 711 aliena
1204 655 1234 709 et
1252 645 1461 727 inexplicabilia

270 766 285 816 8
303 757 426 829 sunt²)‚
440 754 499 814 buc
513 754 709 815 transferrem.
755 753 830 814 Sunt
849 760 926 814 certe
945 752 1003 814 boc
1021 752 1086 813 loco
1103 759 1234 832 perapta,
1253 748 1410 828 siquidem,
1429 756 1462 811 ut

300 855 487 918 Hermannus
503 856 552 929 ait,
568 856 638 917 haec
652 864 698 916 est
711 854 874 917 Aristotelis
890 854 1045 927 sententia,
1065 854 1154 916 multa
1168 872 1203 914 ac
1217 852 1293 915 varie
1307 870 1396 932 posse
1410 850 1462 912 uni

302 958 448 1032 accidere,
468 959 714 1039 quemadmodum
734 966 837 1037 poetae
857 957 987 1038 (aliique,
1007 956 1130 1036 opinor,
1149 954 1232 1017 multi
1253 954 1283 1017 in
1303 953 1462 1027 narrando)

301 1060 492 1141 aliquando
509 1061 576 1123 boc
594 1060 739 1133 accidit,
759 1060 827 1121 alio
843 1068 1005 1138 ternpore
1024 1058 1109 1120 illud
1125 1065 1265 1137 gestum
1281 1063 1347 1129 est,
1367 1055 1462 1117 dicere

302 1164 424 1225 soleant.
468 1162 564 1227 Etiam
584 1163 701 1224 alteram
723 1162 937 1225 correctionem
955 1158 1004 1244 τῷ
1026 1153 1075 1222 ἑνί
1099 1179 1154 1241 pro
1173 1161 1223 1242 τῷ
1245 1152 1331 1240 γένει
1356 1176 1462 1238 parum

301 1264 392 1328 abluit
407 1265 478 1346 quin
492 1264 660 1343 reciperem.
697 1264 771 1326 Nam
787 1265 823 1326 de
836 1265 871 1326 iis
887 1272 1013 1337 mutum,
1028 1282 1103 1343 quae
1117 1263 1178 1325 uni
1193 1261 1333 1335 accidant,
1347 1278 1464 1321 sermo·

301 1385 369 1429 nem
392 1388 459 1429 esse
470 1375 601 1446 apparet,
616 1375 648 1427 ut
662 1368 792 1428 dativum
807 1367 886 1428 illum
903 1367 938 1428 ad
955 1359 1143 1446 συμβαίνει,
1165 1366 1266 1433 sinon
1287 1363 1401 1444 positus
1416 1363 1465 1435 sit,

304 1468 460 1531 subaudire
480 1477 577 1530 tamen
598 1468 765 1531 debeamus.
811 1469 868 1531 Sed
890 1487 981 1549 quum
1000 1468 1029 1529 id
1050 1468 1120 1530 satis
1139 1487 1192 1549 per
1211 1486 1244 1528 se
1264 1465 1463 1537 manifestum,

301 1589 395 1651 neque
410 1571 480 1632 illud
497 1562 623 1655 άπειρα
637 1574 687 1654 τῷ
702 1566 785 1653 γένει
802 1572 932 1651 ineptum
949 1571 996 1643 sit,
1012 1570 1146 1633 deserere
1160 1569 1294 1631 codicum
1309 1568 1464 1630 lectionem

301 1672 392 1735 nolui.
437 1676 571 1735 Ceterum
587 1675 722 1736 universa
737 1675 825 1736 huius
840 1674 895 1735 loci
911 1672 1055 1733 sententia
1070 1673 1140 1734 nibil
1162 1672 1347 1734 obscuritatis
1362 1670 1463 1731 babet:

302 1775 369 1855 quid
390 1782 488 1836 autem
510 1776 545 1836 ad
567 1777 706 1837 unitatem
727 1777 840 1839 tabulae
860 1775 1015 1856 pertineat,
1034 1774 1132 1853 paullo
1152 1784 1222 1854 post
1241 1774 1397 1854 exponitur
1415 1772 1463 1833 bis

301 1877 410 1938 verbis:
425 1874 484 1961 χρὴ
508 1864 571 1952 οὖν,
594 1873 754 1958 καθάπερ
776 1873 834 1939 καὶ
857 1871 891 1939 ἐν
911 1877 984 1952 ταῖς
1004 1868 1122 1950 ἄλλοις
1141 1876 1338 1960 μιμητικαῖς
1357 1868 1377 1959 ἦ
1399 1866 1465 1954 μία

299 1971 439 2060 μίμησις
464 1970 536 2052 ἑνός
563 1972 665 2055 ἐστιν,
694 1972 780 2041 οὕτω
807 1974 863 2040 καὶ
890 1974 947 2041 τὸν
971 1976 1097 2058 μῦθον,
1125 1972 1202 2041 ἐπεὶ
1229 1972 1381 2060 πράξεως
1403 1969 1465 2055 μί-

299 2073 399 2164 μησίς
422 2074 502 2154 ἐστι,
525 2077 607 2160 μιᾶς
628 2102 664 2143 τε
687 2070 772 2143 εἶναι
795 2077 853 2145 καὶ
874 2075 995 2165 ταύτης
1018 2072 1105 2164 ὅλης,
1128 2075 1243 2142 καὶτὰ
1264 2074 1345 2165 μέρη
1368 2097 1464 2141 συνο-

299 2176 418 2245 στάναι
433 2180 498 2244 τῶν
513 2179 716 2267 πραγμάτιον
731 2177 844 2258 οὕτως,
863 2176 949 2245 ὥστε
962 2175 1225 2261 μετατιθεμένου
1239 2178 1331 2256 τινὸς
1344 2176 1465 2263 μέρους

300 2274 323 2369 ἢ
338 2276 583 2367 ἀφαιρουμένου
600 2279 828 2367 διαφέρεσθαι
843 2281 901 2347 καὶ
915 2285 1086 2347 κινεῖσθαι
1101 2280 1140 2346 cd
1157 2277 1245 2345 ὅλον·
1265 2274 1286 2345 ὃ
1301 2280 1361 2366 γὰρ
1376 2302 1463 2365 προ-

300 2381 358 2447 σὸν
372 2375 394 2466 ἢ
408 2381 453 2467 μή
471 2382 597 2465 προσὸν
610 2380 711 2468 μηδὲν
726 2386 828 2458 ποιεῖ,
845 2378 1004 2469 ἐπίδηλον
1016 2380 1068 2447 ὅτι
1085 2378 1163 2448 οὐδὲ
1176 2381 1296 2469 μόριον
1308 2382 1367 2447 τοῦ
1382 2376 1463 2447 ὅλου

300 2481 438 2563 borist).
485 2488 682 2566 lleqnirnntnr
702 2507 770 2567 crgo
792 2490 862 2549 baec
877 2488 946 2562 duo,
962 2488 1091 2567 primum
1107 2496 1139 2549 ut
1154 2506 1212 2550 una
1227 2489 1265 2549 sit
1279 2490 1355 2550 actio
1369 2506 1464 2568 eaque

300 2600 370 2662 tota,
386 2592 415 2651 b.
427 2610 451 2651 e.
465 2611 479 2652 a
495 2591 640 2670 principio
657 2590 814 2651 aderitum
831 2589 885 2651 rite
901 2591 1032 2662 deducta,
1049 2590 1153 2652 deinde
1168 2599 1201 2652 ut
1215 2591 1347 2670 singulae
1362 2598 1462 2670 partes

302 2693 346 2754 sic
366 2693 442 2753 inter
457 2711 488 2753 se
504 2693 691 2766 cohaereant,
707 2692 830 2753 utnulla
845 2711 945 2754 earum
962 2701 1012 2754 aut
1027 2694 1182 2773 transponi
1197 2702 1247 2754 aut
1262 2694 1339 2754 demi
1355 2692 1463 2772 possit,

301 2796 370 2874 quin
385 2803 488 2867 totum,
503 2795 532 2855 h.
545 2815 569 2855 e.
582 2805 642 2856 tota
654 2794 738 2867 actio,
753 2795 897 2873 discrepet
912 2804 940 2856 et
955 2796 1152 2875 perturbetur.
1178 2794 1272 2855 Credo
1284 2802 1380 2856 eutem
1393 2795 1461 2856 dri-

301 2897 434 2958 stotelem
452 2896 607 2976 scripsisse
622 2892 664 2956 roi
678 2890 758 2979 μέρη
774 2892 967 2958 συνεστάναι
983 2892 1098 2961 ἐκτῶν
1113 2891 1327 2980 ττραγμάτιονε
1344 2915 1411 2959 nam
1428 2906 1463 2958 ut

301 3017 381 3061 nunc
392 3008 446 3070 est,
463 2999 609 3059 nonsatis
626 2997 763 3075 intelligo,
779 3017 831 3059 cur
847 3001 981 3062 maluerit
1002 2996 1044 3061 τὰ
1065 2995 1146 3083 μέρη
1168 2996 1233 3061 τῶν
1255 2994 1462 3080 πραγμάτων

301 3102 408 3173 dicere,
436 3119 521 3181 quam
548 3096 590 3161 τά
611 3094 693 3182 μέρη
715 3102 774 3184 τῆς
795 3096 948 3184 πράξεως
973 3101 1133 3163 autetiam
1158 3098 1218 3164 τοῦ
1237 3096 1359 3181 μάθον.
1407 3102 1463 3163 list

302 3205 378 3265 enim
398 3201 522 3281 μῦθος,
544 3211 577 3263 ut
596 3203 658 3281 ipse
680 3202 779 3263 delun
802 3224 826 3265 c.
848 3206 878 3275 6,
901 3208 930 3278 6,
951 3195 970 3288 ἡ
994 3198 1152 3278 σύνθεσις
1173 3201 1237 3265 τῶν
1259 3196 1464 3288 πραγμάτων

303 3310 352 3383 (cl.
379 3307 416 3366 ib.
444 3305 478 3366 8:
505 3295 524 3387 ἡ
550 3301 615 3365 τῶν
640 3299 842 3385 πραγμάτιον
872 3300 1037 3379 σύστασις,
1068 3306 1137 3366 item
1164 3312 1182 3383 d
1212 3306 1265 3366 12:
1290 3299 1464 3387 τραγῳδία

300 3400 418 3486 ἔχουσα
437 3408 549 3485 μῦθον
564 3401 620 3466 καὶ
644 3402 802 3468 σύστασιν
820 3401 1029 3490 πραγμάτιον,
1051 3415 1080 3469 et
1095 3408 1123 3480 7,
1141 3409 1173 3469 1:
1189 3401 1292 3469 ποίαν
1311 3403 1387 3469 τινὰ
1410 3404 1466 3471 δεῖ

299 3506 358 3593 τήν
379 3503 537 3569 σύστασιν
558 3496 642 3569 εἶναι
665 3506 730 3569 τῶν
753 3503 968 3591 πραγμάτιονς
990 3510 1116 3589 denique
1136 3511 1164 3583 6,
1188 3511 1225 3572 14
1242 3519 1396 3589 poetarum
1415 3520 1464 3573 est

298 3609 341 3673 τά
369 3603 549 3692 πράγματα
576 3602 800 3685 collocarat.)
833 3604 1013 3692 πράγματα
1037 3621 1134 3674 autem
1161 3622 1243 3685 sunt,
1269 3630 1464 3692 quaecunque

363 3847 388 3911 2)
399 3847 553 3910 Legitoribi:
565 3850 590 3901 ei
598 3844 652 3917 γὰρ
662 3845 718 3899 ἔδει
729 3842 828 3899 ἑκατὸν
836 3847 996 3917 τραγῳδίας
1006 3844 1201 3919 ἀγωνίζεσθαι,
1215 3845 1288 3918 πρὸς
1296 3843 1463 3918 κλεψύδραν

299 3926 335 3983 ἂν
345 3926 519 3999 ἠγωνίζοντο,
532 3926 628 4001 ὥσπερ
641 3934 713 3985 ποτέ
722 3934 766 3983 καὶ
779 3926 879 3983 ἄλλοτέ
888 3947 986 4002 φασιν.
1011 3935 1140 4001 fluctuoso
1154 3937 1214 3986 baec
1227 3935 1304 3987 verbs
1317 3935 1463 3999 signidem-e

298 4018 427 4067 videntur:
441 4017 499 4067 Wie
512 4035 540 4067 cs
552 4026 624 4068 sonst
635 4019 724 4068 einrnal
735 4017 800 4067 wohl
812 4019 952 4082 gescbcben
970 4020 1023 4071 scin
1041 4021 1102 4071 soll:
1119 4036 1220 4087 eamque
1233 4036 1286 4073 rem
1295 4021 1342 4073 sibi
1354 4036 1463 4087 prorsus

298 4102 442 4153 credibilem
454 4119 511 4153 esse
524 4105 665 4170 protitetnr.
702 4102 760 4153 tlibi
772 4103 870 4169 quidem
882 4105 967 4157 hercle
980 4123 1029 4156 non
1043 4106 1072 4157 lit
1084 4107 1139 4156 veri
1151 4106 1249 4157 similis.

365 4186 390 4252 3)
408 4187 491 4252 Volgo
509 4189 640 4239 scribitur:
660 4182 675 4238 δ
692 4186 747 4260 γάρ
765 4188 876 4256 προσὸν
893 4185 908 4255 ἢ
925 4187 965 4259 μὴ
983 4185 1093 4259 προσὸν
1109 4188 1200 4259 prdie
1220 4195 1301 4243 ποιεῖ
1315 4190 1463 4258 ἐπίδηλον,

297 4268 362 4324 οὐδὲ
383 4269 488 4342 μόριον
510 4275 558 4323 τοῦ
580 4267 648 4327 ὅλου
669 4273 755 4326 ἔστιν.
796 4275 887 4343 Recepi
909 4276 1106 4326 emendationem
1124 4276 1154 4325 ll.
1172 4275 1303 4339 Muelleri,
1324 4279 1348 4328 in
1371 4278 1462 4330 ntum.

295 4361 389 4425 antiqu.
401 4375 457 4409 nnn.
473 4360 537 4410 18⁴8
550 4376 574 4424 p.
588 4359 637 4409 518
649 4361 811 4428 propositam,
825 4362 857 4413 de
869 4363 939 4413 euius
952 4362 1061 4413 veritate
1073 4361 1104 4412 ab
1117 4363 1221 4414 attentis
1234 4364 1333 4428 uiridem
1344 4370 1371 4414 et
1383 4363 1464 4414 intel-

295 4444 429 4513 ligentibus
442 4445 578 4496 lectoribns
589 4445 698 4499 dubitari
710 4464 757 4498 non
769 4464 846 4514 posse
857 4449 977 4503 arbitror.
