3164 5138
853 432 873 496 6

286 631 319 685 ιιι
338 620 451 685 licuerit
470 632 573 702 poetae
591 622 650 684 hoo
671 620 904 685 subaudiendum
924 621 1011 684 nobis
1036 621 1208 699 relinquere.
1257 608 1323 683 Alii,
1350 612 1448 686 Sim*ta

285 735 344 786 tam
365 725 466 787 frivola
482 725 665 799 defensione,
681 726 775 806 ipsam
791 725 889 805 potius
905 725 1055 804 calginem
1070 725 1192 803 figurate
1206 716 1311 779 dictam
1326 726 1446 787 aecepe-

285 836 355 891 runt
381 828 418 890 de
444 828 549 890 timore
574 837 688 890 mentes
715 829 894 891 Graecorum
920 829 1004 907 quasi
1029 832 1213 894 occaecaute,
1241 839 1328 900 quem
1354 839 1446 901 qum

289 930 399 1010 Iupiter
417 930 561 1005 iniecerit,
583 935 621 1008 (v.
638 931 700 992 593
715 924 818 1011 θέλγε
839 925 877 992 dd
890 925 1001 1010 θυμὸν
1025 921 1204 1013 Ἀργείων),
1226 942 1307 986 nune
1319 923 1447 985 llinerra

286 1051 390 1097 rursus
402 1032 528 1096 adimere
540 1033 660 1096 dicatur.
687 1034 719 1094 ld
734 1032 945 1095 recentioribus
958 1032 1132 1111 quibusdam
1145 1029 1262 1110 placuit,
1276 1026 1447 1107 Hoeppenio

289 1134 391 1198 saltem
411 1143 440 1197 et
456 1137 577 1210 Bothio,
595 1137 717 1217 praeivit
731 1143 829 1198 autem
844 1137 902 1197 iam
916 1135 1101 1207 Eustathius,
1122 1132 1199 1213 apud
1220 1148 1307 1211 quem
1320 1128 1448 1191 Minerva

288 1229 367 1320 astp‘
388 1235 512 1324 φυσική
533 1233 701 1324 φρόνησις,
719 1239 810 1318 caligo
825 1240 922 1301 autem
937 1230 957 1322 ἦ
974 1232 1010 1313 ἐξ
1024 1227 1175 1317 ἀθυμίας
1190 1222 1329 1315 nixibus}
1353 1224 1448 1316 δίκην

289 1334 407 1425 νέφους
427 1337 477 1423 τῷ
499 1335 534 1403 ἐν
553 1332 632 1425 ἡμῖν
654 1333 785 1425 duranni
806 1334 1095 1422 dmrmpooda'oeoc.
1139 1338 1250 1399 Hocine
1268 1337 1356 1415 igitur
1374 1353 1446 1415 pro-

290 1443 439 1517 babimus,
466 1462 503 1505 an
530 1463 598 1506 eum
618 1444 718 1523 potius
744 1443 912 1517 audiemus,
933 1442 1066 1524 quisquis
1085 1441 1111 1503 is
1133 1449 1191 1515 est,
1211 1440 1294 1501 ouius
1309 1438 1339 1499 in
1355 1437 1447 1500 schol.

291 1546 396 1607 Victor.
421 1546 552 1626 suspicio
577 1546 725 1625 proditur:
745 1540 856 1627 λέγοις
878 1537 923 1620 ὦς
948 1538 1060 1607 λείπει
1081 1534 1165 1606 data
1186 1534 1375 1626 ποιήματα,
1398 1532 1448 1602 dc’

189 1732 195 1743 ,
288 1634 333 1709 ὦν
359 1641 543 1732 eleuthero
568 1646 682 1712 ταῦτα.
736 1650 848 1729 Nempe
874 1649 982 1711 laetum
1008 1658 1054 1709 est
1077 1647 1136 1708 hoc
1159 1645 1225 1707 loco
1251 1645 1343 1717 idem,
1369 1644 1448 1724 quod

289 1750 385 1829 paullo
405 1759 471 1814 ante
490 1751 521 1812 iu
541 1750 739 1831 Hyperenoris
757 1770 855 1833 pugna
876 1771 943 1814 cum
957 1751 1085 1813 Menelao
1101 1751 1209 1811 lactum
1224 1767 1290 1809 esse
1308 1746 1449 1827 suspicati

290 1871 410 1923 sumus,
433 1861 465 1913 ut
483 1873 517 1914 ex
537 1855 658 1934 antiquo
678 1855 806 1916 carmine
825 1864 908 1935 parte
926 1854 1020 1933 aliqua
1037 1858 1161 1925 resecta,
1180 1849 1321 1913 nonnulla
1341 1857 1448 1921 tamen,

290 1974 364 2035 quae
389 1953 457 2016 illue
482 1956 673 2036 respicerent,
700 1976 753 2037 per
778 1957 919 2019 incuriam
942 1956 1183 2038 relinquerentur.
1238 1954 1332 2033 Atque
1357 1951 1450 2013 simile

291 2056 360 2135 quid
375 2056 461 2117 eliam
476 2056 550 2119 libro
565 2060 612 2132 vl,
629 2059 690 2121 337
707 2059 846 2121 reddisse
861 2059 1006 2139 suspicor,
1026 2059 1078 2121 uhi
1093 2059 1165 2121 item
1179 2055 1315 2119 nonnulli
1328 2056 1365 2117 ad
1380 2055 1450 2117 illud

291 2177 379 2221 suum
412 2154 497 2221 κατὰ
523 2155 562 2222 τὸ
596 2154 811 2240 σιωπώμενον
843 2162 1025 2242 coaniunt.
1079 2161 1226 2224 Excitatus
1259 2158 1294 2221 ab
1327 2157 1451 2220 Hectore

292 2261 465 2335 Alexander,
491 2271 525 2323 ut
549 2264 580 2324 iu
604 2265 748 2344 proelium
774 2272 947 2339 revertatur,
975 2273 1109 2345 paratum
1136 2284 1168 2325 se
1192 2282 1271 2335 esse,
1297 2268 1326 2320 et
1350 2260 1451 2321 uxoris

260 2377 273 2425 7
293 2382 411 2443 quoque
424 2363 537 2426 blandis
552 2365 768 2428 hortationibus
783 2367 943 2447 impulsum
959 2368 1128 2448 respondet
1143 2362 1198 2427 υἷα
1216 2357 1255 2426 δέ
1274 2383 1315 2443 με
1330 2379 1452 2445 παρει-

293 2456 397 2527 rrobo'
424 2456 542 2543 ἄλοχος
567 2465 730 2548 μαλακοῖς
755 2463 909 2533 ἐπέεσσιν
935 2461 1063 2553 ὥρμησ’
1095 2463 1130 2543 ἐς
1161 2460 1315 2546 πόλεμον.
1364 2465 1451 2544 Atqui

292 2569 327 2630 de
342 2567 456 2629 blandis
470 2569 586 2648 quidem
601 2572 698 2633 verbis
713 2573 845 2648 Helenae,
861 2573 967 2653 quibus
982 2572 1028 2634 illa
1041 2570 1179 2632 maritum
1198 2569 1234 2631 ad
1249 2567 1450 2648 proeliandum

294 2671 407 2732 hortata
429 2671 480 2745 sit,
505 2673 578 2734 nihil
598 2674 756 2754 quidquam
777 2684 859 2737 antea
878 2682 1074 2736 memoratum
1100 2681 1153 2733 est
1197 2671 1334 2734 Oneravit
1352 2671 1451 2751 potius

292 2772 485 2834 Alexandrum
501 2774 649 2850 conviciis,
664 2778 807 2855 ignaviam
823 2776 1015 2857 exprobrarit,
1031 2794 1098 2837 curu
1114 2774 1250 2837 irrisione
1265 2774 1451 2835 acerbissima

293 2875 322 2948 „i
342 2882 439 2936 nuuc“
460 2876 531 2938 dixit
552 2880 646 2951 „oller
661 2887 688 2939 te
708 2898 812 2940 rursus
828 2879 863 2940 ad
878 2888 1023 2940 oertamen
1038 2877 1182 2949 Menelaum
1201 2895 1272 2938 sane
1287 2875 1451 2936 consultius

293 2976 356 3045 erit,
373 2977 420 3038 tali
436 2997 533 3056 pugna
548 2979 704 3053 abstinere,
720 2999 758 3041 ue
773 3000 843 3042 mox
861 2989 889 3042 te
899 2980 976 3042 illius
990 2981 1072 3043 hasta
1084 2985 1269 3060 prosternam
1284 2977 1331 3051 ΙΙΙ,
1347 2976 1451 3039 428-

293 3078 364 3140 436.
414 3079 493 3141 Haec
512 3101 599 3161 quam
619 3082 706 3161 longe
725 3100 741 3142 a
759 3081 873 3143 blandis
891 3081 988 3143 verbis
1013 3081 1201 3157 abhorreant,
1227 3081 1256 3142 in
1276 3088 1377 3160 aperto
1398 3088 1451 3141 est.

293 3181 485 3243 Statuendum
506 3182 593 3261 igitur
612 3192 662 3245 aut
679 3181 834 3245 mentitum
854 3202 919 3245 esse
940 3185 1134 3247 Alexandrum
1155 3192 1276 3265 propter
1295 3182 1451 3262 pudorem,

293 3292 342 3343 aut
357 3282 494 3344 Helenam
510 3295 580 3362 post
593 3284 793 3358 concubitum,
808 3305 894 3365 quem
911 3287 950 3348 illi
965 3287 1043 3348 haud
1063 3287 1151 3349 invita
1172 3285 1355 3348 concessisse
1370 3284 1451 3345 vide·

292 3394 346 3456 tur,
363 3384 493 3462 mitigato
509 3385 607 3447 animo
623 3386 763 3465 placidius
779 3388 915 3451 maritum
931 3397 1078 3451 tractasse.
1123 3389 1172 3450 Sic
1185 3389 1281 3450 visum
1297 3387 1452 3457 veteribus,

294 3487 342 3566 qui
370 3480 589 3568 παραμυθίαν
611 3486 751 3559 Helenae,
778 3490 807 3551 h.
827 3511 850 3551 e.
879 3493 1002 3554 amicam
1028 3491 1276 3563 exhortationem,
1303 3485 1387 3552 κατὰ
1412 3486 1453 3553 τὸ

292 3581 510 3666 σιωπώμενον
531 3589 681 3651 subaudiri
692 3590 804 3653 iubent.
849 3593 907 3655 Sed
921 3603 967 3655 est
987 3595 1108 3655 alterum
1123 3594 1153 3654 in
1168 3594 1269 3655 eadem
1284 3593 1453 3655 narratione

293 3688 506 3750 ollendieulum.
554 3691 752 3770 Reprehendit
777 3695 855 3756 enim
875 3696 984 3758 Hector
1001 3695 1209 3767 Alexandrum,
1235 3716 1260 3756 v.
1282 3696 1352 3768 326,
1372 3697 1452 3775 qurod

292 3799 414 3871 propter
439 3790 511 3851 iram
532 3792 646 3872 proelio
665 3795 822 3870 abstineat,
847 3798 911 3878 ipse
936 3806 1031 3859 autem
1051 3798 1225 3871 Alexander,
1247 3818 1273 3858 v.
1294 3796 1355 3859 335
1376 3818 1452 3877 sqq,

292 3912 381 3972 quum
397 3912 459 3954 non
473 3902 533 3955 mm
547 3895 607 3956 irae
622 3906 651 3958 et
665 3897 872 3977 indignationi,
893 3919 980 3979 quam
997 3899 1092 3961 dolori
1107 3920 1139 3962 se
1152 3901 1310 3963 indulsisse
1323 3919 1451 3981 reapon-

292 3996 348 4063 det,
365 3995 506 4073 signifieat
521 4005 616 4059 mmen
632 3999 709 4061 haud
724 4000 871 4080 ambigue,
890 4001 977 4063 etiam
992 4001 1052 4063 irae
1067 4011 1096 4063 et
1109 4002 1316 4082 indignationis
1333 4021 1452 4065 causam

293 4096 349 4158 sihi
364 4114 425 4157 nou
441 4097 576 4160 doluisse.
623 4102 679 4162 Sed
695 4121 786 4181 quum
801 4102 871 4165 nihil
885 4104 1056 4169 huiusmodi
1070 4107 1106 4170 ah
1121 4107 1251 4168 Homero
1266 4123 1451 4167 commemo-

292 4206 387 4260 ratum
402 4200 448 4274 sit,
463 4219 568 4262 rursus
583 4202 621 4263 ad
636 4205 832 4266 coniecturam
847 4224 895 4266 res
910 4208 999 4282 redit,
1018 4217 1052 4270 ut
1067 4228 1141 4288 quae
1155 4208 1203 4269 ille
1216 4207 1352 4269 disertius
1373 4205 1451 4265 indi-

295 4318 359 4361 care
373 4304 548 4380 supersedit,
569 4303 624 4381 ipsi
645 4305 802 4368 subaudire
820 4302 905 4368 κατὰ
926 4305 965 4372 τὸ
988 4303 1204 4389 σιωπώμενον
1220 4327 1370 4372 conemur,
1416 4308 1453 4368 lit

292 4401 476 4487 praeiverunt
496 4406 553 4467 iam
575 4412 693 4471 veteres.
739 4401 785 4471 ‘H
806 4405 926 4494 διπλῆ,
953 4411 1047 4492 inquit
1066 4411 1162 4473 schol.
1183 4413 1227 4486 A,
1249 4400 1453 4494 ὅτιζᾶπορον
