3266 5140
836 459 899 521 400

292 644 480 727 intelligente.
510 646 553 709 Er
568 644 720 728 [iroysenii
734 646 926 710 conversione
936 646 1054 709 alterius
1064 645 1266 721 membriuod
1278 644 1446 708 solodori-

294 748 350 811 licl
369 748 445 811 mirol
463 766 534 810 mco
553 750 607 811 clos
626 747 700 811 coel
719 753 751 809 in
770 748 834 810 dem
850 746 970 822 Antiits,
990 748 1045 810 deta
1064 749 1177 829 Augen,
1199 748 1298 810 Oleros
1315 747 1377 810 ond
1391 748 1446 810 deo

292 850 416 931 tllrigea
443 848 570 924 lleilco,
595 855 648 913 wie
673 854 714 912 sie
738 854 770 912 in
789 850 883 912 Moser
901 848 955 913 Art
972 851 1036 912 dem
1055 849 1208 913 Menecles
1226 848 1444 930 eigentlomliel

293 953 367 1025 send,
383 953 535 1025 caleaneo,
551 962 672 1034 apparet
685 971 753 1015 eum
768 971 784 1014 e
799 953 952 1032 superiore
967 953 1101 1015 membro
1116 953 1210 1028 verba,
1224 972 1311 1034 mom
1323 962 1391 1033 opto
1406 952 1445 1014 orl

292 1067 432 1119 umorem
450 1060 521 1128 sint,
553 1055 751 1119 subaudienda
774 1056 914 1117 etiamad
939 1055 1062 1118 verbum
1086 1055 1266 1137 intelligutur
1289 1055 1444 1135 putavisse.

291 1158 390 1239 ltaque
408 1159 529 1221 eandem
549 1158 722 1221 sententiam
741 1156 885 1218 hebemus
905 1155 949 1218 bis
970 1176 986 1220 a
1007 1157 1147 1220 Cicerone
1166 1158 1362 1237 propositam,
1382 1157 1443 1237 pri·

292 1280 388 1335 mum,
409 1280 550 1343 apparere
572 1279 661 1340 quam
680 1267 762 1339 aptae
780 1258 815 1319 ad
836 1268 970 1321 naturam
990 1258 1124 1338 corporis
1147 1259 1241 1320 nostri
1259 1268 1357 1339 partes
1378 1258 1445 1333 sint,

292 1363 409 1437 deinde,
436 1382 495 1424 non
515 1362 637 1425 (lobium
657 1379 736 1434 esse,
761 1359 831 1440 quin
851 1360 1023 1441 intelligatur
1043 1379 1129 1440 quem
1150 1368 1233 1441 eptae
1252 1361 1326 1423 sint:
1349 1377 1444 1441 neque

292 1464 450 1545 quidquem
463 1465 585 1525 interest
599 1462 675 1524 inter
688 1462 760 1525 haec
775 1462 833 1523 duo
848 1461 988 1536 membra,
999 1463 1055 1524 nisi
1070 1463 1149 1542 quod
1164 1463 1194 1524 in
1210 1462 1301 1524 altero
1312 1461 1443 1543 partibus

291 1565 425 1628 universe
445 1566 550 1646 positis
569 1574 630 1627 tota
650 1562 784 1643 corporis
803 1565 909 1643 figura,
931 1566 1037 1638 lorma,
1053 1575 1162 1627 stature
1176 1565 1356 1644 adiungitur,
1371 1582 1445 1645 quae

291 1667 418 1747 portium
431 1667 645 1748 compositione
660 1674 809 1740 constant,
823 1665 853 1726 in
868 1666 958 1728 altero
971 1675 1068 1728 entem
1084 1668 1194 1747 aliquot
1202 1667 1333 1748 pertibus
1342 1667 1443 1746 singu-

291 1771 369 1833 latim
392 1770 568 1833 enumeratis
587 1770 713 1851 reliquae
732 1769 763 1829 in
781 1768 949 1830 universum
969 1768 1122 1831 adduntur.
1162 1768 1281 1830 lliritics
1306 1786 1396 1849 porro
1415 1776 1444 1829 et

291 1872 375 1952 plane
390 1871 566 1934 incredibilis
582 1874 674 1934 iorme
690 1869 844 1944 orationis,
859 1888 946 1950 quae,
961 1879 1115 1951 postquam
1131 1870 1251 1933 alicuius
1266 1888 1359 1934 novae
1373 1888 1443 1932 sen·

291 1974 396 2036 tentiae
411 1973 642 2054 expectationem
661 1973 741 2043 iecit,
761 1990 823 2033 non
843 1972 918 2033 hanc
937 1973 1032 2034 solnm
1052 1972 1280 2054 expectationem
1305 1971 1442 2043 destituit,

291 2076 396 2138 sedne
419 2075 669 2138 constructionem
691 2074 808 2154 quidem
829 2073 984 2136 verborum
1004 2075 1118 2153 plenem
1139 2082 1168 2135 et
1186 2074 1333 2154 integrum
1347 2074 1441 2145 hebet,

290 2185 323 2239 nt
336 2177 453 2257 intelligi
468 2196 566 2257 perse
581 2178 643 2239 sola
659 2177 763 2256 possit
792 2176 834 2237 lta
848 2193 909 2237 non
924 2176 1014 2237 modo
1030 2176 1212 2250 Ciceronem,
1228 2178 1278 2238 sed
1295 2177 1441 2238 neminem

289 2298 414 2359 prorsus
428 2280 605 2359 scripturum
618 2278 708 2340 luisse
724 2278 820 2340 credo.
848 2277 940 2339 Unius
961 2284 1058 2339 autem
1077 2278 1217 2341 littenrlae
1236 2264 1395 2339 mutatione
1414 2287 1442 2339 et

290 2390 435 2443 structura
457 2382 566 2459 integre
589 2388 618 2442 et
640 2378 782 2441 sententie
803 2395 863 2440 nou
886 2380 1074 2442 incommoda
1100 2380 1202 2441 evadit.
1247 2379 1441 2442 Scriheudum

289 2491 342 2556 est,
357 2481 457 2563 quoles
467 2486 608 2563 propriae
623 2479 839 2549 statumine,
855 2482 928 2556 (uon
943 2489 1033 2556 sont).
1062 2482 1103 2543 lta
1119 2483 1190 2543 haec
1204 2481 1262 2544 duo
1274 2501 1290 2543 c
1302 2480 1441 2543 Cicerone

289 2584 437 2658 dicuntur,
459 2582 599 2664 primum,
619 2581 753 2662 corporis
769 2580 863 2642 nostri
882 2590 980 2660 portes
996 2601 1099 2644 omnes
1114 2601 1275 2664 earumque
1289 2583 1441 2663 composi-

289 2687 398 2747 tionem
411 2693 506 2767 eptam
523 2703 588 2746 esse
602 2685 636 2745 ad
653 2694 799 2757 noturam3
814 2683 926 2757 deinde,
942 2684 1059 2764 intelligi
1074 2686 1103 2746 h.
1120 2704 1145 2746 e.
1162 2685 1317 2766 persentiri
1332 2704 1348 2746 n
1364 2703 1440 2765 quo·

288 2788 365 2860 libet,
378 2787 476 2868 quales
492 2797 589 2867 partes
605 2787 740 2866 propriae
755 2785 815 2846 sint
829 2785 970 2860 hominis,
989 2787 1017 2847 h.
1034 2806 1059 2848 e.
1075 2787 1175 2867 quales
1189 2807 1254 2850 esse
1266 2807 1316 2850 ens
1332 2805 1441 2849 conre-

290 2891 362 2963 niat,
383 2909 455 2970 quas
476 2887 610 2969 proprias
630 2887 769 2960 hominis,
790 2888 832 2948 vel
851 2888 970 2968 proprie
993 2889 1136 2952 humanos
1155 2890 1297 2952 dicamus.
1327 2888 1442 2951 Scilicet

289 2992 428 3073 qnoniam
448 2999 528 3053 antee
549 2990 578 3052 in
599 2989 768 3052 universum
789 2999 886 3069 portes
906 2991 1039 3069 corporis
1059 2990 1094 3053 ad
1113 3000 1247 3054 naturam
1262 3000 1344 3072 optas
1359 2990 1440 3063 tlixit,

289 3104 358 3157 sunt
375 3102 469 3157 autern
491 3094 519 3154 in
535 3092 633 3154 mvrltis
648 3111 736 3172 saepe
755 3091 925 3153 hominibus
945 3093 1030 3154 etiem
1046 3112 1107 3155 non
1122 3102 1218 3173 aptae,
1235 3112 1328 3173 quum
1346 3092 1440 3173 eliqua

287 3196 426 3277 pravitate
443 3204 493 3257 sut
511 3194 684 3256 distortione
702 3202 751 3256 aut
769 3193 972 3255 imminutione
991 3214 1007 3255 n
1028 3204 1130 3257 natura
1153 3204 1350 3270 recesserunt,
1374 3194 1439 3257 ideo

288 3297 451 3361 addendum
466 3297 521 3359 sibi
536 3297 604 3358 illntl
619 3294 740 3358 alterum
755 3295 877 3375 putavit,
899 3314 958 3374 quo
973 3295 1161 3375 significaret,
1177 3316 1209 3359 se
1225 3294 1261 3359 de
1276 3297 1311 3358 iis
1327 3304 1439 3359 tentum

289 3400 382 3481 loqui,
399 3418 473 3480 quae
486 3398 623 3480 propriae
634 3397 763 3459 hominis
779 3397 838 3458 sint
856 3415 978 3477 vereque
998 3398 1154 3472 humanae,
1169 3418 1242 3479 quae
1257 3398 1354 3480 quales
1370 3399 1438 3467 sint,

288 3501 366 3565 haud
381 3500 468 3562 dubie
483 3522 499 3563 a
515 3500 645 3581 quolibet
658 3519 712 3562 sua
727 3506 833 3579 sponte
847 3497 1027 3579 intelligatur.

373 3603 442 3683 Cap.
458 3602 536 3676 Xlll,
556 3602 610 3665 38:
631 3602 742 3664 Etenim
761 3603 890 3661 omilium
908 3620 1024 3672 rerum,
1046 3622 1118 3684 quos
1142 3614 1169 3665 et
1194 3615 1272 3666 creat
1290 3614 1400 3666 amoro
1414 3614 1441 3665 et

288 3716 393 3776 turtio,
409 3724 481 3786 puae
496 3717 548 3768 cot
557 3709 617 3766 siae
633 3707 730 3765 maimo
745 3713 813 3764 eunt
826 3713 877 3764 out
891 3722 951 3764 oon
965 3704 1054 3767 molto
1069 3724 1159 3777 seue,
1175 3725 1278 3769 eorum
1292 3724 1437 3768 sommum

288 3806 397 3869 bouum
410 3810 442 3868 in
457 3825 578 3888 corpore
593 3818 641 3868 est.
681 3804 829 3867 Convertit
850 3804 1042 3886 llroysenius:
1068 3806 1152 3870 uem
1165 3811 1219 3889 fair
1234 3808 1291 3870 olle
1306 3809 1439 3869 andero

287 3927 345 3970 nort
360 3909 412 3970 der
426 3907 523 3970 Notior
536 3918 688 3989 meopten
703 3907 765 3968 usti
778 3906 944 3969 elumen
958 3906 1106 3990 Dilige-.
1136 3920 1301 3991 propterea,
1312 3919 1345 3972 nt
1359 3908 1439 3972 erbi-

286 4019 364 4083 tror,
382 4008 448 4090 quia
467 4018 658 4092 opponuntur
676 4017 779 4090 postea
801 4008 848 4069 nis
867 4018 895 4071 et
909 4010 1019 4072 hestiae
1033 4012 1187 4092 «praedam,
1203 4012 1233 4073 in
1249 4011 1354 4093 quihus
1371 4010 1440 4073 insit

286 4112 393 4193 aliquid
407 4112 502 4174 simile
516 4111 642 4185 virtutis,
661 4119 690 4173 et
704 4111 808 4185 homo,
827 4109 858 4171 in
873 4130 931 4190 quo
947 4131 1063 4175 summu
1078 4114 1175 4176 omnis
1189 4114 1278 4176 animi
1294 4114 1346 4189 sit,
1367 4132 1439 4194 quae

288 4213 438 4295 oppositio
453 4214 581 4292 flagitare
600 4211 760 4286 videbatur,
780 4219 812 4274 ut
826 4210 857 4272 iu
871 4212 967 4292 primo
983 4214 1116 4277 membro
1131 4233 1193 4277 non
1208 4233 1305 4278 omnes
1320 4234 1368 4278 res
1382 4234 1438 4295 po-

287 4324 438 4388 nerentur,
453 4315 505 4377 sed
519 4334 571 4377 ene
585 4322 711 4389 tantum,
726 4332 799 4395 quae
813 4323 928 4395 praeter
941 4315 1003 4377 illas
1017 4316 1126 4378 bestias
1146 4324 1174 4378 et
1188 4318 1339 4380 hominem
1354 4337 1371 4379 a
1385 4334 1439 4378 ua-

288 4426 352 4481 tum
373 4423 521 4491 creentur,
540 4418 569 4481 h.
590 4436 615 4480 e.
637 4428 745 4480 ceterae
763 4434 820 4478 res.
850 4416 937 4496 Atqui
957 4416 1003 4480 ille
1020 4417 1164 4497 genitivus
1184 4422 1314 4482 emmor
1339 4436 1441 4482 rotem
