3222 5148
835 469 987 569 ‚as-
1029 568 1033 583 ,

331 656 440 721 tentia:
462 674 530 719 nam
551 657 602 737 qui
620 658 715 720 domi
733 658 841 739 aliquid
857 659 1010 721 imitantur
1024 660 1094 735 (hoc
1108 660 1187 721 enim
1201 660 1342 741 significat
1356 661 1385 723 b.
1401 661 1421 722 l.
1436 680 1486 723 er-

330 760 425 841 sequi)
441 777 503 822 non
518 768 596 823 certe
611 760 677 835 ibi,
691 761 753 823 ubi
767 761 795 825 id
810 762 905 824 visum
921 770 992 837 erat,
1009 763 1172 825 imitantur.
1195 763 1298 845 Neque
1308 764 1401 845 magis
1412 764 1485 847 apud

330 864 511 936 Ciceronem,
527 864 608 925 Verr.
624 864 656 937 V,
673 864 723 937 67,
743 864 819 925 172:
846 884 994 939 „omnes
1012 866 1081 928 boc
1100 867 1181 929 loco
1206 868 1301 929 cives
1321 866 1484 946 Romani,

330 974 368 1029 ot
393 966 453 1047 qui
479 966 616 1028 adsunt
641 971 675 1027 et
696 966 759 1047 qui
779 966 914 1047 ubique
934 976 1035 1041 sunt,
1061 976 1221 1031 vestram
1247 969 1485 1031 severitatem

330 1069 576 1142 desiderant“‚
603 1086 670 1149 que
690 1070 887 1149 copulativam
906 1070 1009 1133 baberi
1023 1089 1111 1151 posse
1127 1071 1231 1145 cuivis,
1250 1072 1371 1152 opinor,
1393 1071 1485 1134 mani-

328 1172 437 1234 festum
453 1179 507 1234 est.
527 1170 602 1232 Nolo
616 1173 806 1253 scriptorum,
821 1173 847 1234 si
862 1192 924 1235 non
939 1173 1114 1255 aequalium,
1130 1173 1281 1256 perpaubo
1293 1181 1393 1235 umen
1404 1173 1484 1237 Cios-

327 1292 401 1337 rone
412 1281 442 1336 et
453 1273 589 1336 Sallustio
600 1276 809 1350 recentiorum,
825 1277 905 1338 velut
915 1276 1034 1350 Horatii,
1050 1279 1183 1357 exempla
1194 1278 1337 1358 prolerre,
1353 1277 1485 1357 quamo-

329 1376 447 1458 quidem
470 1383 540 1439 sunt
559 1376 610 1458 qui
629 1378 806 1440 recentiores
826 1378 946 1459 quidem
966 1380 1102 1460 ubique
1128 1397 1189 1441 non
1215 1398 1269 1462 pro
1295 1387 1330 1441 et
1354 1379 1412 1440 ubi
1434 1379 1485 1441 sed

326 1479 480 1542 indefinito
495 1498 585 1542 sensu
599 1499 760 1561 usurpasse
775 1484 950 1555 concedunt,
973 1482 1106 1544 Ciceroni
1127 1489 1227 1547 autem
1242 1482 1365 1563 eiusque
1378 1500 1484 1562 aequa-

327 1582 403 1645 libus
429 1583 594 1645 autetiam
621 1584 836 1665 antiquioribus
862 1585 941 1647 bunc
968 1603 1057 1646 usum
1086 1585 1221 1666 ignotum
1246 1584 1337 1646 luisse
1363 1595 1484 1647 conten-

326 1683 466 1764 dunt¹⁷).
502 1684 650 1747 Nimirum
675 1686 706 1748 hi
730 1689 762 1749 in
783 1706 916 1749 errorem
936 1687 1049 1749 inducti
1074 1695 1144 1749 sunt
1163 1687 1257 1750 fabaci
1283 1687 1483 1769 exemplorum

325 1786 431 1867 specie,
448 1787 597 1869 inquibus
609 1789 722 1870 copula,
740 1790 874 1869 quamvis
886 1790 1113 1871 haudquaquam
1125 1790 1299 1864 necessaria,
1315 1800 1484 1853 nontamen

325 1888 424 1970 inepta
445 1896 538 1966 esset,
565 1910 657 1974 quum
677 1893 851 1974 praesertim
871 1894 957 1955 etiam
981 1895 1127 1956 vernaculi
1141 1893 1236 1955 nostri
1251 1893 1395 1954 sermoms
1411 1910 1481 1954 con-

324 1993 450 2055 suetudo
476 1994 507 2056 in
530 1996 734 2057 convertendis
760 1994 816 2057 illis
841 1997 913 2059 locis
940 1998 1147 2059 commendare
1169 1996 1305 2078 copulam
1327 1996 1480 2057 videretur.

323 2094 436 2168 Quodsi
461 2098 526 2177 quis
551 2105 651 2160 umen
677 2098 794 2179 aliquod
819 2098 903 2161 istius
925 2101 1087 2163 sententiae
1108 2098 1285 2180 praesidium
1309 2098 1377 2159 inde
1391 2103 1479 2178 potat,

323 2198 403 2279 quod
422 2200 501 2279 apud
522 2200 694 2263 Ciceronem
715 2201 846 2283 itemque
867 2203 943 2285 apud
965 2202 1134 2265 Sallustium
1158 2218 1220 2262 non
1244 2201 1328 2262 aliter
1347 2200 1481 2280 ubique

323 2319 412 2382 quam
437 2311 505 2383 post
524 2304 678 2366 relativum
698 2309 749 2366 aut
768 2306 1008 2385 interrogativum
1031 2320 1196 2386 pronomen
1215 2309 1391 2383 usurpatum
1411 2303 1483 2384 legi-

320 2406 440 2482 tur¹⁸)‚
467 2406 600 2469 excusari
621 2406 721 2486 potius
743 2405 798 2467 bac
819 2424 851 2468 re
874 2425 1021 2480 errorem,
1043 2424 1132 2487 mam
1159 2406 1357 2466 demonstrari
1382 2421 1482 2466 veram

319 2507 465 2570 rationem
480 2528 569 2590 posse
584 2509 719 2571 arbitror.
753 2508 826 2570 Nam
843 2526 897 2572 nec
912 2510 942 2570 in
957 2510 992 2571 iis
1007 2509 1077 2590 ipsis
1092 2507 1248 2589 exemplis,
1269 2507 1321 2569 ubi
1334 2507 1483 2588 praecedit

320 2610 488 2686 relativum,
514 2613 651 2694 ubique
673 2629 791 2693 semper
811 2631 866 2693 pro
887 2619 923 2674 et
940 2612 1002 2674 ubi
1024 2619 1103 2674 recte
1123 2610 1214 2690 accipi
1235 2628 1323 2689 posse
1342 2609 1480 2682 vidimus,

318 2733 416 2796 neque
436 2715 530 2778 ullum
551 2734 655 2779 eorum
681 2735 761 2791 esso,
787 2717 898 2796 inquo
924 2715 967 2776 sic
991 2713 1083 2793 accipi
1106 2731 1226 2775 necesse
1251 2712 1304 2786 sil3
1329 2720 1361 2774 et
1387 2730 1482 2793 quum

319 2818 441 2880 omnino
471 2817 604 2898 exempla
634 2819 711 2898 apud
741 2819 911 2881 Ciceronem
941 2825 971 2878 et
997 2817 1168 2878 Sallustium
1197 2832 1259 2877 non
1287 2814 1381 2876 multa
1410 2814 1482 2889 sint,

243 2950 248 2955 ·
319 2938 471 3001 quumque
485 2919 571 3001 longe
586 2921 682 2983 maior
695 2939 763 3000 pars
778 2938 902 3001 operum
913 2920 1067 3000 utriusque
1078 2918 1206 2999 perierit,
1222 2922 1326 2979 verbor
1335 2935 1373 2977 ne
1384 2924 1482 2978 teme·

317 3023 427 3084 varium
448 3022 501 3096 sit,
527 3022 552 3083 si
572 3022 643 3103 quid
661 3022 691 3083 in
713 3022 774 3096 bis,
795 3041 870 3104 quae
890 3029 1064 3103 supersunt,
1085 3037 1146 3082 non
1161 3020 1316 3091 invenitur,
1333 3018 1361 3079 id
1376 3019 1481 3099 utique

317 3123 445 3186 alienum
461 3125 498 3187 ab
512 3141 615 3187 eorum
631 3142 769 3187 sermono
784 3127 895 3200 dicere,
911 3126 940 3186 in
951 3123 1121 3187 huiusmodi
1137 3121 1256 3202 quidem
1271 3120 1480 3195 locutionibus,

317 3242 392 3305 quac
416 3244 473 3288 nec
494 3235 592 3289 rectae
613 3229 718 3290 rationi
739 3228 932 3291 adversantur
950 3234 980 3289 et
999 3227 1124 3288 aliorum
1149 3225 1327 3305 scriptorum
1350 3224 1482 3304 optimae

316 3327 419 3389 aetatis
444 3330 617 3391 auctoritate
642 3331 828 3393 muniuntur.
859 3332 904 3391 bn
930 3331 1061 3393 dicemus
1081 3328 1161 3390 bunc
1186 3327 1314 3388 adverbii
1338 3326 1479 3407 ubique

314 3446 402 3492 usum
416 3430 562 3492 Ciceronis
573 3439 667 3495 aetate
681 3433 847 3495 inauditum
862 3441 931 3515 post
945 3432 1139 3514 paucissimos
1154 3447 1249 3491 annos
1263 3431 1301 3492 ad
1314 3428 1479 3509 analogiam

314 3531 454 3594 similium
480 3536 667 3614 quorundam
691 3537 923 3617 compositorum
950 3535 1048 3597 subito
1075 3534 1222 3623 invectum
1248 3529 1339 3595 esse?
1367 3532 1399 3594 ld
1420 3531 1479 3594 illis

314 3634 411 3697 dicere
427 3653 549 3698 necesse
563 3646 623 3713 est3
645 3638 718 3699 mibi
734 3639 851 3718 quidem
868 3645 947 3701 certe
962 3654 1022 3699 non
1037 3638 1070 3699 bt
1084 3636 1145 3698 veri
1160 3637 1264 3710 simile,
1281 3653 1374 3716 quum
1389 3653 1479 3716 prae-

312 3737 416 3799 sertim
430 3739 634 3820 utrubique
647 3741 827 3822 (utrobique)
839 3739 1010 3803 adverbium
1021 3738 1131 3820 pariter
1141 3746 1229 3819 atque
1242 3737 1376 3819 ubique
1390 3755 1477 3800 com-

311 3839 443 3922 positum
455 3848 485 3902 et
496 3840 527 3902 in
539 3850 598 3922 qu'o
610 3843 668 3905 boc
678 3843 777 3924 ipsum
791 3843 856 3906 ubi
870 3845 957 3916 inest,
973 3844 1024 3905 sed
1035 3842 1117 3905 nullo
1128 3842 1218 3903 modo
1232 3859 1287 3923 pro
1302 3846 1336 3902 et
1351 3839 1477 3903 utrubi

312 3942 524 4023 accipiendum,
540 3964 557 4006 a
572 3943 712 4008 Cicerone
727 3947 849 4027 eiusque
865 3946 1034 4028 aequabbus
1055 3956 1230 4026 usurpatum
1246 3944 1367 4006 udeam.
1396 3943 1476 4006 Nam

379 4131 421 4196 17)
440 4132 489 4184 list
500 4133 526 4183 in
537 4130 577 4203 bis
590 4130 764 4184 Lachmannus
776 4130 964 4195 adbucrcth,
978 4131 1027 4183 638
1039 4132 1130 4197 publ,
1141 4131 1185 4197 qui
1196 4130 1259 4182 adso
1269 4130 1476 4195 inoptisslmc

309 4232 354 4269 cos
365 4232 442 4283 agore
456 4218 500 4283 ait,
515 4218 557 4282 qui
568 4218 682 4283 abique
694 4219 856 4283 stetique,
869 4218 898 4268 dc
912 4234 960 4283 quo
972 4233 1031 4268 mox
1042 4217 1173 4267 diccndcvn
1185 4218 1245 4280 crit,
1257 4218 1344 4266 codam
1356 4217 1413 4267 loco
1425 4217 1477 4266 ba·

307 4302 384 4355 boam
394 4318 450 4356 cum
463 4303 654 4368 antiquissimis,
667 4303 750 4369 qualia
763 4292 815 4354 sint
826 4319 936 4369 usquc,
952 4303 1011 4354 und
1021 4304 1103 4368 ique,
1119 4301 1314 4368 plerumque,
1326 4310 1474 4366 uterquc.

379 4388 420 4453 ts)
437 4388 555 4441 Ccterum
567 4390 805 4440 animadverterant
815 4389 863 4440 boc
874 4390 916 4440 diu
927 4396 986 4440 autc
998 4388 1183 4441 Lacbmsnnum
1195 4387 1249 4456 alii,
1262 4388 1332 4440 volut
1343 4387 1475 4452 Dukcrus,

305 4474 337 4526 do
348 4471 421 4528 lofin.
433 4481 497 4528 vett.
510 4473 649 4528 luriscoos.
660 4491 684 4541 p.
696 4476 746 4527 415
760 4475 821 4543 <380
833 4476 873 4527 ed.
884 4474 972 4544 lips).
