3266 5140
730 442 792 504 447

181 632 316 704 possunt,
332 624 437 705 quibus
452 642 524 689 sone
538 625 695 689 ruendum
710 634 765 699 est,
779 643 818 688 ne
832 642 935 705 perere
947 623 1018 686 boni
1033 623 1176 705 improbis
1188 632 1338 704 eoguntur,

181 744 254 788 neve
278 725 420 789 luceretur
438 747 486 790 res
506 728 620 809 publicu
638 726 909 808 perditissimorum
929 727 1083 788 bominum
1103 726 1234 800 audacie,
1260 744 1336 807 quos

182 830 294 891 nudum
310 829 413 903 scelus,
429 831 543 893 nullum
558 831 711 911 flagitium,
727 831 835 893 nullum
850 828 982 911 quumvis
996 829 1142 891 crudelem
1158 828 1273 892 caedem
1289 848 1336 891 ru-

181 931 281 1010 fugere
294 931 442 1007 ridemus,
468 934 538 996 dum
558 943 686 997 terreant
702 933 885 996 adversarios
900 932 1013 1013 sibique
1028 933 1130 994 cedere
1144 942 1258 1012 cogunt,
1274 932 1337 1012 ple-

182 1032 247 1094 bem
262 1042 358 1095 eutem
374 1035 538 1116 imperitam
554 1046 640 1116 utque
654 1037 799 1099 credulem
810 1036 942 1098 inescare
952 1035 1065 1097 blandis
1077 1034 1203 1107 lelluciis,
1218 1042 1337 1114 aoqmu

183 1134 321 1197 omnibus
341 1135 419 1209 iuro,
440 1137 519 1200 nullo
540 1136 666 1218 emplius
680 1139 824 1218 graduum
840 1158 874 1200 ue
888 1137 1036 1217 dignitatis
1051 1136 1232 1210 discrimine,
1254 1155 1337 1198 sum·

183 1255 321 1318 mamque
346 1238 459 1317 quidvis
485 1240 588 1320 egendi
606 1240 767 1304 liberatem
782 1240 869 1303 nullis
883 1240 973 1302 lrenis
988 1239 1143 1301 munitam
1157 1238 1336 1318 pollicentes.

183 1339 316 1400 Ceterum
339 1358 411 1420 quse
426 1350 456 1402 et
469 1342 562 1420 qualis
578 1342 616 1404 sit
631 1342 675 1404 illu
690 1342 820 1414 libertus,
841 1360 927 1423 quum
943 1341 992 1403 isti
1007 1359 1167 1420 mangones
1183 1341 1338 1412 venditant,

182 1442 314 1503 Plutonis
329 1442 466 1505 disertius
481 1463 567 1524 quum
578 1444 689 1506 nastris
701 1444 796 1506 verbis
807 1443 948 1516 dicemus,
959 1443 994 1505 nd
1003 1443 1151 1505 Ciceronis
1162 1444 1337 1524 exemplum,

185 1544 234 1624 qni
256 1545 354 1606 locum
370 1545 459 1606 divini
473 1546 548 1608 illius
563 1546 616 1608 viri
631 1565 648 1607 u
663 1566 695 1607 se
711 1564 886 1607 conversum
901 1545 1023 1607 inseruit
1036 1545 1111 1607 libro
1127 1545 1164 1607 de
1178 1564 1210 1606 re
1224 1545 1337 1626 publius

183 1648 279 1725 primo
295 1666 357 1727 cup.
371 1646 411 1708 43
424 1654 431 1690 ¹
447 1650 487 1724 ¹):
511 1648 630 1722 „Quum
644 1652 757 1721 enrbt,“
772 1649 880 1729 inquit,
896 1647 1109 1729 „iuenplebiles
1121 1648 1226 1729 papali
1236 1650 1340 1729 fastees

182 1759 365 1811 exaruerunt
380 1748 520 1813 libertatis
533 1754 595 1822 siti,
614 1751 754 1831 malisque
767 1770 838 1812 usus
851 1750 902 1812 ille
916 1753 1057 1812 ministris
1069 1768 1130 1812 con
1143 1750 1252 1811 modice
1266 1760 1338 1811 teur-

179 1863 316 1931 peratam
333 1853 383 1913 sed
396 1855 483 1914 omas
496 1872 645 1914 meracam
659 1853 821 1915 tiberinum
836 1856 932 1914 sitiens
946 1851 1087 1924 laeserit,
1107 1863 1167 1914 tum
1180 1856 1337 1933 manistra-

182 1966 228 2016 ua
242 1965 268 2016 et
279 1958 442 2035 principes,
467 1959 526 2017 uisi
538 1955 623 2017 ualde
638 1956 715 2017 leues
729 1968 756 2018 et
769 1959 884 2016 remissi
903 1958 960 2016 sint
974 1967 1000 2017 et
1014 1955 1096 2035 larpe
1109 1955 1167 2016 sibi
1178 1954 1338 2016 libertatem

182 2060 357 2131 summm,
370 2060 543 2138 menuitur,
557 2057 720 2128 mutilae
741 2061 851 2137 arpuit,
863 2068 1076 2137 praepotentes,
1092 2075 1181 2136 repes,
1197 2066 1339 2135 tyraitnos
1376 2078 1378 2082 ⁴

185 2171 277 2221 acam.
323 2159 400 2239 Erpa
414 2159 469 2221 illa
482 2170 655 2239 mutantur:
676 2177 738 2231 eos,
759 2162 811 2240 pai
820 2168 946 2239 pareant
958 2157 1156 2239 prmapibas,
1179 2161 1287 2237 apitari
1300 2157 1336 2218 ab

185 2280 217 2324 eo
230 2261 339 2342 populo
354 2272 381 2322 et
394 2280 494 2325 serum
507 2262 690 2324 voluntarios
705 2262 859 2343 appellari,
873 2281 921 2323 eos
935 2271 1044 2331 autem,
1059 2264 1109 2341 poti
1121 2264 1154 2322 in
1166 2263 1339 2339 mapistratu

184 2369 371 2445 meatorum
395 2365 503 2427 similes
521 2385 580 2426 esse
594 2365 695 2437 velint,
721 2384 822 2446 eosque
833 2368 979 2446 priuatas,
998 2366 1049 2444 piei
1060 2364 1204 2444 officiarii,
1220 2381 1256 2423 ue
1270 2364 1339 2443 quid

185 2472 262 2529 cister
272 2470 425 2547 priuatum
438 2478 465 2529 et
479 2471 682 2547 mapistratum
696 2468 827 2549 differat,
841 2469 942 2547 serm
956 2465 1092 2528 laudibus
1105 2478 1132 2528 et
1144 2476 1272 2527 muctam
1285 2464 1337 2526 lto·

183 2569 319 2630 icombus:
346 2579 379 2630 at
402 2587 514 2631 aeceme
538 2574 575 2632 sit
598 2574 630 2631 in
655 2573 797 2633 eirumodi
813 2589 846 2631 re
867 2569 988 2650 publica
1008 2568 1098 2648 plena
1122 2567 1263 2629 libertatis
1280 2585 1339 2627 esse

185 2675 298 2732 omnia:
320 2680 353 2731 ut
377 2681 403 2732 et
424 2674 546 2750 priuata
565 2673 666 2734 damas
680 2677 774 2734 omm’s
787 2683 869 2734 vacet
883 2673 1091 2741 comanam,
1117 2679 1144 2730 et
1157 2669 1210 2729 boc
1224 2667 1336 2730 malam
1361 2678 1392 2729 ¹0

183 2793 272 2853 aspice
287 2774 326 2834 ad
341 2771 444 2834 bestias
455 2777 621 2852 perveniam
636 2776 755 2854 deai'pae
765 2784 799 2835 ut
805 2784 891 2854 pater
901 2773 996 2854 filium
1006 2784 1121 2843 micat,
1136 2772 1216 2852 filias
1223 2782 1339 2851 patrem

183 2877 317 2957 rteplipat,
333 2874 407 2936 absit
421 2879 515 2937 omisis
526 2876 639 2956 pudor,
654 2888 688 2938 at
697 2876 786 2957 plane
801 2875 888 2937 liberi
900 2880 971 2949 sian
985 2875 1062 2937 nillil
1073 2876 1197 2944 imerus,
1214 2877 1285 2935 cibis
1304 2877 1340 2934 sit

185 2997 225 3040 ass
247 2981 433 3059 pereffluam
458 2982 596 3057 Μαρίων
614 2989 646 3040 ut
665 2977 822 3059 discipulos
834 2989 942 3040 metuat
956 2989 983 3039 et
995 2981 1032 3038 iis
1048 2976 1229 3045 dimidiatur,
1255 2995 1337 3056 sper-

183 3092 311 3161 eastpue
332 3078 468 3160 discipuli
486 3083 654 3159 mapistros;
677 3080 866 3142 adolescentes
888 3090 920 3141 at
939 3097 1040 3141 senam
1057 3078 1115 3139 sibi
1123 3079 1240 3158 paredas
1255 3097 1338 3140 asne·

184 3193 274 3253 maa,
290 3200 369 3244 senes
384 3193 479 3243 autem
494 3182 533 3243 ad
547 3181 648 3243 ludum
662 3182 886 3244 adolescentium
896 3181 1077 3253 descendant,
1089 3198 1126 3241 ue
1136 3184 1193 3241 ss'ut
1202 3183 1239 3242 iis
1249 3181 1342 3243 odiosi

184 3296 212 3346 et
225 3303 345 3365 precem
366 3304 404 3347 etc
417 3304 472 3366 pao
487 3285 534 3366 fit,
560 3295 593 3347 ut
606 3288 693 3347 eiam
706 3289 787 3347 serui
799 3305 828 3346 se
843 3284 963 3346 liberius
976 3293 1093 3363 perant,
1119 3300 1229 3344 uxores
1243 3283 1340 3344 eodem

186 3392 252 3448 iure
266 3390 324 3449 nat
337 3406 393 3468 pua
407 3391 483 3459 oiri,
499 3391 569 3469 quin
584 3398 665 3450 tauta
680 3387 811 3450 libertate
826 3406 911 3449 canes
925 3391 1011 3448 etiam
1026 3397 1052 3448 et
1065 3389 1132 3466 mat
1138 3430 1146 3455 ,
1162 3385 1245 3446 aselli
1258 3386 1339 3447 deui-

186 3507 240 3569 pue
260 3488 348 3550 liberi
361 3492 431 3560 siat,
456 3493 552 3569 napae
565 3493 734 3560 mcumaut,
760 3499 793 3551 ut
806 3493 843 3551 iis
856 3490 890 3550 de
904 3493 955 3550 uia
969 3487 1160 3549 mumdum
1173 3490 1218 3547 sit.
1263 3485 1339 3564 Erpa

185 3611 224 3653 ese
243 3591 297 3653 bae
315 3591 433 3672 inficite
452 3591 567 3654 liema'a
584 3591 654 3653 laea
668 3610 783 3653 summo
798 3595 923 3671 aopitm,
942 3594 1030 3652 atita
1043 3589 1212 3670 fastidiosae
1224 3587 1341 3648 molles-

187 3712 240 3774 que
255 3704 360 3756 mentes
375 3695 500 3755 evadant
515 3698 634 3765 civium,
649 3704 696 3764 at,
711 3698 738 3754 si
750 3694 872 3753 minima
885 3694 930 3751 vis
945 3690 1118 3753 adhibeatur
1131 3692 1262 3770 imperii,
1275 3692 1340 3749 iru-

186 3807 306 3858 seaatur
317 3806 344 3858 et
353 3798 491 3877 perferre
501 3807 656 3878 nequeant:
672 3814 710 3858 ea
720 3813 776 3877 pua
788 3790 1289 3874 lepespuaqaeiaeipiantueplipere¹
1303 3791 1341 3864 ²),

256 4070 295 4134 11)
314 4069 427 4121 Plutonis
439 4069 510 4119 locus
522 4075 563 4118 est
573 4068 604 4118 de
617 4082 645 4117 ru
656 4066 724 4133 publ.
736 4064 793 4117 Vlll
805 4081 828 4131 p.
842 4062 900 4114 ⁵62.
913 4062 941 4114 C.

239 4155 279 4215 12)
298 4155 369 4221 Apud
382 4154 510 4205 Plutonem
520 4160 568 4216 est,
579 4147 644 4203 οὐδὲ
653 4152 709 4202 τῶν
719 4145 814 4219 νόμων
823 4148 1005 4219 φροντίζουσι
1013 4148 1214 4218 γεγραμμένων
1225 4145 1243 4216 ἥ
1253 4140 1340 4218 ἀγρά-

186 4256 263 4309 φωνι
274 4256 320 4292 nec
329 4241 517 4291 utiseecurets
526 4237 638 4289 Platonis
649 4237 797 4287 sententium
807 4233 897 4285 Cicero
911 4234 1047 4300 expressit,
1063 4234 1109 4284 boc
1124 4234 1156 4284 de
1173 4233 1340 4299 inscriptis

186 4324 283 4388 legibus
293 4326 419 4376 omittens.
432 4324 528 4389 Nempe
534 4339 582 4373 non
588 4324 707 4373 bumenus
717 4321 797 4371 solutu
806 4320 876 4383 leges
882 4319 954 4370 Pluto
961 4320 984 4369 ln
995 4320 1044 4370 isto
1054 4320 1238 4371 eivitatisstutn
1248 4318 1340 4382 negligi

185 4409 229 4476 uit,
235 4410 279 4460 sed
292 4410 367 4461 etium
379 4409 485 4474 divinet,
494 4423 578 4475 „quus
590 4407 632 4473 qui
642 4406 741 4470 migret,
753 4405 861 4455 iniustus
872 4412 946 4471 utque
958 4404 1084 4471 improbus
1096 4403 1222 4454 bubendus
1233 4403 1274 4469 sit,
1286 4403 1341 4453 sive
