3276 5144
784 473 934 571 usq

278 660 352 724 haec
370 661 433 724 sola
453 661 534 724 nullo
548 661 766 744 significationis
786 670 923 745 respectu
942 669 1065 748 propter
1078 661 1319 726 terminationem
1334 653 1438 743 pend-

283 784 377 850 τητος
399 759 609 847 ἐπιρρήματα
630 765 687 826 diei
702 764 867 827 voluerunt.

364 867 619 929 Commemoratur
633 873 732 929 autem
747 869 836 930 etiam
851 866 928 929 aliud
943 885 1054 930 nomen
1068 867 1211 930 adverbiis
1227 887 1244 931 a
1258 866 1365 929 Stoicis
1380 865 1439 927 im·

277 967 418 1049 pesitum,
434 963 630 1051 πανδέκτης.
660 969 817 1032 Rationem
832 968 961 1031 nominis
976 969 1124 1031 Charisius
1140 970 1174 1031 ll.
1185 988 1215 1051 p.
1228 970 1287 1031 175
1301 966 1438 1046 (194Κ.),

279 1071 327 1152 qui
348 1089 427 1133 nnus
448 1071 491 1132 rei
507 1071 589 1132 testis
604 1079 659 1141 est,
685 1071 761 1133 hanc
775 1090 841 1133 esse
856 1071 906 1145 ait,
929 1072 1007 1151 quod
1024 1072 1122 1133 omnia
1137 1071 1166 1132 in
1181 1090 1214 1133 se
1229 1072 1344 1153 capiant
1358 1068 1441 1150 quasi

278 1173 382 1237 collata
396 1192 449 1255 per
462 1181 603 1240 saturam.
620 1190 757 1235 concessa
772 1173 827 1235 sibi
841 1191 941 1235 rernm
953 1172 1029 1235 varia
1042 1181 1197 1256 potestate.
1221 1172 1337 1235 Scilicet
1348 1172 1440 1252 signi·

277 1276 364 1337 ficere
385 1276 442 1337 boc
461 1275 580 1337 nomine
595 1275 760 1348 volucrunt,
780 1274 894 1336 nubum
910 1293 974 1336 esse
989 1292 1082 1355 genus
1097 1275 1263 1349 notionum,
1284 1274 1363 1356 qnod
1378 1291 1442 1336 non

278 1378 373 1458 pessit
386 1378 473 1440 etiam
485 1375 613 1439 adverbii
624 1377 751 1438 lormatn
765 1377 903 1451 induere3
919 1366 997 1438 ande
1008 1377 1207 1457 consequitur,
1223 1377 1251 1439 ivl
1264 1377 1344 1459 quod
1355 1376 1439 1438 iden-

276 1479 366 1542 tidem
382 1498 399 1541 a
413 1478 610 1560 grammaticis
624 1479 796 1551 inculcatur,
813 1479 947 1541 adverbia
961 1498 999 1541 ex
1015 1480 1097 1541 omni
1116 1486 1199 1562 parte
1215 1480 1356 1542 erationis
1366 1477 1438 1540 herl.

276 1579 375 1643 Unum
391 1582 599 1661 Ecvmologum
616 1582 705 1643 citare
721 1581 792 1642 satis
806 1590 862 1655 est,
878 1602 906 1665 p.
925 1580 974 1655 78,
992 1581 1051 1642 52:
1067 1575 1104 1643 dc
1127 1581 1232 1643 ποίων
1252 1582 1360 1661 μερῶν
1380 1580 1440 1641 τοῦ

275 1676 375 1762 λόγου
397 1675 542 1762 γίνονται
562 1677 606 1745 τὰ
627 1676 854 1766 ἐπιρρήματα,
875 1677 913 1746 ἐκ
935 1678 1077 1745 πάντων.
1107 1674 1180 1745 tired
1201 1673 1373 1761 ὀνόματος,
1395 1673 1440 1757 ὥς

274 1780 314 1847 τὸ
336 1778 496 1867 φρόνιμος
510 1776 694 1867 φρονίμως·
720 1772 795 1846 aad
816 1777 969 1867 ῥήματος,
992 1776 1037 1859 ὥς
1057 1779 1097 1847 τὸ
1118 1780 1254 1869 aprime)
1280 1777 1438 1868 κρύβδην·

276 1876 348 1948 eiad
369 1885 524 1970 μετοχῆς,
554 1875 597 1959 ὥς
624 1880 662 1947 τὸ
686 1878 908 1965 ἐπιστάμενος
929 1878 1171 1966 ἐπισταμένως·
1206 1877 1276 1948 tired
1300 1875 1439 1968 ὄρθρον,

276 1985 322 2062 ὥς
340 1982 380 2050 ed
404 1978 441 2062 ὅς
461 1979 520 2062 ὥς·
537 1977 609 2049 vind
633 1978 844 2067 ἅντωνυμίας,
867 1978 912 2064 ὥς
932 1984 972 2051 ed
995 1975 1092 2065 οὗτος
1114 1983 1233 2063 οὕτως·
1261 1979 1333 2049 ἀπὸ
1356 2005 1441 2068 προ·

275 2084 413 2165 θέσεως,
441 2078 485 2163 ὥς
510 2084 549 2151 ed
577 2080 639 2150 dect
668 2079 745 2163 ὄίνω,
772 2083 858 2151 κατά
885 2084 988 2153 κάτω·
1015 2081 1303 2170 dedecorique,
1332 2079 1377 2162 ὥς
1397 2083 1438 2150 ed

275 2185 372 2254 καθά
393 2183 512 2265 καθώς
533 2191 642 2273 (aptius
657 2190 831 2254 Theodorus
848 2193 933 2265 Gara,
952 2211 983 2273 p.
1000 2192 1072 2265 258,
1088 2185 1124 2255 dv
1145 2189 1205 2256 τοῦ
1227 2186 1269 2275 dq‘
1292 2188 1350 2254 καὶ
1372 2184 1441 2254 πρό

276 2290 332 2357 ναὶ
352 2286 414 2357 dev
436 2288 633 2378 δήπουθεν).
663 2293 749 2367 Quod
763 2295 789 2355 si
803 2297 924 2356 luerunt
937 2294 1016 2357 inter
1031 2295 1148 2358 Stoicos
1164 2295 1214 2376 qui
1228 2302 1350 2378 propter
1363 2296 1441 2357 hanc

276 2416 396 2462 causam
408 2413 518 2458 nomen
529 2395 600 2458 ilua
609 2395 751 2458 adverbiis
763 2397 961 2479 imponerent,
974 2398 1030 2459 hos
1041 2396 1191 2478 probabile
1201 2405 1248 2458 est
1258 2415 1275 2457 a
1286 2395 1441 2479 Chrysippi

277 2500 410 2563 doctrina
424 2499 539 2580 longius
554 2499 642 2561 etiam
655 2518 743 2580 quarn
753 2500 938 2580 Antipatrum
952 2499 1124 2562 discessisse
1135 2509 1222 2579 atque
1233 2514 1353 2561 omnem
1366 2499 1441 2561 hane

275 2602 452 2682 lanuginem
468 2600 687 2673 vocabulorum,
704 2620 779 2682 quae
793 2603 878 2683 vulgo
894 2621 910 2664 a
925 2601 1122 2682 grammaticis
1137 2602 1273 2665 adverbia
1288 2602 1345 2663 dici
1359 2601 1440 2663 vide·

276 2713 353 2777 rent,
380 2704 430 2766 illo
455 2697 642 2765 πανδέκσσυ
667 2704 740 2779 (scil.
762 2704 937 2785 preproperi)
964 2704 1085 2764 nomine
1110 2703 1279 2783 complexos
1302 2722 1376 2775 esse,
1402 2720 1440 2765 ne

277 2806 529 2868 interiectionibus
543 2806 662 2885 quidem
674 2806 811 2878 exclusis,
825 2806 970 2888 siquidem
983 2805 1060 2885 apud
1073 2805 1238 2867 charisium
1250 2825 1279 2886 p.
1293 2806 1352 2867 190
1362 2805 1440 2879 lcii,

277 2908 327 2988 qui
347 2907 401 2969 has
422 2907 454 2967 in
473 2906 617 2969 adverbiis
632 2916 831 2982 numerarent,
855 2909 1021 2971 Stoicorum
1043 2927 1076 2970 se
1091 2909 1261 2969 auctoritato
1277 2907 1441 2969 defendisse

277 3010 426 3081 dicuntur,
454 3008 505 3090 qui
530 3009 638 3072 idcirce
664 3005 850 3093 πανδέκτην
869 3030 932 3073 eam
959 3018 1072 3090 partem
1100 3010 1241 3071 orationis
1257 3010 1440 3093 appellarint

278 3113 465 3193 Quamquam
480 3112 538 3174 hoc
553 3111 673 3191 quidem
688 3113 834 3175 incertum
848 3120 911 3175 est:
933 3119 1021 3193 negat
1036 3112 1113 3173 enirn
1130 3112 1276 3175 Charisius
1292 3112 1370 3174 illam
1388 3112 1441 3173 de·

275 3215 440 3276 tensionem
456 3214 667 3276 admittendam
682 3234 757 3288 csse,
773 3216 855 3277 etita
872 3223 968 3294 negat,
984 3222 1018 3277 ut
1032 3214 1199 3276 Stoicorum
1216 3215 1349 3297 ipsorum
1372 3233 1441 3277 aue·

277 3318 429 3379 toritatem
443 3317 479 3379 iis
494 3335 644 3400 opponere
659 3319 799 3380 videatur.
824 3320 882 3381 Sed
896 3320 980 3380 locus
994 3316 1067 3377 adeo
1079 3316 1232 3379 mutilatus
1244 3326 1274 3378 et
1285 3324 1442 3397 corruptus

275 3426 330 3492 est,
356 3428 391 3481 ut
416 3429 501 3500 plane
527 3421 648 3502 intelligi
672 3431 808 3502 nequeat.
837 3421 901 3483 llec
919 3428 1018 3482 autern
1033 3436 1122 3480 neme
1137 3418 1224 3480 hodie
1238 3427 1335 3498 negat,
1361 3426 1442 3482 recte

274 3520 381 3584 recisse
395 3540 455 3597 eos,
478 3522 529 3604 qui
549 3523 768 3585 interiectiones
789 3521 825 3583 ab
845 3522 990 3585 adverbiis
1005 3530 1179 3600 separarunt
1193 3528 1223 3583 et
1238 3520 1393 3603 preprium
1407 3520 1442 3582 iis

274 3624 452 3707 inpartibus
468 3625 608 3687 orationis
623 3625 722 3686 locum
737 3625 929 3704 assignarunt,
945 3642 1033 3704 quam
1049 3624 1203 3697 rationem,
1219 3644 1236 3686 a
1251 3625 1363 3688 Latinis
1378 3642 1442 3686 mo·

274 3726 331 3788 rite
346 3727 515 3810 probatam,
538 3728 627 3789 etiam
642 3727 769 3789 Graecos
784 3726 942 3788 nonnubos
957 3726 1115 3806 praeivisse
1129 3745 1165 3788 ex
1179 3727 1325 3807 Apollonii
1340 3735 1444 3789 cenna

276 3846 327 3891 eos
349 3829 557 3910 disputatione,
583 3828 620 3890 de
639 3847 696 3908 qua
716 3847 806 3909 supra
827 3829 940 3890 dictum
960 3837 1015 3902 est,
1041 3828 1220 3909 intelligitur.
1249 3829 1359 3892 Nostra
1373 3846 1442 3891 vcro

276 3938 371 3993 aetate
391 3931 571 3994 morosiores
592 3930 710 4009 quidem
727 3930 909 4010 grammatici
930 3930 1147 3993 interiectiones
1162 3950 1285 4013 prorsus
1300 3937 1444 4011 negarunt

275 4033 307 4095 in
323 4033 464 4096 emtionis
477 4033 610 4113 partibus
625 4031 822 4095 numerandas
839 4050 913 4105 esse,
929 4037 1033 4114 utpote
1047 4049 1108 4093 non
1124 4033 1334 4112 cogitationum
1350 4034 1443 4095 inter·

274 4145 372 4217 protes
387 4135 438 4197 sed
454 4137 612 4197 affectuum
624 4134 714 4213 signa,
731 4133 982 4213 quemadmodum
994 4133 1083 4195 etiam
1095 4135 1211 4208 bestias,
1228 4135 1334 4215 quibus
1347 4135 1442 4198 oratio

276 4238 363 4312 desit,
378 4256 470 4318 qaum
487 4237 691 4299 vehementius
702 4237 875 4311 efficiantur,
891 4236 971 4298 herne
982 4237 1119 4299 allectum
1130 4239 1251 4299 vocibus
1264 4237 1441 4319 quibusdam

276 4340 555 4425 proderevideamus
567 4337 729 4400 annonari
740 4339 886 4400 sermonis
899 4339 1149 4401 interiectionibus
1156 4341 1202 4402 vix
1213 4340 1303 4401 aliare
1310 4339 1441 4416 diversis,

277 4462 366 4525 quarn
382 4444 460 4525 quod
476 4460 546 4516 nen,
563 4441 639 4503 sieut
653 4442 717 4516 hae,
739 4443 938 4517 mvtmtentur,
948 4442 1001 4505 sed
1015 4443 1198 4507 inarticulate
1213 4442 1440 4524 profundantur.
