3190 5136
623 481 755 579 ..Au
774 571 824 580 ,-

334 660 485 746 μιαίνων
507 656 842 751 παρθενοσφάγοισιν

335 763 446 844 πέλας
468 763 645 852 πατρῴους
665 762 761 851 χέρας
782 764 944 853 ῥεέθροις.

132 872 253 933 Codices
261 872 375 933 babent
387 865 533 952 μιαίνων
548 864 883 957 παρθενοσφάγοισιν
895 868 1050 958 ῥεέθροις
1063 867 1238 958 πατρρίους
1247 867 1300 954 χέ-

134 994 189 1055 ρας
196 971 317 1054 βωμοῦ
329 968 444 1049 πέλας.
458 975 526 1035 Non
535 974 635 1036 dubito
647 985 754 1049 autem,
768 976 905 1057 quinboe
917 972 1031 1057 βωμοῦ
1043 969 1147 1050 πέλας
1158 994 1299 1038 acorreo·

135 1078 253 1151 toresit,
271 1076 324 1156 qui
339 1096 430 1156 quum
440 1077 596 1138 excidisset
603 1078 771 1158 praeposito
787 1072 853 1163 πρό
869 1086 936 1140 sute
950 1074 1079 1160 βωμοῦ,
1096 1079 1204 1140 sarcire
1219 1078 1299 1140 laeu-

135 1199 200 1241 nam
209 1186 382 1252 conaretur,
392 1178 530 1241 inductus
538 1180 626 1241 etiam
635 1181 759 1243 fortusse
769 1189 906 1263 corrupta
916 1181 1059 1262 stropbiei
1066 1200 1169 1244 versus
1176 1181 1299 1244 lectione

136 1275 308 1363 Ἀργείων,
329 1282 353 1342 si
369 1282 472 1342 eodem
489 1298 548 1361 quo
568 1284 745 1346 recentiores
761 1285 878 1365 qnidam
894 1303 994 1346 errore
1008 1284 1036 1346 id
1053 1303 1107 1364 pro
1124 1286 1229 1347 cretico
1245 1285 1298 1346 ba-

135 1385 203 1446 buit.
235 1384 298 1445 Sed
314 1384 403 1445 etiam
419 1377 573 1468 ῥείθροις
585 1386 681 1467 aliquo
695 1407 766 1450 casu
778 1388 926 1450 invectum
948 1396 993 1450 est
1008 1406 1064 1468 pro
1075 1405 1141 1450 vera
1154 1388 1298 1468 scriptura

136 1489 242 1566 ῥοαῖς,
260 1505 350 1566 quam
365 1487 565 1566 reponendam
577 1508 645 1550 esse
657 1491 826 1571 stropbieus
837 1506 940 1552 versus
952 1491 1143 1551 demonstrat
1170 1488 1299 1570 lienique

136 1590 306 1670 iustroplm
323 1608 376 1651 eur
389 1590 563 1671 Aeschylum
577 1585 697 1675 τρίβῳ,
713 1593 859 1655 insolitam
874 1592 932 1655 hoe
947 1610 1036 1654 seusu
1056 1594 1196 1663 formam,
1211 1609 1298 1671 praa-

136 1694 239 1755 tnlisse
266 1692 349 1755 alteri
371 1689 474 1777 τριβᾷ
491 1712 640 1768 censeam,
659 1696 769 1757 nullam
789 1712 907 1757 eausam
931 1694 1026 1758 video.
1061 1695 1134 1757 Nam
1162 1692 1296 1754 codicum

136 1806 312 1859 nostrorum
327 1794 358 1856 in
372 1796 544 1858 huiusmodi
558 1815 590 1857 re
604 1798 682 1859 nulla
697 1800 854 1861 auotoritas
869 1807 923 1860 est.

218 1900 255 1960 ln
270 1899 374 1960 eadem
388 1900 585 1981 antistrophe,
599 1899 649 1962 ubi
664 1899 893 1980 Agamemnonis
908 1900 993 1963 verba
1008 1902 1174 1963 relenmtur
1188 1899 1225 1961 de
1238 1917 1296 1978 po-

136 2002 242 2063 stulato
263 2001 341 2063 tiliae
359 2002 502 2063 sacrificio
526 2002 610 2064 anxie
629 2002 825 2075 deliberantis,
844 2004 916 2065 baec
934 2004 1070 2082 legtmtm
1087 2023 1114 2065 v.
1132 2001 1193 2065 199
1217 2020 1296 2084 squ:

340 2099 415 2178 πῶς
435 2098 597 2179 λιπόναυς
619 2099 761 2185 γίνωμοιι
782 2098 968 2186 ξυμμαχίας
990 2099 1158 2190 ἆμαρσιίνς

340 2200 554 2286 παυσανέμου
577 2201 637 2290 γοῖρ
659 2201 783 2283 θυσίας
803 2202 991 2292 παρθενίου
1014 2200 1195 2286 θάίματος
1218 2199 1298 2291 ὀργρῖ

540 2304 726 2394 περιόργως
748 2304 928 2391 ἐπιθυμεῖν
948 2304 1068 2391 θέμις·
1091 2296 1127 2372 εὖ
1149 2305 1210 2392 γὰρ
1233 2301 1295 2393 εἴη.

134 2416 170 2476 de
183 2430 316 2494 quorum
331 2412 456 2474 lectione
470 2420 556 2494 atque
571 2413 808 2494 interpretatione
821 2414 913 2477 multa
928 2434 944 2476 a
958 2413 1059 2477 multis
1073 2413 1233 2475 admodum
1247 2411 1294 2473 in·

134 2526 176 2579 ter
200 2536 234 2578 se
253 2516 371 2577 diversa
390 2516 504 2596 prolata
523 2523 605 2590 sunt,
625 2535 698 2597 quae
716 2525 848 2597 repetere
868 2526 896 2578 et
922 2518 1072 2579 conditam
1094 2516 1215 2595 longum
1241 2520 1294 2576 est.

133 2621 200 2683 mut
215 2620 339 2702 quidem
354 2636 415 2680 uou
431 2618 552 2680 dubium
568 2625 625 2692 est,
646 2617 716 2703 quin
730 2620 818 2682 bona
836 2621 928 2681 ehoro
948 2620 1073 2680 dicutur:
1096 2619 1295 2698 Agamemno-

133 2743 215 2795 nem,
241 2730 438 2803 posteaquam
459 2720 636 2801 aliquamdiu
655 2721 783 2783 ineertus
809 2721 897 2784 animi
923 2721 1116 2796 fluctuaverit,
1141 2727 1294 2801 postremo

132 2824 357 2887 consedendum
378 2843 444 2884 esse
463 2823 613 2885 sociorum
632 2824 774 2885 voluntati
793 2823 941 2904 filiamque
955 2822 1099 2884 immolari
1115 2823 1220 2884 debere
1235 2830 1294 2883 sta·

130 2930 238 2990 tuisse:
267 2944 364 3005 neque
389 2926 467 2986 enim
489 2927 570 2988 netes
590 2926 689 2988 haberi
709 2944 812 3007 posse,
832 2927 911 3008 quod
930 2934 990 2989 tam
1010 2925 1196 2987 vehementer
1215 2923 1244 2986 id
1259 2924 1295 2986 ab

128 3031 262 3092 exercitu
275 3028 462 3107 flagitaretur,
479 3027 716 3108 quandoquidem
731 3028 812 3090 aliter
828 3028 934 3109 placeri
949 3027 1038 3089 liiena
1054 3026 1294 3106 obstaculumque

128 3134 165 3195 eb
182 3152 217 3194 ea
236 3130 418 3210 expeditioni
437 3130 583 3192 obiectum
597 3132 740 3192 removeri
753 3148 816 3193 uon
830 3138 941 3211 posset.
986 3129 1027 3191 lle
1049 3130 1204 3204 sententia,
1224 3130 1294 3210 quin

129 3235 289 3317 aptissima
304 3233 359 3305 sit,
375 3250 464 3294 nemo
480 3232 560 3296 laeile
575 3233 708 3311 ambiget.
753 3235 848 3296 immo
863 3250 984 3295 necesso
1005 3232 1059 3293 luit
1079 3233 1138 3293 boe
1153 3232 1218 3306 dici,
1232 3248 1294 3294 uon

128 3339 275 3401 nefariam
290 3336 504 3415 Agamemnoni
518 3336 611 3398 visam
626 3354 691 3397 esse
707 3337 856 3399 sociorum
868 3335 1088 3417 flagitationem
1103 3352 1170 3397 nam
1186 3336 1229 3396 sic
1243 3334 1296 3395 de·

129 3460 214 3503 mum
230 3438 354 3517 intelligi
370 3446 482 3518 potest,
504 3456 557 3500 our
576 3438 795 3501 coneedendum
816 3458 897 3512 esse,
918 3439 1049 3519 quamvis
1065 3456 1162 3519 aegre,
1177 3437 1296 3500 tendam

5 3546 6 3569 ¹
128 3554 230 3607 tumen
252 3541 385 3603 animum
405 3541 561 3603 induxerit.
590 3541 634 3603 Ad
657 3541 831 3604 infinitivum
857 3534 1040 3621 ἐπιθυμεῖν
1065 3541 1295 3604 subaudiendam

128 3648 237 3727 aliqms
259 3645 365 3707 dixerit
382 3640 441 3727 τήν
466 3637 651 3725 ξυμμαχίαν
670 3645 804 3726 superius
824 3646 1019 3707 nominatam:
1045 3665 1113 3709 nam
1139 3645 1295 3726 significari

128 3747 209 3825 τούς
231 3741 438 3827 ξυμμάχουςς
460 3765 515 3825 ego
531 3755 628 3809 tumen
647 3747 821 3828 Aeschylum
841 3747 1005 3810 subiectum
1028 3749 1163 3809 disertius
1182 3748 1295 3828 signid-

129 3870 216 3915 oesse
236 3850 342 3922 eredo,
365 3849 422 3911 sie:
443 3841 526 3935 ὀργᾷ
545 3846 715 3936 περιόργφ
737 3840 797 3935 σφ’
821 3844 1003 3931 ἐπιθυμεῖν
1023 3843 1135 3929 θέμις.
1166 3849 1224 3911 Sed
1239 3867 1294 3929 po·

130 3964 242 4017 strenua
269 3952 324 4014 tria
343 3952 429 4015 rerba
449 3953 526 4015 band
548 3953 635 4015 dubie
654 3962 790 4034 corrupta
811 3962 889 4016 sunt.
920 3952 1106 4014 Hermennus
1126 3951 1242 4031 quidem
1262 3970 1295 4013 ea

131 4058 177 4118 sie
189 4056 331 4137 explieen'
347 4072 437 4135 posse
451 4061 595 4126 autumat,
611 4065 645 4116 ut
656 4054 845 4117 subaudiatur
858 4056 1013 4128 sententia,
1033 4055 1069 4116 ad
1089 4073 1175 4134 quam
1192 4073 1294 4116 eausa-

133 4160 168 4221 lis
187 4159 332 4241 partimtla
352 4152 414 4240 γάρ
434 4160 590 4231 referatur,
608 4172 729 4237 nempe:
751 4158 803 4220 sic
822 4159 895 4220 liat
937 4158 1043 4231 ,‚lta“‚
1064 4157 1170 4237 iuquit,
1191 4156 1294 4237 „quod

134 4262 308 4324 brevissime
323 4261 395 4323 dixit
409 4270 509 4341 poeta,
524 4260 723 4340 accipiendum
739 4267 784 4322 est
796 4261 877 4322 bunc
890 4261 921 4320 in
939 4261 1077 4322 modum:
1097 4276 1186 4331 nam,
1208 4276 1294 4338 quo-

7 4366 14 4383 *
135 4366 229 4427 niam
249 4364 372 4427 evitari
394 4378 466 4425 non
486 4369 621 4441 potest,
642 4363 841 4442 optandum
860 4369 898 4425 ut
923 4363 1010 4424 boue
1030 4363 1171 4422 vertat“
1207 4358 1295 4433 Ergo,

136 4468 268 4547 quamvis
282 4466 442 4530 subaudias
454 4464 525 4526 illud
541 4464 592 4525 sio
606 4465 684 4538 liat,
700 4464 832 4526 nondum
844 4471 941 4527 tumen
953 4460 1086 4543 procedit
1096 4455 1296 4534 interpretatio
