3154 5138
846 418 908 482 302

296 605 332 667 ad
353 604 524 668 sentemim
545 618 608 667 non
626 603 738 684 inepta,
761 602 873 665 nemini
891 610 989 665 umen
1008 608 1123 683 praeter
1140 602 1288 665 liavisiom
1306 602 1454 684 micuisse

296 706 419 771 videtur.
448 707 549 789 Neque
563 706 592 769 id
607 705 715 769 mirum
730 715 782 768 est
812 704 928 786 Quippe
942 704 1153 788 diligentiorem
1172 704 1320 767 sermonis
1335 703 1453 766 Cicero-

295 809 375 872 niani
395 809 612 873 observatorem
631 808 816 890 participium
839 808 922 883 illud,
945 825 1015 871 non
1040 807 1298 889 intelligentes,
1323 806 1454 881 offendit,

296 914 378 977 cuius
392 914 473 989 loco,
489 913 520 975 in
534 911 703 976 huiusmodi
719 911 836 992 quidem
852 918 1003 985 contextu,
1017 910 1137 974 verbnm
1153 911 1253 991 potius
1267 927 1384 991 neque
1400 908 1451 970 in-

297 1016 512 1080 tellexerunt
531 1024 580 1079 aut
599 1033 704 1098 quum
724 1033 795 1077 non
815 1013 1058 1094 intelligerent
1077 1022 1254 1095 expectares.
1275 1047 1318 1058 —
1346 1011 1453 1074 Grute-

295 1119 394 1182 rianae
412 1117 545 1182 lectioni:
570 1136 642 1180 non
662 1118 826 1181 viderunt
845 1116 952 1179 animi
970 1123 1133 1179 naturam
1157 1115 1396 1196 intelligentis
1416 1114 1454 1176 in

296 1240 396 1303 quam
412 1222 431 1285 l.
448 1241 472 1284 c
488 1239 528 1301 p,
543 1221 574 1283 in
588 1220 704 1284 duobus
720 1221 869 1283 codicibus
883 1226 1015 1300 repertae
1025 1226 1054 1281 et
1064 1238 1081 1280 a
1092 1217 1219 1280 boherio
1230 1217 1378 1299 probetne,
1392 1233 1454 1279 non

295 1324 360 1385 sine
378 1341 464 1385 causa
479 1320 611 1385 Davisius
631 1322 785 1403 opposuit,
807 1340 958 1403 nunquam
977 1322 1021 1385 sic
1039 1341 1055 1384 a
1070 1321 1210 1384 Cicerone
1229 1319 1381 1382 animum
1402 1319 1455 1381 in·

296 1424 513 1505 telligentem
528 1424 585 1488 dici
599 1443 655 1505 pro
669 1443 701 1486 ca
716 1433 799 1506 parte
813 1424 912 1499 animi,
931 1443 1004 1506 quae
1019 1423 1057 1486 sit
1070 1423 1193 1486 rationis
1208 1430 1237 1485 et
1250 1421 1457 1503 intelligentiae

295 1526 458 1608 particeps:
480 1546 610 1609 quocum
629 1527 817 1589 consentiens
837 1526 961 1589 Wolfius
982 1525 1084 1602 „nibili
1103 1532 1169 1588 est“
1188 1524 1297 1607 inquit,
1316 1524 1455 1599 „animus

294 1630 470 1711 intelligens,
485 1630 624 1709 quoniam
639 1629 742 1692 Latine
758 1628 973 1709 intelligentiam
988 1645 1049 1691 non
1065 1627 1180 1691 animus
1194 1625 1295 1700 babet,
1316 1627 1368 1689 sad
1383 1644 1455 1708 para

295 1731 393 1807 animi,
407 1738 523 1795 mens.“
552 1731 584 1794 ld
599 1731 686 1811 igitur
700 1731 786 1794 etiam
802 1740 904 1794 contra
918 1731 1087 1794 Emestium
1103 1729 1257 1793 dicendum
1273 1729 1340 1805 erit,
1357 1729 1454 1809 quiin

295 1834 409 1897 Gruteri
423 1834 547 1897 lectione
560 1834 619 1896 boc
633 1851 725 1896 unum
742 1834 871 1908 mutant,
886 1840 932 1908 ut,
946 1833 1053 1896 vitandi
1068 1831 1176 1894 sedicet
1190 1831 1341 1912 graedsmi
1357 1850 1456 1906 eausa,

295 1944 420 1999 natura
434 1954 490 2016 pro
506 1944 667 1998 naturam
682 1943 814 2016 poneret,
828 1936 1079 2016 quemadmodum
1092 1942 1195 2015 postea
1205 1934 1339 1997 lloscrus
1350 1934 1381 1995 in
1393 1952 1454 1996 uno

295 2038 395 2101 codice
415 2038 556 2119 scriptum
576 2038 698 2113 invenit3
721 2037 912 2119 probavitque
931 2056 994 2099 eam
1015 2037 1190 2117 scripturam
1212 2036 1299 2098 etiam
1318 2036 1454 2116 Wgtten·

294 2141 414 2204 baebius
428 2160 499 2222 prae
514 2159 560 2215 ea,
575 2157 662 2221 pam
677 2139 742 2220 ipse
756 2148 839 2202 antea
854 2139 1076 2220 excogitaverat:
1096 2138 1194 2202 nullo
1210 2139 1318 2201 modo
1333 2139 1455 2201 viden·

295 2251 352 2306 tur
373 2243 479 2307 animi
502 2252 664 2305 naturam
687 2242 912 2304 intellexisse
934 2241 968 2303 in
990 2260 1091 2323 quam
1114 2242 1133 2303 l.
1156 2260 1181 2304 c
1204 2259 1249 2321 p.,
1276 2260 1350 2322 qnae
1371 2259 1457 2316 sane,

295 2346 426 2427 quamvis
442 2346 616 2408 adsensum
632 2351 712 2426 apta,
730 2344 811 2407 nullo
831 2344 922 2407 modo
941 2352 1039 2407 tamen
1058 2343 1217 2426 probabilis
1234 2344 1326 2407 videri
1344 2353 1456 2425 potest

294 2448 425 2529 Denique
446 2447 631 2510 Eicbstadius
657 2446 844 2510 scribendum
872 2447 1007 2509 coniecit:
1035 2446 1262 2510 nullomodo
1289 2446 1458 2509 viderunt

293 2550 402 2614 animi
417 2557 545 2613 natura
559 2558 594 2612 et
607 2549 847 2630 intelligentia
861 2550 895 2611 in
912 2568 1013 2630 quam
1029 2550 1048 2611 l.
1064 2569 1088 2611 c.
1104 2569 1143 2631 p,
1164 2550 1248 2631 eique
1262 2559 1457 2613 assenserunt

294 2653 426 2728 Wolilus,
441 2651 621 2727 llattbiaeua,
635 2651 778 2724 llosevus,
793 2670 847 2731 ego
863 2660 958 2713 autem
973 2652 1005 2713 in
1019 2669 1062 2726 ea,
1078 2671 1232 2732 quaeum
1244 2651 1382 2732 prodibit,
1396 2652 1456 2714 ho·

292 2774 359 2818 rum
374 2755 517 2819 librorum
532 2754 660 2817 editione
674 2754 761 2816 etiem
778 2753 821 2816 sic
834 2753 935 2816 excudi
951 2752 1038 2828 inssi,
1052 2773 1113 2816 non
1126 2754 1205 2835 quod
1217 2752 1289 2815 mibi
1303 2763 1455 2817 constaret

292 2859 328 2921 de
343 2857 557 2921 emendationis
571 2855 701 2930 veritate,
721 2856 771 2917 sed
791 2857 871 2936 quod
890 2856 1039 2919 lenissima
1060 2857 1162 2919 saitem
1182 2864 1274 2927 esset,
1294 2874 1386 2936 enque
1404 2873 1455 2917 re·

293 2970 376 3042 cepta
391 2960 474 3023 locus
490 2959 554 3022 sine
567 2958 624 3021 ulla
639 2959 804 3021 offensione
817 2959 872 3039 legi
887 2967 1002 3039 posset,
1017 2958 1095 3039 quod
1111 2959 1231 3040 quidem
1246 2957 1371 3020 insilias
1387 2956 1454 3020 edi-

293 3061 381 3124 tionis
396 3060 519 3125 consilio
533 3060 679 3141 imprimis
695 3061 886 3142 spectandum
903 3060 964 3122 init
995 3061 1097 3123 Verius
1117 3069 1215 3123 autern
1233 3060 1293 3122 boc
1311 3067 1400 3141 puto,
1421 3067 1454 3122 ut

292 3165 477 3246 participium
504 3163 564 3225 sive
587 3163 831 3244 intelligentes
856 3162 917 3224 sive
939 3162 1179 3242 intelligentis
1201 3163 1288 3243 plane
1310 3161 1452 3225 deleatur.

292 3268 386 3348 litque
400 3266 557 3348 genitivum
573 3265 689 3346 quidem
706 3265 742 3328 ab
757 3265 853 3346 aliquo
869 3272 1034 3327 correctore
1048 3265 1178 3345 positum
1199 3284 1266 3327 esse
1284 3282 1375 3326 nemo
1394 3264 1454 3326 dn·

291 3369 405 3445 bitabit3
430 3370 481 3432 sed
505 3368 716 3431 nominativum
736 3385 799 3429 non
817 3367 916 3430 minus
936 3369 1096 3431 correctori
1114 3367 1213 3430 deberi
1236 3366 1377 3441 arbitror,
1401 3367 1454 3448 qni

291 3458 382 3551 quum
401 3470 459 3534 vim
479 3471 558 3533 verbi
577 3469 745 3532 viderunt
764 3487 824 3531 non
845 3470 919 3533 ultra
938 3470 1134 3533 accusativum
1155 3469 1264 3534 enimi
1287 3476 1453 3531 naturam

291 3572 438 3653 pertinere
450 3591 541 3655 posse
556 3572 736 3653 opinaretur,
755 3569 881 3652 ideoque
896 3572 998 3635 deesse
1013 3572 1119 3653 aliquid
1134 3579 1261 3653 putaret,
1280 3570 1360 3633 unde
1376 3588 1454 3650 pro·

290 3675 367 3739 xima
382 3677 479 3751 verba,
499 3675 534 3738 in
549 3692 648 3755 quam
664 3674 814 3753 liguram
831 3675 954 3738 cadere
973 3682 1113 3755 posset,
1133 3675 1308 3756 panderent,
1329 3671 1455 3751 partiet-

291 3778 373 3860 pium
384 3778 452 3841 illud
464 3775 659 3858 adscripserit,
674 3775 734 3837 sive
745 3775 841 3839 addita
851 3776 1003 3856 negatione
1014 3776 1074 3838 sive
1085 3793 1146 3840 non
1157 3776 1266 3838 addita:
1282 3772 1348 3854 qais
1360 3772 1454 3847 enim,

291 3889 432 3963 quantum
452 3880 498 3942 ille
516 3879 659 3960 sapuerit,
684 3877 760 3940 scire
782 3874 903 3958 potest?
931 3877 1101 3941 Stnacturao
1126 3886 1220 3941 autem
1243 3876 1334 3952 illius,
1359 3893 1455 3956 quam

291 3982 493 4046 attractionem
507 3981 595 4044 bodie
612 3980 725 4055 dicunt,
744 3979 876 4059 exempla
890 3980 967 4061 apud
984 3979 1153 4044 Ciceronem
1170 3978 1322 4061 complura
1337 3976 1368 4039 in
1384 3978 1455 4059 epi-

292 4085 376 4149 stolis
391 4094 420 4148 et
435 4084 517 4147 libris
532 4081 744 4165 philosophicis
755 4080 949 4161 reperiuntur,
964 4082 1040 4145 velut
1050 4082 1080 4145 in
1090 4083 1149 4145 boc
1159 4083 1225 4163 ipso
1236 4081 1313 4143 libro
1325 4081 1354 4144 d.
1367 4080 1402 4142 N.
1413 4080 1456 4142 Ι).

290 4188 313 4264 1,
334 4188 385 4261 26,
407 4186 462 4249 73:
488 4184 585 4255 istud
605 4182 707 4265 quasi
727 4200 859 4262 corpus
878 4191 913 4245 et
934 4184 1036 4264 quasi
1059 4184 1269 4265 sanguinem
1293 4182 1376 4264 qaid
1400 4182 1457 4246 sit

242 4299 273 4351 tt
291 4285 635 4370 intelligisil'uacul.
661 4286 689 4358 1,
714 4283 765 4359 24,
788 4284 844 4347 56:
876 4287 1099 4365 sanguinem,
1123 4287 1243 4362 bilem,
1266 4286 1461 4368 pituitam,

292 4411 389 4467 ossa,
408 4407 551 4463 nervos,
570 4406 691 4464 venas,
710 4405 847 4449 omnem
863 4388 1016 4469 denique
1031 4390 1270 4454 membrorum
1284 4397 1319 4451 et
1331 4388 1460 4452 totius
