3222 5148
655 474 806 573 ,28]-

242 666 496 739 Quemadmodum
523 672 621 727 autem
643 663 674 725 in
695 664 834 743 absque
849 663 963 725 facturn
980 669 1038 735 est,
1064 668 1098 724 ut
1112 660 1314 725 conditionalis

152 769 311 850 particulae
324 767 494 848 significatio
509 766 658 848 paullatim
674 774 860 830 evanesceret
874 783 971 845 neque
986 766 1112 848 amplius
1128 784 1144 826 a
1160 765 1311 848 scriptori-

152 871 208 935 bus
223 878 439 951 agnosceretur,
455 870 498 932 sic
512 870 543 930 in
557 868 619 931 aliis
634 868 810 948 quibusdam
826 867 999 948 compositis
1014 868 1101 929 etiam
1118 867 1313 947 copulativam

153 973 285 1035 eiusdem
305 970 464 1055 particulae
485 972 741 1050 significationem,
768 971 794 1032 si
814 988 874 1032 non
894 989 1026 1050 semper,
1047 979 1077 1031 at
1097 987 1311 1050 nonnunquam

152 1083 253 1139 tamen
274 1074 460 1136 obscuratam
479 1073 623 1134 videmus.
653 1073 767 1135 Horum
783 1091 876 1135 unum
891 1082 937 1135 est
952 1073 1115 1145 nssnluva
1131 1072 1311 1147 adverbium,

152 1177 237 1242 ouius
257 1176 351 1260 prima
373 1194 440 1257 pars
462 1175 589 1239 dubitari
608 1193 669 1237 non
689 1183 787 1254 potest
809 1176 880 1254 quin
895 1175 1037 1255 originem
1053 1173 1210 1237 habeatnr
1226 1192 1312 1256 prae·

153 1279 302 1361 positione
322 1277 384 1340 de:
411 1295 479 1339 nam
500 1286 534 1338 ut
553 1295 694 1357 pronus
715 1296 843 1360 expro,
870 1278 1046 1339 internus
1061 1277 1224 1350 exinter,
1251 1295 1312 1339 su-

154 1400 291 1463 pernus
316 1400 333 1442 e
358 1398 480 1461 super,
506 1380 612 1442 eodem
633 1380 720 1442 modo
743 1399 779 1441 ex
797 1380 839 1441 de
862 1380 1050 1442 deridenus
1065 1380 1176 1461 potuit,
1192 1379 1313 1459 eiusque

153 1483 251 1546 forma
271 1483 391 1545 locutive
412 1483 551 1559 deni⁷);
570 1491 658 1562 etque
679 1490 713 1545 ut
733 1480 774 1542 de
793 1481 911 1562 proprie
934 1482 970 1542 de
992 1489 1076 1542 motu
1096 1480 1243 1543 inlocum
1265 1481 1313 1542 in-

153 1585 292 1648 feriorern
313 1585 429 1656 dicitur,
453 1584 496 1646 sic
510 1585 666 1646 locativum
682 1583 752 1645 illud
768 1582 852 1643 deni
866 1583 965 1645 lecum
980 1583 1149 1645 interiorem
1165 1584 1208 1644 vel
1224 1582 1312 1645 eliam

152 1689 299 1762 infimum,
314 1689 440 1768 ideoque
454 1697 640 1767 postremum
654 1686 816 1766 significare
830 1685 935 1765 potuit,
952 1701 1026 1765 quae
1042 1684 1212 1765 significatio
1224 1686 1312 1748 ctiam

153 1793 185 1853 in
209 1793 352 1854 demum
378 1790 515 1853 adverbio
538 1789 706 1870 agnoscitur
725 1788 796 1849 item
819 1808 856 1849 er
875 1788 978 1849 eadem
999 1787 1214 1867 praepositione
1230 1795 1311 1849 orto:

153 1894 306 1956 locativam
327 1898 425 1954 aulem
446 1892 687 1972 significationem
707 1891 739 1952 in
759 1890 952 1969 temporalem
967 1889 1073 1951 abiisse
1088 1907 1177 1952 nemo
1192 1890 1311 1952 mirabi-

153 2003 213 2058 tur.
247 1995 409 2073 lienique
435 1995 523 2074 igitur
548 1993 685 2074 primitus
711 1992 790 2054 haud
816 1992 905 2053 dubie
929 1992 1001 2053 nihil
1028 1991 1106 2053 alind
1132 1991 1312 2071 significabat

154 2115 243 2176 quam
268 2103 535 2179 postremoque
561 2096 591 2157 h.
612 2115 638 2157 e.
665 2100 699 2155 et
724 2102 931 2177 postremo,
956 2112 1011 2156 nec
1035 2112 1105 2156 sane
1129 2095 1222 2157 multa
1242 2103 1313 2157 aunt

154 2199 302 2281 exempla,
324 2198 355 2260 in
377 2198 483 2279 quibus
498 2196 690 2277 copulativam
705 2195 854 2258 encliticae
868 2196 926 2257 vim
941 2212 1003 2256 non
1018 2196 1231 2275 agnoscendam
1246 2216 1312 2259 esse

153 2301 270 2365 dixeris
300 2300 367 2362 Non
382 2300 489 2360 desunt
502 2305 603 2360 tamen
617 2297 681 2369 alin,
697 2316 772 2378 quae
786 2299 862 2359 hauc
876 2297 964 2360 etiem
980 2298 1129 2361 delituisse
1145 2299 1309 2373 ostendant,
1395 2302 1399 2311 '

152 2403 232 2469 velut
246 2403 297 2464 nlvi
312 2400 470 2481 denique
485 2418 554 2463 cum
569 2400 750 2462 disiunctivis
765 2400 1021 2463 coniunctionibus
1036 2409 1097 2463 ant
1112 2411 1142 2463 et
1157 2401 1212 2462 vel
1227 2420 1311 2464 com-

152 2507 289 2591 ponitur:
312 2522 381 2567 nam
404 2503 623 2584 copulationem
645 2512 674 2563 et
688 2502 917 2566 disiunctionem
931 2502 1011 2567 inter
1025 2524 1056 2567 se
1071 2522 1201 2585 pugnare
1216 2505 1312 2568 mani-

151 2611 262 2673 festum
283 2609 375 2683 est⁸).
405 2607 508 2686 ltaque
528 2606 558 2666 in
577 2606 747 2669 huiusmodi
762 2607 912 2688 exemplis,
934 2609 1019 2689 quale
1034 2617 1079 2670 est
1091 2610 1150 2670 hoc
1163 2594 1312 2671 Ciceronis

152 2731 198 2795 pr.
220 2710 307 2773 drch.
323 2729 348 2771 c.
365 2709 394 2783 6,
413 2710 468 2769 12:
494 2708 562 2782 „ab
584 2709 723 2770 nullius
746 2726 906 2790 unquam
928 2730 984 2773 me
1006 2719 1232 2792 tempore-
1252 2718 1313 2774 aut

155 2814 272 2875 otium
293 2830 412 2874 meum
432 2809 630 2883 abstraxit,
652 2818 713 2873 eut
734 2812 903 2891 voluptas
922 2812 1105 2887 avocavit,
1131 2813 1312 2875 autdeni·

152 2931 222 2994 que
236 2913 646 2985 somnusretardavit“,
660 2912 958 2994 hocdeniquepro
972 2922 1008 2976 et
1023 2915 1313 2996 postremoaccipi

152 3034 213 3077 non
233 3035 319 3096 posse
339 3022 468 3095 apparet.
498 3014 600 3093 Neque
615 3013 708 3093 magis
723 3014 753 3075 id
767 3015 831 3076 lieri
845 3024 952 3098 potest,
974 3016 1024 3078 ubi
1038 3026 1149 3096 atque
1163 3024 1193 3079 et
1206 3017 1312 3079 deni-

152 3137 220 3198 que
239 3125 467 3200 componuntur,
493 3119 571 3180 velut
590 3117 667 3201 apud
687 3116 840 3190 Plautum,
860 3117 947 3180 llere.
968 3118 1010 3192 ll,
1033 3121 1065 3193 l,
1090 3119 1142 3181 18:
1166 3122 1312 3200 „Atque

150 3221 221 3283 lroc
241 3220 398 3300 denique
416 3219 648 3302 respondet.“
676 3217 770 3299 Igitur
789 3219 820 3280 in
839 3220 944 3282 talibus
960 3227 1010 3282 aut
1023 3239 1145 3301 prorsus
1160 3224 1312 3285 evanuisse

223 3440 249 3502 ’1)
267 3437 306 3490 Cl.
319 3438 439 3504 Coronen,
450 3437 518 3491 lirit.
531 3439 609 3490 Beitr.
621 3454 645 3504 p.
658 3440 700 3493 85.

219 3523 244 3586 8)
264 3524 336 3591 Apud
347 3524 471 3585 Persium,
484 3532 532 3575 set
545 3523 585 3587 lll,
597 3524 643 3587 29,
656 3540 734 3590 neque
746 3524 771 3575 iu
786 3526 950 3590 plurimorum
963 3527 1077 3579 codicum
1089 3529 1209 3582 lectione:
1222 3546 1312 3596 „ceo-

150 3623 296 3660 eoremve
314 3616 398 3661 tuum
415 3608 464 3661 vel
485 3611 563 3675 quod
581 3610 728 3661 trabeate
744 3608 889 3662 salntes“
902 3612 1036 3677 repetitam
1048 3613 1313 3666 coniunctionemdis·

156 3693 308 3757 iunctiven,
325 3710 403 3761 neque
415 3696 441 3746 in
453 3693 542 3761 altere,
555 3710 627 3761 quem
639 3695 754 3745 nonnulli
766 3694 825 3746 libri
837 3696 940 3746 liabent:
961 3732 977 3761 „
986 3712 1208 3763 censoremque
1229 3706 1312 3750 tunm

148 3774 201 3830 vel
223 3779 302 3843 qnod
321 3779 470 3831 trabeate
491 3778 638 3831 selutee“
653 3781 818 3847 compositam
835 3796 890 3831 cnm
903 3782 1047 3845 copulativa
1060 3782 1236 3834 disiunctivem
1249 3782 1312 3834 lerri

150 3877 229 3929 posse
250 3863 388 3914 verissime
406 3864 566 3916 Heinriohins
587 3865 715 3916 indicavit
744 3864 827 3917 Minus
848 3866 1001 3933 probandum
1018 3874 1091 3934 puto,
1113 3868 1179 3933 quod
1196 3868 1260 3919 idern
1272 3869 1313 3919 in-

148 3948 256 4015 geniose
268 3964 329 4000 eene
341 3956 387 4000 ent
397 3948 488 4000 saltem
500 3950 573 4000 docte
585 3950 693 4000 coniecit
705 3951 862 4001 scribendum
875 3967 944 4003 esse:
960 3967 1146 4015 „censorem
1164 3951 1311 4020 letnnm“‚

147 4050 197 4102 qno
215 4033 346 4085 Claudium
367 4035 546 4100 imperatorem
565 4033 704 4099 significari
723 4033 788 4087 vult.
813 4035 934 4101 Equidem
955 4037 1046 4089 vitium
1065 4052 1099 4088 ex
1119 4035 1209 4099 lacuna
1227 4046 1311 4091 ortum

152 4119 312 4170 crediderim.
337 4117 462 4185 Scriptum
474 4117 534 4169 luit:
560 4115 790 4180 „censoremve
807 4128 890 4189 tuum
907 4122 1311 4201 quodtrebeatesalutus‘2

152 4203 247 4254 omisso
267 4211 326 4255 ente
346 4203 492 4255 trabeate
512 4203 637 4253 vocabulo
658 4219 760 4270 eques.
786 4204 952 4256 Correctores
965 4213 1060 4269 autern,
1081 4214 1110 4258 nt
1122 4208 1210 4258 versui
1220 4208 1312 4259 saltem

151 4287 323 4354 mederentur,
336 4288 445 4353 ineptum
458 4285 520 4339 illud
533 4285 583 4338 vel
594 4296 652 4339 ente
665 4291 742 4355 quod
754 4290 928 4353 intruserunt5
945 4289 1003 4356 alii,
1020 4292 1052 4343 ed
1063 4290 1201 4343 tollendam
1214 4291 1311 4343 scilicet

149 4372 328 4436 repetitionem
349 4374 534 4440 disiunctum,
550 4389 598 4441 pro
615 4389 821 4428 censoremve
833 4384 972 4444 posuerunt
983 4392 1215 4446 censoremque,
1233 4379 1310 4430 nihilo

150 4456 232 4521 megia
244 4454 385 4510 fereadum.
