3164 5138
668 446 708 508 tt

103 660 207 706 cunm
230 658 386 704 mersum
408 660 486 704 esse.
537 642 666 705 Eandem
690 662 753 705 rem
770 643 858 706 etism
875 640 1022 705 Homerus
1041 642 1130 706 refert
1147 642 1203 706 od.
1223 643 1269 717 IV,

107 748 167 810 244
194 765 281 826 sqq,
312 746 467 827 possitque
491 745 618 826 proinde
646 746 762 828 aliquis,
787 747 967 811 Aristoteliae
996 745 1117 809 radonis
1143 747 1270 826 ignarus,

107 840 284 927 Πτωχείας
311 868 430 929 quoque
459 849 639 929 tragoediam
665 850 696 912 iu
719 851 756 912 iis
780 868 950 925 numerare,
980 870 1055 932 quae
1080 868 1115 910 er
1140 847 1269 928 Odyssea

111 954 211 1015 ductae
232 952 303 1014 sint
349 951 407 1014 Sed
426 953 504 1034 apud
519 953 680 1015 Homerum
698 973 746 1016 res
766 954 860 1019 obiter
878 963 907 1016 et
922 954 952 1015 in
972 954 1107 1034 episodic
1133 956 1269 1031 traditur3

112 1056 186 1136 apud
199 1054 338 1117 leschen
358 1064 461 1118 contm
480 1056 510 1117 iu
529 1055 566 1118 iis
586 1056 651 1129 fuit,
670 1075 794 1137 quarum
812 1056 888 1119 serie
906 1057 1003 1137 ipsum
1024 1058 1162 1121 carminis
1181 1077 1268 1139 argu·

112 1168 241 1220 mentum
262 1178 297 1220 ac
315 1177 431 1221 summa
457 1159 674 1222 continebatur:
698 1160 835 1240 idemque
854 1161 890 1222 de
906 1161 1007 1223 ceteris
1034 1161 1188 1224 dicendum
1214 1171 1269 1235 est,

115 1281 183 1341 quas
213 1281 250 1323 ex
276 1260 365 1323 [liade
395 1280 482 1342 parva
508 1262 677 1343 desumptas
703 1263 802 1342 tragici
832 1271 936 1344 poetae
960 1271 1099 1327 tractasse
1125 1264 1268 1328 deantur.

113 1366 249 1429 Proxima
274 1373 321 1426 est
339 1360 522 1427 Λακαινῶν
541 1365 648 1438 fabula,
673 1384 731 1446 qno
756 1366 840 1429 titulo
860 1366 1017 1448 Sophoclis
1035 1367 1184 1448 tragoedia
1205 1368 1269 1443 linit,

115 1489 198 1552 quam
217 1469 251 1530 in
270 1467 361 1529 rebus
375 1466 469 1529 lliacis
483 1476 626 1531 uersatum
642 1487 707 1530 esse
725 1486 817 1530 unum
837 1477 913 1531 certe
929 1472 1122 1549 fragmentum
1138 1478 1270 1545 testetur,

114 1593 262 1655 quumque
276 1571 313 1634 ab
327 1570 482 1633 mulcete
495 1571 568 1633 haec
582 1573 730 1652 tragoedia
745 1574 843 1636 statim
861 1581 932 1654 post
945 1566 1119 1654 Πιονχείαν
1133 1573 1270 1635 nomine-

113 1688 170 1749 tur,
189 1694 310 1739 sunrmc
326 1676 390 1737 iure
403 1685 607 1756 argumentum
627 1677 690 1739 eius
710 1696 797 1738 exea
816 1686 897 1757 parte
912 1676 1008 1739 Iliadis
1026 1696 1131 1757 paruae
1150 1677 1270 1739 ductum

114 1800 177 1841 esse
191 1778 341 1853 statuitur,
361 1778 398 1841 de
417 1798 474 1860 qua
492 1779 524 1840 in
538 1780 634 1841 Procli
653 1780 781 1860 epitome
798 1779 959 1861 postillam
974 1779 1165 1842 mendicantis
1180 1779 1271 1842 Ulixis

114 1883 344 1962 speculationem
358 1883 494 1944 remmus:
514 1875 572 1944 καὶ
592 1878 677 1961 μετὰ
696 1878 801 1944 ταῦτα
829 1872 1002 1956 Ὀδυσσεὺς
1024 1877 1082 1944 οὐν
1103 1876 1272 1967 Διομήδει

113 1984 149 2047 sd
159 1977 359 2046 Παλλάδιον
372 1977 539 2064 ἐκκομίζει
553 1978 590 2048 ἐκ
603 1981 663 2069 τῆς
672 1975 783 2046 Ἰλίου.
816 1986 916 2066 Neque
930 1986 1008 2047 euim
1023 1985 1149 2048 dubitari
1163 1995 1271 2067 potest,

113 2090 180 2167 quin
190 2087 293 2150 Ulixes
306 2087 393 2149 etiam
408 2087 505 2149 inhoc
518 2090 596 2150 furto
606 2087 724 2149 Palladii
735 2088 859 2149 Helenae
873 2088 980 2150 auxilio
995 2108 1068 2150 usus
1083 2088 1130 2161 sit,
1146 2108 1271 2168 quacum

112 2203 192 2253 antea
207 2191 247 2251 de
258 2189 372 2251 excidio
385 2190 466 2252 urbis
481 2192 705 2272 conspiraverat,
719 2182 899 2265 Λακαίνας
910 2200 1005 2252 autem
1018 2190 1135 2252 ancillas
1146 2191 1271 2253 Helenae

113 2292 372 2375 mterpretabimur
398 2312 433 2353 er
458 2292 584 2356 Laconia
616 2294 718 2355 heram
752 2292 952 2369 comesset).
1004 2292 1140 2372 Sequitur
1167 2284 1270 2355 Ἰλίου

113 2394 243 2479 nepem,
282 2414 341 2476 qno
376 2394 497 2457 nomine
531 2396 694 2474 tragoedias
725 2395 911 2476 inscripsisse
944 2395 1081 2458 dicuntur
1108 2393 1270 2477 cleophon,

113 2500 240 2580 lophon,
266 2499 513 2576 nicomedense).
559 2499 672 2560 Eodem
696 2498 817 2560 nomine
834 2500 920 2561 etiam
947 2517 1054 2580 paruae
1076 2497 1173 2559 Iliadis
1197 2497 1269 2559 liber
1288 2502 1319 2554 Π

109 2612 282 2681 postremus
307 2621 325 2662 a
351 2601 525 2682 quibusdam
550 2602 687 2683 appellari
713 2601 816 2663 solitus
842 2621 907 2663 esse
932 2602 1099 2677 videturssi,
1126 2601 1270 2663 excidium

109 2705 190 2766 urbis
209 2722 321 2783 resque
342 2723 409 2767 cum
428 2724 464 2765 eo
484 2704 653 2769 memores
678 2705 863 2784 complexus,
881 2704 960 2766 unde
983 2712 1123 2784 quantum
1148 2705 1271 2784 quisque

109 2809 292 2888 uagicorunr
312 2807 342 2868 in
363 2807 543 2886 tragoediam
563 2826 646 2870 suam
661 2807 851 2880 transtulerit,
871 2807 940 2869 sciri
954 2824 1016 2868 non
1031 2813 1138 2887 potest
1182 2806 1271 2868 Nico·

109 2910 206 2973 machi
221 2908 342 2989 quidem
354 2899 452 2971 Ἰλίου
475 2902 594 2991 πέρσις
614 2911 700 2973 etiarn
721 2909 776 2972 alie
796 2910 917 2971 nomine
935 2910 1108 2990 Polyxena
1129 2908 1270 2970 inscribe-

109 3016 210 3075 batur:
230 3020 378 3074 versatam
403 3011 490 3090 igitur
512 3020 633 3095 apparet
650 3013 681 3074 in
695 3012 857 3093 Polyxenae
876 3013 1031 3086 sacrificio,
1052 3014 1088 3074 de
1107 3030 1166 3091 quo
1185 3012 1270 3073 etiam

110 3116 139 3176 in
153 3134 246 3195 parra
260 3113 349 3175 [liade
363 3113 485 3175 relatum
498 3115 603 3188 inisse,
619 3114 685 3177 licet
698 3133 786 3177 nemo
803 3123 939 3189 testetur,
957 3116 1003 3177 vix
1018 3124 1115 3177 tamur
1126 3113 1271 3176 dubitabi-

111 3228 165 3280 tur.
211 3216 291 3279 Nam
310 3214 408 3278 Procli
426 3216 574 3297 epitomen
593 3235 656 3279 non
675 3217 765 3279 totius
786 3218 936 3291 carminis,
961 3218 1012 3279 sed
1032 3216 1140 3299 prioris
1157 3224 1270 3278 tanturn

111 3323 201 3401 partis
217 3316 413 3380 summarium
427 3318 562 3381 exhihere
581 3327 704 3383 constat.
748 3312 945 3395 Ἀπόπλους
957 3320 1103 3400 tragoedia
1118 3319 1270 3380 cuiusnam

110 3432 215 3504 poetae
236 3431 267 3484 et
288 3438 416 3500 quonam
436 3421 556 3502 proprie
575 3430 746 3500 argumento
762 3424 860 3497 fuerit,
875 3423 1055 3502 ignoramus.
1100 3422 1269 3484 Sinonem

111 3524 278 3607 Sophocles
298 3521 428 3604 scripsit:
447 3523 589 3598 tabulam,
609 3525 723 3604 qualem
738 3525 879 3606 Vergilius
899 3525 984 3587 habet
997 3524 1131 3587 Aeneidis
1146 3523 1219 3585 libro
1235 3522 1269 3595 ll,

111 3630 197 3691 etiam
213 3627 246 3689 in
264 3645 354 3708 parva
371 3625 458 3688 Iliade
472 3626 563 3689 titisse
580 3644 643 3689 non
658 3627 797 3707 estquod
813 3628 969 3690 dubitetur.
1013 3628 1054 3689 lie
1069 3624 1269 3688 Troadibus

113 3732 252 3811 deniqne,
271 3727 454 3790 nobilissima
468 3728 616 3809 Euripidis
636 3730 796 3810 tragoedia,
811 3730 905 3791 dicere
920 3730 992 3793 nihil
1007 3728 1115 3792 attinet.
1130 3763 1171 3772 —
1187 3727 1270 3789 Cete-

113 3852 178 3895 rum
197 3832 251 3911 qui
268 3830 338 3892 illud
358 3831 395 3891 de
409 3829 495 3893 iliade
513 3839 542 3892 et
557 3830 688 3912 Odyssea
710 3832 927 3907 testimonium,
951 3832 1028 3894 idem
1047 3830 1164 3893 criticus
1184 3830 1270 3891 etiam

113 3936 188 3997 lianc
218 3934 319 3995 decem
350 3932 565 4012 tragoediarum
596 3934 844 3997 enumerationem
870 3935 1054 3996 vehementer
1082 3932 1270 4014 impugnavit,

181 4207 206 4269 6)
226 4206 269 4256 Sic
281 4207 355 4259 etim
369 4205 500 4255 Welcler.
513 4204 529 4255 l.
541 4205 559 4255 l.
572 4212 631 4256 tom.
644 4203 662 4256 1.
675 4222 698 4272 p.
713 4205 769 4255 145.

181 4292 206 4355 7)
226 4290 296 4341 Suid.
310 4306 331 4341 s.
344 4306 414 4341 voce.
428 4296 455 4339 et
468 4287 561 4340 Eudoc.
573 4307 596 4356 p.
611 4289 660 4341 248
673 4297 700 4341 et
711 4288 769 4339 311.

179 4374 262 4440 8)OE
281 4375 324 4428 Fr.
342 4374 470 4427 Wuiilner.
487 4374 518 4424 dc
535 4375 600 4440 cycl.
617 4392 641 4441 p.
660 4375 701 4426 84.
740 4373 841 4425 Welck.
858 4375 889 4424 de
906 4372 969 4441 cycl.
986 4372 1005 4424 l.
1021 4390 1046 4440 p.
1064 4372 1122 4423 215.
1157 4367 1271 4419 Nitnsch.

118 4460 196 4530 llp.
208 4460 252 4513 39.
