<?xml version="1.0" encoding="UTF-8"?>
<!DOCTYPE html PUBLIC "-//W3C//DTD XHTML 1.0 Transitional//EN"
    "http://www.w3.org/TR/xhtml1/DTD/xhtml1-transitional.dtd">
<html xmlns="http://www.w3.org/1999/xhtml" xml:lang="en" lang="en">
 <head>
  <title>
</title>
<meta http-equiv="Content-Type" content="text/html;charset=utf-8" />
  <meta name='ocr-system' content='tesseract 3.04.00' />
  <meta name='ocr-capabilities' content='ocr_page ocr_carea ocr_par ocr_line ocrx_word'/>
</head>
<body>
  <div class='ocr_page' id='page_1' title='image "./opusculaacademi00schogoog_0266.png"; bbox 0 0 3178 5136; ppageno 0'>
   <div class='ocr_carea' id='block_1_1' title="bbox 238 1592 1220 1737">
    <p class='ocr_par' dir='ltr' id='par_1_1' title="bbox 238 1592 1220 1737">
     <span class='ocr_line' id='line_1_1' title="bbox 238 1592 1220 1737; baseline 0.002 -51"><span class='ocrx_word' id='word_1_1' title='bbox 238 1596 300 1687; x_wconf 87' lang='lat' dir='ltr'><strong>DE</strong></span> <span class='ocrx_word' id='word_1_2' title='bbox 328 1595 530 1689; x_wconf 79' lang='lat' dir='ltr'><strong>oronrsss</strong></span> <span class='ocrx_word' id='word_1_3' title='bbox 553 1592 745 1689; x_wconf 76' lang='lat' dir='ltr'><strong>manns</strong></span> <span class='ocrx_word' id='word_1_4' title='bbox 767 1593 1071 1689; x_wconf 73' lang='lat' dir='ltr'><strong>tamnitica.</strong></span> <span class='ocrx_word' id='word_1_5' title='bbox 1102 1597 1147 1688; x_wconf 89' lang='grc' dir='ltr'><strong>Π.</strong></span> <span class='ocrx_word' id='word_1_6' title='bbox 1216 1730 1220 1737; x_wconf 30' lang='lat'><strong>,</strong></span> 
     </span>
    </p>
   </div>
   <div class='ocr_carea' id='block_1_2' title="bbox 32 1881 1301 4326">
    <p class='ocr_par' dir='ltr' id='par_1_2' title="bbox 32 1881 1301 4326">
     <span class='ocr_line' id='line_1_2' title="bbox 187 1881 1301 1979; baseline -0.002 -18"><span class='ocrx_word' id='word_1_7' title='bbox 187 1881 413 1979; x_wconf 76' lang='lat' dir='ltr'><strong>disputavimus</strong></span> <span class='ocrx_word' id='word_1_8' title='bbox 438 1896 546 1976; x_wconf 74' lang='lat' dir='ltr'><strong>arquos</strong></span> <span class='ocrx_word' id='word_1_9' title='bbox 571 1895 677 1958; x_wconf 75' lang='lat' dir='ltr'><strong>sarrae</strong></span> <span class='ocrx_word' id='word_1_10' title='bbox 700 1895 784 1958; x_wconf 78' lang='lat' dir='ltr'><strong>anna</strong></span> <span class='ocrx_word' id='word_1_11' title='bbox 797 1897 825 1973; x_wconf 76' lang='grc' dir='ltr'><strong>ι)</strong></span> <span class='ocrx_word' id='word_1_12' title='bbox 851 1895 1182 1976; x_wconf 66' lang='lat' dir='ltr'><strong>rememoramus</strong></span> <span class='ocrx_word' id='word_1_13' title='bbox 1208 1902 1301 1959; x_wconf 71' lang='lat' dir='ltr'><strong>arna</strong></span> 
     </span>
     <span class='ocr_line' id='line_1_3' title="bbox 123 1996 1271 2081; baseline -0.002 -20"><span class='ocrx_word' id='word_1_14' title='bbox 123 2001 306 2077; x_wconf 80' lang='lat' dir='ltr'><strong>gummatica,</strong></span> <span class='ocrx_word' id='word_1_15' title='bbox 324 2018 410 2081; x_wconf 85' lang='lat' dir='ltr'><strong>quarn</strong></span> <span class='ocrx_word' id='word_1_16' title='bbox 425 1998 562 2071; x_wconf 86' lang='lat' dir='ltr'><strong>iibeiinnr,</strong></span> <span class='ocrx_word' id='word_1_17' title='bbox 578 2014 669 2079; x_wconf 89' lang='lat' dir='ltr'><strong>qrrnrn</strong></span> <span class='ocrx_word' id='word_1_18' title='bbox 683 1996 735 2059; x_wconf 87' lang='lat' dir='ltr'><strong>riri</strong></span> <span class='ocrx_word' id='word_1_19' title='bbox 749 1996 866 2077; x_wconf 86' lang='lat' dir='ltr'><strong>qnidam</strong></span> <span class='ocrx_word' id='word_1_20' title='bbox 881 1998 1044 2061; x_wconf 80' lang='lat' dir='ltr'><strong>doctissimi</strong></span> <span class='ocrx_word' id='word_1_21' title='bbox 1056 1999 1095 2061; x_wconf 85' lang='lat' dir='ltr'><strong>ab</strong></span> <span class='ocrx_word' id='word_1_22' title='bbox 1109 1998 1168 2071; x_wconf 85' lang='lat' dir='ltr'><strong>itta,</strong></span> <span class='ocrx_word' id='word_1_23' title='bbox 1188 1997 1271 2060; x_wconf 89' lang='lat' dir='ltr'><strong>cuins</strong></span> 
     </span>
     <span class='ocr_line' id='line_1_4' title="bbox 121 2099 1271 2183; baseline -0.001 -22"><span class='ocrx_word' id='word_1_24' title='bbox 121 2118 216 2164; x_wconf 86' lang='lat' dir='ltr'><strong>nomen</strong></span> <span class='ocrx_word' id='word_1_25' title='bbox 233 2103 376 2183; x_wconf 73' lang='lat' dir='ltr'><strong>praefert,</strong></span> <span class='ocrx_word' id='word_1_26' title='bbox 398 2108 516 2164; x_wconf 90' lang='lat' dir='ltr'><strong>anctore</strong></span> <span class='ocrx_word' id='word_1_27' title='bbox 534 2100 728 2163; x_wconf 88' lang='lat' dir='ltr'><strong>abiudicatum</strong></span> <span class='ocrx_word' id='word_1_28' title='bbox 748 2100 903 2161; x_wconf 74' lang='lat' dir='ltr'><strong>recentiori</strong></span> <span class='ocrx_word' id='word_1_29' title='bbox 918 2099 1043 2179; x_wconf 90' lang='lat' dir='ltr'><strong>cuipiam</strong></span> <span class='ocrx_word' id='word_1_30' title='bbox 1060 2100 1198 2180; x_wconf 89' lang='lat' dir='ltr'><strong>magistro</strong></span> <span class='ocrx_word' id='word_1_31' title='bbox 1213 2100 1271 2180; x_wconf 73' lang='lat' dir='ltr'><strong>By-</strong></span> 
     </span>
     <span class='ocr_line' id='line_1_5' title="bbox 122 2200 1271 2282; baseline -0.003 -17"><span class='ocrx_word' id='word_1_32' title='bbox 122 2205 204 2266; x_wconf 86' lang='lat' dir='ltr'><strong>rantio</strong></span> <span class='ocrx_word' id='word_1_33' title='bbox 216 2204 407 2279; x_wconf 79' lang='lat' dir='ltr'><strong>tabuissent,</strong></span> <span class='ocrx_word' id='word_1_34' title='bbox 429 2202 636 2265; x_wconf 74' lang='lat' dir='ltr'><strong>vindicavimus</strong></span> <span class='ocrx_word' id='word_1_35' title='bbox 651 2200 769 2282; x_wconf 82' lang='lat' dir='ltr'><strong>qrridem</strong></span> <span class='ocrx_word' id='word_1_36' title='bbox 785 2201 874 2263; x_wconf 86' lang='lat' dir='ltr'><strong>reteri</strong></span> <span class='ocrx_word' id='word_1_37' title='bbox 887 2200 926 2262; x_wconf 84' lang='lat' dir='ltr'><strong>itti</strong></span> <span class='ocrx_word' id='word_1_38' title='bbox 941 2200 1129 2280; x_wconf 88' lang='lat' dir='ltr'><strong>grammatico</strong></span> <span class='ocrx_word' id='word_1_39' title='bbox 1143 2202 1271 2263; x_wconf 77' lang='lat' dir='ltr'><strong>Aristar·</strong></span> 
     </span>
     <span class='ocr_line' id='line_1_6' title="bbox 123 2302 1272 2386; baseline -0.002 -19"><span class='ocrx_word' id='word_1_40' title='bbox 123 2305 191 2379; x_wconf 85' lang='lat' dir='ltr'><strong>obeo,</strong></span> <span class='ocrx_word' id='word_1_41' title='bbox 211 2307 249 2370; x_wconf 86' lang='lat' dir='ltr'><strong>ita</strong></span> <span class='ocrx_word' id='word_1_42' title='bbox 267 2315 373 2369; x_wconf 89' lang='lat' dir='ltr'><strong>tamen</strong></span> <span class='ocrx_word' id='word_1_43' title='bbox 393 2314 428 2367; x_wconf 91' lang='lat' dir='ltr'><strong>nt</strong></span> <span class='ocrx_word' id='word_1_44' title='bbox 444 2304 533 2367; x_wconf 89' lang='lat' dir='ltr'><strong>simui</strong></span> <span class='ocrx_word' id='word_1_45' title='bbox 552 2321 613 2366; x_wconf 93' lang='lat' dir='ltr'><strong>non</strong></span> <span class='ocrx_word' id='word_1_46' title='bbox 628 2303 735 2377; x_wconf 90' lang='lat' dir='ltr'><strong>omnia,</strong></span> <span class='ocrx_word' id='word_1_47' title='bbox 755 2322 828 2386; x_wconf 87' lang='lat' dir='ltr'><strong>quae</strong></span> <span class='ocrx_word' id='word_1_48' title='bbox 842 2320 923 2366; x_wconf 90' lang='lat' dir='ltr'><strong>nnnc</strong></span> <span class='ocrx_word' id='word_1_49' title='bbox 936 2303 967 2364; x_wconf 92' lang='lat' dir='ltr'><strong>in</strong></span> <span class='ocrx_word' id='word_1_50' title='bbox 982 2322 1018 2364; x_wconf 88' lang='lat' dir='ltr'><strong>eo</strong></span> <span class='ocrx_word' id='word_1_51' title='bbox 1029 2302 1124 2366; x_wconf 81' lang='lat' dir='ltr'><strong>libello</strong></span> <span class='ocrx_word' id='word_1_52' title='bbox 1139 2303 1272 2384; x_wconf 88' lang='lat' dir='ltr'><strong>legimns,</strong></span> 
     </span>
     <span class='ocr_line' id='line_1_7' title="bbox 122 2404 1271 2489; baseline -0.001 -21"><span class='ocrx_word' id='word_1_53' title='bbox 122 2406 226 2489; x_wconf 84' lang='lat' dir='ltr'><strong>abipso</strong></span> <span class='ocrx_word' id='word_1_54' title='bbox 240 2408 386 2489; x_wconf 63' lang='lat' dir='ltr'><strong>monnio</strong></span> <span class='ocrx_word' id='word_1_55' title='bbox 401 2406 518 2487; x_wconf 87' lang='lat' dir='ltr'><strong>scripta,</strong></span> <span class='ocrx_word' id='word_1_56' title='bbox 538 2406 589 2468; x_wconf 86' lang='lat' dir='ltr'><strong>sed</strong></span> <span class='ocrx_word' id='word_1_57' title='bbox 608 2404 748 2467; x_wconf 87' lang='lat' dir='ltr'><strong>uonnuila</strong></span> <span class='ocrx_word' id='word_1_58' title='bbox 769 2425 786 2467; x_wconf 88' lang='lat' dir='ltr'><strong>a</strong></span> <span class='ocrx_word' id='word_1_59' title='bbox 803 2404 1017 2487; x_wconf 86' lang='lat' dir='ltr'><strong>posterioribus</strong></span> <span class='ocrx_word' id='word_1_60' title='bbox 1036 2406 1183 2485; x_wconf 84' lang='lat' dir='ltr'><strong>magistris</strong></span> <span class='ocrx_word' id='word_1_61' title='bbox 1199 2424 1271 2485; x_wconf 90' lang='lat' dir='ltr'><strong>pro·</strong></span> 
     </span>
     <span class='ocr_line' id='line_1_8' title="bbox 122 2506 1270 2589; baseline 0.003 -21"><span class='ocrx_word' id='word_1_62' title='bbox 122 2508 182 2572; x_wconf 86' lang='lat' dir='ltr'><strong>tecta</strong></span> <span class='ocrx_word' id='word_1_63' title='bbox 196 2530 262 2574; x_wconf 87' lang='lat' dir='ltr'><strong>esse</strong></span> <span class='ocrx_word' id='word_1_64' title='bbox 279 2511 471 2583; x_wconf 79' lang='lat' dir='ltr'><strong>dooeremns3</strong></span> <span class='ocrx_word' id='word_1_65' title='bbox 492 2507 543 2588; x_wconf 79' lang='lat' dir='ltr'><strong>qni</strong></span> <span class='ocrx_word' id='word_1_66' title='bbox 557 2506 686 2589; x_wconf 78' lang='lat' dir='ltr'><strong>pridem,</strong></span> <span class='ocrx_word' id='word_1_67' title='bbox 707 2524 798 2587; x_wconf 90' lang='lat' dir='ltr'><strong>quum</strong></span> <span class='ocrx_word' id='word_1_68' title='bbox 813 2508 855 2570; x_wconf 88' lang='lat' dir='ltr'><strong>uti</strong></span> <span class='ocrx_word' id='word_1_69' title='bbox 870 2508 951 2569; x_wconf 88' lang='lat' dir='ltr'><strong>eoin</strong></span> <span class='ocrx_word' id='word_1_70' title='bbox 966 2508 1139 2572; x_wconf 84' lang='lat' dir='ltr'><strong>scholastica</strong></span> <span class='ocrx_word' id='word_1_71' title='bbox 1153 2508 1270 2571; x_wconf 85' lang='lat' dir='ltr'><strong>institu-</strong></span> 
     </span>
     <span class='ocr_line' id='line_1_9' title="bbox 121 2609 1272 2691; baseline 0.001 -19"><span class='ocrx_word' id='word_1_72' title='bbox 121 2609 189 2673; x_wconf 88' lang='lat' dir='ltr'><strong>tione</strong></span> <span class='ocrx_word' id='word_1_73' title='bbox 206 2612 349 2683; x_wconf 80' lang='lat' dir='ltr'><strong>solerent,</strong></span> <span class='ocrx_word' id='word_1_74' title='bbox 375 2611 469 2671; x_wconf 82' lang='lat' dir='ltr'><strong>iacere</strong></span> <span class='ocrx_word' id='word_1_75' title='bbox 487 2609 620 2689; x_wconf 86' lang='lat' dir='ltr'><strong>proiecto</strong></span> <span class='ocrx_word' id='word_1_76' title='bbox 641 2625 703 2669; x_wconf 91' lang='lat' dir='ltr'><strong>non</strong></span> <span class='ocrx_word' id='word_1_77' title='bbox 722 2618 889 2689; x_wconf 82' lang='lat' dir='ltr'><strong>potnerunt,</strong></span> <span class='ocrx_word' id='word_1_78' title='bbox 909 2611 988 2690; x_wconf 85' lang='lat' dir='ltr'><strong>quio,</strong></span> <span class='ocrx_word' id='word_1_79' title='bbox 1011 2611 1037 2672; x_wconf 90' lang='lat' dir='ltr'><strong>si</strong></span> <span class='ocrx_word' id='word_1_80' title='bbox 1057 2611 1126 2691; x_wconf 83' lang='lat' dir='ltr'><strong>quid</strong></span> <span class='ocrx_word' id='word_1_81' title='bbox 1146 2619 1272 2674; x_wconf 89' lang='lat' dir='ltr'><strong>mutatae</strong></span> 
     </span>
     <span class='ocr_line' id='line_1_10' title="bbox 121 2710 1271 2792; baseline 0 -17"><span class='ocrx_word' id='word_1_82' title='bbox 121 2713 231 2776; x_wconf 77' lang='lat' dir='ltr'><strong>subinde</strong></span> <span class='ocrx_word' id='word_1_83' title='bbox 246 2711 402 2777; x_wconf 66' lang='lat' dir='ltr'><strong>domairac</strong></span> <span class='ocrx_word' id='word_1_84' title='bbox 416 2710 621 2791; x_wconf 73' lang='lat' dir='ltr'><strong>grammaticae</strong></span> <span class='ocrx_word' id='word_1_85' title='bbox 634 2727 696 2772; x_wconf 93' lang='lat' dir='ltr'><strong>non</strong></span> <span class='ocrx_word' id='word_1_86' title='bbox 711 2711 837 2792; x_wconf 77' lang='lat' dir='ltr'><strong>ampbus</strong></span> <span class='ocrx_word' id='word_1_87' title='bbox 853 2713 1008 2775; x_wconf 85' lang='lat' dir='ltr'><strong>convenire</strong></span> <span class='ocrx_word' id='word_1_88' title='bbox 1022 2713 1165 2787; x_wconf 83' lang='lat' dir='ltr'><strong>riderent,</strong></span> <span class='ocrx_word' id='word_1_89' title='bbox 1185 2713 1214 2774; x_wconf 90' lang='lat' dir='ltr'><strong>id</strong></span> <span class='ocrx_word' id='word_1_90' title='bbox 1235 2713 1271 2775; x_wconf 87' lang='lat' dir='ltr'><strong>ad</strong></span> 
     </span>
     <span class='ocr_line' id='line_1_11' title="bbox 121 2812 1271 2897; baseline -0.001 -20"><span class='ocrx_word' id='word_1_91' title='bbox 121 2832 291 2896; x_wconf 70' lang='lat' dir='ltr'><strong>remquam</strong></span> <span class='ocrx_word' id='word_1_92' title='bbox 306 2814 365 2895; x_wconf 87' lang='lat' dir='ltr'><strong>ipsi</strong></span> <span class='ocrx_word' id='word_1_93' title='bbox 376 2812 548 2895; x_wconf 82' lang='lat' dir='ltr'><strong>probabant,</strong></span> <span class='ocrx_word' id='word_1_94' title='bbox 563 2813 707 2874; x_wconf 86' lang='lat' dir='ltr'><strong>rationem</strong></span> <span class='ocrx_word' id='word_1_95' title='bbox 718 2822 865 2877; x_wconf 81' lang='lat' dir='ltr'><strong>mutarent</strong></span> <span class='ocrx_word' id='word_1_96' title='bbox 876 2834 910 2877; x_wconf 91' lang='lat' dir='ltr'><strong>ac</strong></span> <span class='ocrx_word' id='word_1_97' title='bbox 921 2816 1103 2896; x_wconf 82' lang='lat' dir='ltr'><strong>refingerent.</strong></span> <span class='ocrx_word' id='word_1_98' title='bbox 1132 2815 1194 2878; x_wconf 83' lang='lat' dir='ltr'><strong>Nisi</strong></span> <span class='ocrx_word' id='word_1_99' title='bbox 1206 2815 1271 2897; x_wconf 87' lang='lat' dir='ltr'><strong>quis</strong></span> 
     </span>
     <span class='ocr_line' id='line_1_12' title="bbox 121 2914 1270 2998; baseline 0.001 -21"><span class='ocrx_word' id='word_1_100' title='bbox 121 2917 185 2979; x_wconf 85' lang='lat' dir='ltr'><strong>torte</strong></span> <span class='ocrx_word' id='word_1_101' title='bbox 200 2927 251 2980; x_wconf 93' lang='lat' dir='ltr'><strong>ant</strong></span> <span class='ocrx_word' id='word_1_102' title='bbox 273 2924 333 2979; x_wconf 89' lang='lat' dir='ltr'><strong>tarn</strong></span> <span class='ocrx_word' id='word_1_103' title='bbox 351 2915 505 2995; x_wconf 79' lang='lat' dir='ltr'><strong>religiosos</strong></span> <span class='ocrx_word' id='word_1_104' title='bbox 525 2916 583 2977; x_wconf 89' lang='lat' dir='ltr'><strong>hos</strong></span> <span class='ocrx_word' id='word_1_105' title='bbox 602 2916 694 2978; x_wconf 84' lang='lat' dir='ltr'><strong>inisse</strong></span> <span class='ocrx_word' id='word_1_106' title='bbox 709 2914 816 2990; x_wconf 89' lang='lat' dir='ltr'><strong>credat,</strong></span> <span class='ocrx_word' id='word_1_107' title='bbox 841 2925 874 2979; x_wconf 91' lang='lat' dir='ltr'><strong>ut</strong></span> <span class='ocrx_word' id='word_1_108' title='bbox 892 2926 1060 2980; x_wconf 78' lang='lat' dir='ltr'><strong>sererentur</strong></span> <span class='ocrx_word' id='word_1_109' title='bbox 1078 2917 1270 2998; x_wconf 80' lang='lat' dir='ltr'><strong>integritatem</strong></span> 
     </span>
     <span class='ocr_line' id='line_1_13' title="bbox 32 3016 1270 3101; baseline -0.001 -18"><span class='ocrx_word' id='word_1_110' title='bbox 32 3082 33 3089; x_wconf 68' lang='grc'>,</span> <span class='ocrx_word' id='word_1_111' title='bbox 121 3016 193 3082; x_wconf 73' lang='lat' dir='ltr'><strong>trau</strong></span> <span class='ocrx_word' id='word_1_112' title='bbox 208 3019 425 3093; x_wconf 85' lang='lat' dir='ltr'><strong>contaminare,</strong></span> <span class='ocrx_word' id='word_1_113' title='bbox 443 3036 482 3079; x_wconf 91' lang='lat' dir='ltr'><strong>ne</strong></span> <span class='ocrx_word' id='word_1_114' title='bbox 496 3016 605 3079; x_wconf 78' lang='lat' dir='ltr'><strong>scilicet</strong></span> <span class='ocrx_word' id='word_1_115' title='bbox 624 3017 677 3079; x_wconf 78' lang='lat' dir='ltr'><strong>aria</strong></span> <span class='ocrx_word' id='word_1_116' title='bbox 691 3017 863 3099; x_wconf 78' lang='lat' dir='ltr'><strong>Dionysium</strong></span> <span class='ocrx_word' id='word_1_117' title='bbox 884 3020 1020 3083; x_wconf 84' lang='lat' dir='ltr'><strong>docuisse</strong></span> <span class='ocrx_word' id='word_1_118' title='bbox 1038 3021 1150 3101; x_wconf 83' lang='lat' dir='ltr'><strong>pueruli</strong></span> <span class='ocrx_word' id='word_1_119' title='bbox 1170 3020 1270 3083; x_wconf 86' lang='lat' dir='ltr'><strong>existi·</strong></span> 
     </span>
     <span class='ocr_line' id='line_1_14' title="bbox 32 3106 1272 3203; baseline 0.002 -22"><span class='ocrx_word' id='word_1_120' title='bbox 32 3106 34 3131; x_wconf 81' lang='lat'><strong>¹</strong></span> <span class='ocrx_word' id='word_1_121' title='bbox 120 3133 236 3199; x_wconf 79' lang='lat' dir='ltr'><strong>norant,</strong></span> <span class='ocrx_word' id='word_1_122' title='bbox 258 3140 346 3203; x_wconf 83' lang='lat' dir='ltr'><strong>quarn</strong></span> <span class='ocrx_word' id='word_1_123' title='bbox 361 3139 436 3201; x_wconf 85' lang='lat' dir='ltr'><strong>quae</strong></span> <span class='ocrx_word' id='word_1_124' title='bbox 450 3138 517 3182; x_wconf 87' lang='lat' dir='ltr'><strong>rere</strong></span> <span class='ocrx_word' id='word_1_125' title='bbox 531 3120 694 3196; x_wconf 81' lang='lat' dir='ltr'><strong>docuisset,</strong></span> <span class='ocrx_word' id='word_1_126' title='bbox 712 3127 763 3182; x_wconf 88' lang='lat' dir='ltr'><strong>sut</strong></span> <span class='ocrx_word' id='word_1_127' title='bbox 776 3125 836 3182; x_wconf 88' lang='lat' dir='ltr'><strong>tam</strong></span> <span class='ocrx_word' id='word_1_128' title='bbox 852 3121 940 3184; x_wconf 89' lang='lat' dir='ltr'><strong>stnite</strong></span> <span class='ocrx_word' id='word_1_129' title='bbox 954 3122 1140 3196; x_wconf 86' lang='lat' dir='ltr'><strong>ambitiosos,</strong></span> <span class='ocrx_word' id='word_1_130' title='bbox 1156 3131 1189 3185; x_wconf 90' lang='lat' dir='ltr'><strong>nt</strong></span> <span class='ocrx_word' id='word_1_131' title='bbox 1202 3123 1272 3184; x_wconf 89' lang='lat' dir='ltr'><strong>reli-</strong></span> 
     </span>
     <span class='ocr_line' id='line_1_15' title="bbox 33 3221 1270 3306; baseline 0 -20"><span class='ocrx_word' id='word_1_132' title='bbox 33 3300 34 3305; x_wconf 12' lang='lat'><em>*</em></span> <span class='ocrx_word' id='word_1_133' title='bbox 121 3223 167 3286; x_wconf 77' lang='lat' dir='ltr'><strong>ab</strong></span> <span class='ocrx_word' id='word_1_134' title='bbox 177 3243 251 3306; x_wconf 84' lang='lat' dir='ltr'><strong>qnae</strong></span> <span class='ocrx_word' id='word_1_135' title='bbox 266 3223 324 3304; x_wconf 91' lang='lat' dir='ltr'><strong>ipsi</strong></span> <span class='ocrx_word' id='word_1_136' title='bbox 339 3221 548 3303; x_wconf 78' lang='lat' dir='ltr'><strong>improbarent,</strong></span> <span class='ocrx_word' id='word_1_137' title='bbox 561 3221 698 3302; x_wconf 89' lang='lat' dir='ltr'><strong>gloriolae</strong></span> <span class='ocrx_word' id='word_1_138' title='bbox 709 3222 785 3301; x_wconf 90' lang='lat' dir='ltr'><strong>apud</strong></span> <span class='ocrx_word' id='word_1_139' title='bbox 798 3223 948 3286; x_wconf 87' lang='lat' dir='ltr'><strong>auditores</strong></span> <span class='ocrx_word' id='word_1_140' title='bbox 960 3224 1111 3288; x_wconf 80' lang='lat' dir='ltr'><strong>materiam</strong></span> <span class='ocrx_word' id='word_1_141' title='bbox 1121 3245 1156 3287; x_wconf 83' lang='lat' dir='ltr'><strong>er</strong></span> <span class='ocrx_word' id='word_1_142' title='bbox 1167 3244 1270 3288; x_wconf 90' lang='lat' dir='ltr'><strong>eorum</strong></span> 
     </span>
     <span class='ocr_line' id='line_1_16' title="bbox 122 3323 1271 3409; baseline 0.002 -21"><span class='ocrx_word' id='word_1_143' title='bbox 122 3328 286 3390; x_wconf 75' lang='lat' dir='ltr'><strong>rdutauone</strong></span> <span class='ocrx_word' id='word_1_144' title='bbox 300 3332 482 3406; x_wconf 85' lang='lat' dir='ltr'><strong>quaererent,</strong></span> <span class='ocrx_word' id='word_1_145' title='bbox 497 3333 546 3387; x_wconf 92' lang='lat' dir='ltr'><strong>ant</strong></span> <span class='ocrx_word' id='word_1_146' title='bbox 560 3324 685 3405; x_wconf 86' lang='lat' dir='ltr'><strong>donique</strong></span> <span class='ocrx_word' id='word_1_147' title='bbox 700 3323 800 3386; x_wconf 90' lang='lat' dir='ltr'><strong>eadem</strong></span> <span class='ocrx_word' id='word_1_148' title='bbox 816 3326 924 3401; x_wconf 89' lang='lat' dir='ltr'><strong>omnia,</strong></span> <span class='ocrx_word' id='word_1_149' title='bbox 940 3345 1013 3407; x_wconf 90' lang='lat' dir='ltr'><strong>quae</strong></span> <span class='ocrx_word' id='word_1_150' title='bbox 1027 3326 1184 3409; x_wconf 80' lang='lat' dir='ltr'><strong>iiinnysins</strong></span> <span class='ocrx_word' id='word_1_151' title='bbox 1198 3347 1271 3409; x_wconf 93' lang='lat' dir='ltr'><strong>pro-</strong></span> 
     </span>
     <span class='ocr_line' id='line_1_17' title="bbox 122 3425 1269 3512; baseline 0.003 -23"><span class='ocrx_word' id='word_1_152' title='bbox 122 3425 202 3505; x_wconf 84' lang='lat' dir='ltr'><strong>barit,</strong></span> <span class='ocrx_word' id='word_1_153' title='bbox 220 3429 310 3491; x_wconf 89' lang='lat' dir='ltr'><strong>etiam</strong></span> <span class='ocrx_word' id='word_1_154' title='bbox 325 3426 478 3508; x_wconf 77' lang='lat' dir='ltr'><strong>Byzanuae</strong></span> <span class='ocrx_word' id='word_1_155' title='bbox 493 3426 612 3488; x_wconf 85' lang='lat' dir='ltr'><strong>scholae</strong></span> <span class='ocrx_word' id='word_1_156' title='bbox 627 3425 773 3506; x_wconf 77' lang='lat' dir='ltr'><strong>magistris</strong></span> <span class='ocrx_word' id='word_1_157' title='bbox 785 3427 906 3508; x_wconf 89' lang='lat' dir='ltr'><strong>probata</strong></span> <span class='ocrx_word' id='word_1_158' title='bbox 921 3446 986 3491; x_wconf 85' lang='lat' dir='ltr'><strong>esse</strong></span> <span class='ocrx_word' id='word_1_159' title='bbox 1001 3430 1172 3493; x_wconf 86' lang='lat' dir='ltr'><strong>contendat:</strong></span> <span class='ocrx_word' id='word_1_160' title='bbox 1191 3431 1269 3512; x_wconf 75' lang='lat' dir='ltr'><strong>guod</strong></span> 
     </span>
     <span class='ocr_line' id='line_1_18' title="bbox 122 3526 1270 3612; baseline 0.004 -21"><span class='ocrx_word' id='word_1_161' title='bbox 122 3529 198 3612; x_wconf 84' lang='lat' dir='ltr'><strong>iunge</strong></span> <span class='ocrx_word' id='word_1_162' title='bbox 210 3532 293 3594; x_wconf 85' lang='lat' dir='ltr'><strong>atiter</strong></span> <span class='ocrx_word' id='word_1_163' title='bbox 308 3549 341 3592; x_wconf 88' lang='lat' dir='ltr'><strong>se</strong></span> <span class='ocrx_word' id='word_1_164' title='bbox 355 3526 462 3591; x_wconf 86' lang='lat' dir='ltr'><strong>babere</strong></span> <span class='ocrx_word' id='word_1_165' title='bbox 475 3546 537 3590; x_wconf 92' lang='lat' dir='ltr'><strong>non</strong></span> <span class='ocrx_word' id='word_1_166' title='bbox 551 3528 689 3608; x_wconf 87' lang='lat' dir='ltr'><strong>ignorant</strong></span> <span class='ocrx_word' id='word_1_167' title='bbox 703 3529 808 3592; x_wconf 87' lang='lat' dir='ltr'><strong>irarum</strong></span> <span class='ocrx_word' id='word_1_168' title='bbox 822 3531 983 3594; x_wconf 88' lang='lat' dir='ltr'><strong>litteramm</strong></span> <span class='ocrx_word' id='word_1_169' title='bbox 999 3531 1096 3611; x_wconf 91' lang='lat' dir='ltr'><strong>periti,</strong></span> <span class='ocrx_word' id='word_1_170' title='bbox 1111 3532 1147 3595; x_wconf 89' lang='lat' dir='ltr'><strong>iis</strong></span> <span class='ocrx_word' id='word_1_171' title='bbox 1162 3542 1270 3608; x_wconf 87' lang='lat' dir='ltr'><strong>antem,</strong></span> 
     </span>
     <span class='ocr_line' id='line_1_19' title="bbox 123 3629 1271 3715; baseline 0.001 -19"><span class='ocrx_word' id='word_1_172' title='bbox 123 3633 165 3711; x_wconf 78' lang='lat' dir='ltr'><strong>qui</strong></span> <span class='ocrx_word' id='word_1_173' title='bbox 178 3634 277 3696; x_wconf 87' lang='lat' dir='ltr'><strong>minna</strong></span> <span class='ocrx_word' id='word_1_174' title='bbox 292 3638 363 3695; x_wconf 89' lang='lat' dir='ltr'><strong>aunt</strong></span> <span class='ocrx_word' id='word_1_175' title='bbox 376 3631 407 3692; x_wconf 93' lang='lat' dir='ltr'><strong>in</strong></span> <span class='ocrx_word' id='word_1_176' title='bbox 422 3630 479 3692; x_wconf 92' lang='lat' dir='ltr'><strong>hoc</strong></span> <span class='ocrx_word' id='word_1_177' title='bbox 494 3629 658 3692; x_wconf 88' lang='lat' dir='ltr'><strong>studiomm</strong></span> <span class='ocrx_word' id='word_1_178' title='bbox 671 3648 775 3710; x_wconf 90' lang='lat' dir='ltr'><strong>genere</strong></span> <span class='ocrx_word' id='word_1_179' title='bbox 785 3634 899 3709; x_wconf 83' lang='lat' dir='ltr'><strong>versati,</strong></span> <span class='ocrx_word' id='word_1_180' title='bbox 910 3634 973 3696; x_wconf 88' lang='lat' dir='ltr'><strong>aliis</strong></span> <span class='ocrx_word' id='word_1_181' title='bbox 985 3634 1070 3696; x_wconf 90' lang='lat' dir='ltr'><strong>etiam</strong></span> <span class='ocrx_word' id='word_1_182' title='bbox 1082 3652 1116 3696; x_wconf 89' lang='lat' dir='ltr'><strong>ac</strong></span> <span class='ocrx_word' id='word_1_183' title='bbox 1126 3634 1271 3715; x_wconf 86' lang='lat' dir='ltr'><strong>pluribus,</strong></span> 
     </span>
     <span class='ocr_line' id='line_1_20' title="bbox 122 3732 1271 3820; baseline 0.001 -21"><span class='ocrx_word' id='word_1_184' title='bbox 122 3750 199 3813; x_wconf 73' lang='lat' dir='ltr'><strong>quarn</strong></span> <span class='ocrx_word' id='word_1_185' title='bbox 212 3754 289 3818; x_wconf 85' lang='lat' dir='ltr'><strong>quae</strong></span> <span class='ocrx_word' id='word_1_186' title='bbox 302 3754 320 3797; x_wconf 89' lang='lat' dir='ltr'><strong>a</strong></span> <span class='ocrx_word' id='word_1_187' title='bbox 333 3732 421 3796; x_wconf 92' lang='lat' dir='ltr'><strong>nobis</strong></span> <span class='ocrx_word' id='word_1_188' title='bbox 438 3732 507 3795; x_wconf 87' lang='lat' dir='ltr'><strong>olim</strong></span> <span class='ocrx_word' id='word_1_189' title='bbox 521 3732 634 3812; x_wconf 84' lang='lat' dir='ltr'><strong>prolata</strong></span> <span class='ocrx_word' id='word_1_190' title='bbox 650 3741 732 3807; x_wconf 88' lang='lat' dir='ltr'><strong>sunt,</strong></span> <span class='ocrx_word' id='word_1_191' title='bbox 751 3736 929 3813; x_wconf 90' lang='lat' dir='ltr'><strong>argumentis</strong></span> <span class='ocrx_word' id='word_1_192' title='bbox 950 3737 1145 3800; x_wconf 85' lang='lat' dir='ltr'><strong>demonstrari</strong></span> <span class='ocrx_word' id='word_1_193' title='bbox 1164 3745 1271 3820; x_wconf 87' lang='lat' dir='ltr'><strong>potest.</strong></span> 
     </span>
     <span class='ocr_line' id='line_1_21' title="bbox 123 3834 1271 3922; baseline 0.003 -23"><span class='ocrx_word' id='word_1_194' title='bbox 123 3834 305 3901; x_wconf 75' lang='lat' dir='ltr'><strong>Subtemen</strong></span> <span class='ocrx_word' id='word_1_195' title='bbox 325 3836 432 3897; x_wconf 89' lang='lat' dir='ltr'><strong>horum</strong></span> <span class='ocrx_word' id='word_1_196' title='bbox 451 3834 588 3915; x_wconf 85' lang='lat' dir='ltr'><strong>pleraque</strong></span> <span class='ocrx_word' id='word_1_197' title='bbox 607 3853 641 3895; x_wconf 83' lang='lat' dir='ltr'><strong>ex</strong></span> <span class='ocrx_word' id='word_1_198' title='bbox 660 3834 799 3897; x_wconf 88' lang='lat' dir='ltr'><strong>interiore</strong></span> <span class='ocrx_word' id='word_1_199' title='bbox 817 3839 1023 3917; x_wconf 88' lang='lat' dir='ltr'><strong>grammaticae</strong></span> <span class='ocrx_word' id='word_1_200' title='bbox 1040 3839 1163 3903; x_wconf 89' lang='lat' dir='ltr'><strong>historia</strong></span> <span class='ocrx_word' id='word_1_201' title='bbox 1185 3859 1271 3922; x_wconf 87' lang='lat' dir='ltr'><strong>repe·</strong></span> 
     </span>
     <span class='ocr_line' id='line_1_22' title="bbox 123 3935 1271 4022; baseline 0.003 -21"><span class='ocrx_word' id='word_1_202' title='bbox 123 3940 207 4015; x_wconf 80' lang='lat' dir='ltr'><strong>tarda,</strong></span> <span class='ocrx_word' id='word_1_203' title='bbox 222 3950 266 4014; x_wconf 86' lang='lat' dir='ltr'><strong>nt,</strong></span> <span class='ocrx_word' id='word_1_204' title='bbox 281 3938 332 4020; x_wconf 84' lang='lat' dir='ltr'><strong>qui</strong></span> <span class='ocrx_word' id='word_1_205' title='bbox 346 3938 389 3999; x_wconf 68' lang='lat' dir='ltr'><strong>uu·</strong></span> <span class='ocrx_word' id='word_1_206' title='bbox 403 3935 439 3998; x_wconf 89' lang='lat' dir='ltr'><strong>iis</strong></span> <span class='ocrx_word' id='word_1_207' title='bbox 455 3936 529 4010; x_wconf 80' lang='lat' dir='ltr'><strong>rabit,</strong></span> <span class='ocrx_word' id='word_1_208' title='bbox 544 3936 630 4015; x_wconf 89' lang='lat' dir='ltr'><strong>longa</strong></span> <span class='ocrx_word' id='word_1_209' title='bbox 645 3937 811 4000; x_wconf 87' lang='lat' dir='ltr'><strong>narratione</strong></span> <span class='ocrx_word' id='word_1_210' title='bbox 824 3948 1007 4021; x_wconf 88' lang='lat' dir='ltr'><strong>mutataeque</strong></span> <span class='ocrx_word' id='word_1_211' title='bbox 1021 3958 1075 4022; x_wconf 86' lang='lat' dir='ltr'><strong>per</strong></span> <span class='ocrx_word' id='word_1_212' title='bbox 1087 3942 1271 4004; x_wconf 89' lang='lat' dir='ltr'><strong>saeculorum</strong></span> 
     </span>
     <span class='ocr_line' id='line_1_23' title="bbox 123 4037 1271 4125; baseline 0.003 -24"><span class='ocrx_word' id='word_1_213' title='bbox 123 4040 269 4106; x_wconf 76' lang='lat' dir='ltr'><strong>detrusum</strong></span> <span class='ocrx_word' id='word_1_214' title='bbox 285 4039 434 4104; x_wconf 82' lang='lat' dir='ltr'><strong>doctrinae</strong></span> <span class='ocrx_word' id='word_1_215' title='bbox 446 4037 626 4119; x_wconf 80' lang='lat' dir='ltr'><strong>expositione</strong></span> <span class='ocrx_word' id='word_1_216' title='bbox 637 4040 829 4120; x_wconf 88' lang='lat' dir='ltr'><strong>supersedere</strong></span> <span class='ocrx_word' id='word_1_217' title='bbox 840 4059 902 4104; x_wconf 95' lang='lat' dir='ltr'><strong>non</strong></span> <span class='ocrx_word' id='word_1_218' title='bbox 913 4043 1019 4123; x_wconf 88' lang='lat' dir='ltr'><strong>possit,</strong></span> <span class='ocrx_word' id='word_1_219' title='bbox 1035 4040 1271 4125; x_wconf 87' lang='lat' dir='ltr'><strong>qnandoquidem</strong></span> 
     </span>
     <span class='ocr_line' id='line_1_24' title="bbox 124 4138 1273 4227; baseline 0.003 -23"><span class='ocrx_word' id='word_1_220' title='bbox 124 4142 229 4220; x_wconf 77' lang='lat' dir='ltr'><strong>plurimi</strong></span> <span class='ocrx_word' id='word_1_221' title='bbox 249 4153 279 4207; x_wconf 93' lang='lat' dir='ltr'><strong>et</strong></span> <span class='ocrx_word' id='word_1_222' title='bbox 298 4139 463 4224; x_wconf 72' lang='lat' dir='ltr'><strong>gravisdmi</strong></span> <span class='ocrx_word' id='word_1_223' title='bbox 482 4138 569 4202; x_wconf 85' lang='lat' dir='ltr'><strong>huius</strong></span> <span class='ocrx_word' id='word_1_224' title='bbox 589 4139 728 4203; x_wconf 87' lang='lat' dir='ltr'><strong>historiae</strong></span> <span class='ocrx_word' id='word_1_225' title='bbox 747 4142 950 4222; x_wconf 88' lang='lat' dir='ltr'><strong>grammaticae</strong></span> <span class='ocrx_word' id='word_1_226' title='bbox 968 4143 1025 4206; x_wconf 86' lang='lat' dir='ltr'><strong>loci</strong></span> <span class='ocrx_word' id='word_1_227' title='bbox 1048 4163 1153 4227; x_wconf 90' lang='lat' dir='ltr'><strong>parum</strong></span> <span class='ocrx_word' id='word_1_228' title='bbox 1178 4145 1273 4207; x_wconf 90' lang='lat' dir='ltr'><strong>adhuc</strong></span> 
     </span>
     <span class='ocr_line' id='line_1_25' title="bbox 125 4240 1271 4326; baseline 0.003 -22"><span class='ocrx_word' id='word_1_229' title='bbox 125 4240 245 4311; x_wconf 82' lang='lat' dir='ltr'><strong>ilmtrati</strong></span> <span class='ocrx_word' id='word_1_230' title='bbox 259 4255 337 4323; x_wconf 88' lang='lat' dir='ltr'><strong>sunt,</strong></span> <span class='ocrx_word' id='word_1_231' title='bbox 353 4242 538 4326; x_wconf 84' lang='lat' dir='ltr'><strong>peritumque</strong></span> <span class='ocrx_word' id='word_1_232' title='bbox 553 4241 677 4324; x_wconf 85' lang='lat' dir='ltr'><strong>aliquem</strong></span> <span class='ocrx_word' id='word_1_233' title='bbox 693 4253 722 4305; x_wconf 87' lang='lat' dir='ltr'><strong>et</strong></span> <span class='ocrx_word' id='word_1_234' title='bbox 733 4243 762 4306; x_wconf 93' lang='lat' dir='ltr'><strong>in</strong></span> <span class='ocrx_word' id='word_1_235' title='bbox 776 4243 914 4309; x_wconf 84' lang='lat' dir='ltr'><strong>omnibus</strong></span> <span class='ocrx_word' id='word_1_236' title='bbox 925 4255 1053 4309; x_wconf 84' lang='lat' dir='ltr'><strong>veterum</strong></span> <span class='ocrx_word' id='word_1_237' title='bbox 1065 4247 1271 4326; x_wconf 88' lang='lat' dir='ltr'><strong>grammatico-</strong></span> 
     </span>
    </p>
   </div>
   <div class='ocr_carea' id='block_1_3' title="bbox 188 4470 935 4541">
    <p class='ocr_par' dir='ltr' id='par_1_3' title="bbox 188 4470 935 4541">
     <span class='ocr_line' id='line_1_26' title="bbox 188 4470 935 4541; baseline 0.011 -22"><span class='ocrx_word' id='word_1_238' title='bbox 188 4470 209 4536; x_wconf 73' lang='lat' dir='ltr'><strong>tt</strong></span> <span class='ocrx_word' id='word_1_239' title='bbox 224 4471 252 4524; x_wconf 87' lang='lat' dir='ltr'><strong>la</strong></span> <span class='ocrx_word' id='word_1_240' title='bbox 263 4474 392 4541; x_wconf 77' lang='lat' dir='ltr'><strong>prooemio</strong></span> <span class='ocrx_word' id='word_1_241' title='bbox 403 4474 454 4528; x_wconf 85' lang='lat' dir='ltr'><strong>iad.</strong></span> <span class='ocrx_word' id='word_1_242' title='bbox 466 4476 544 4528; x_wconf 84' lang='lat' dir='ltr'><strong>rcboi.</strong></span> <span class='ocrx_word' id='word_1_243' title='bbox 556 4485 621 4529; x_wconf 82' lang='lat' dir='ltr'><strong>aest.</strong></span> <span class='ocrx_word' id='word_1_244' title='bbox 634 4491 691 4529; x_wconf 86' lang='lat' dir='ltr'><strong>aaa.</strong></span> <span class='ocrx_word' id='word_1_245' title='bbox 704 4474 935 4531; x_wconf 68' lang='lat' dir='ltr'><strong>mcccxxxnl.</strong></span> 
     </span>
    </p>
   </div>
   <div class='ocr_carea' id='block_1_4' title="bbox 0 0 1599 5136">
    <p class='ocr_par' dir='ltr' id='par_1_4' title="bbox 0 0 1599 5136">
     <span class='ocr_line' id='line_1_27' title="bbox 0 0 1599 5136; baseline 0 0"><span class='ocrx_word' id='word_1_246' title='bbox 0 0 1599 5136; x_wconf 95' lang='lat' dir='ltr'><strong> </strong></span> 
     </span>
    </p>
   </div>
  </div>
 </body>
</html>
