3266 5140
672 1489 732 1580 ult
763 1487 878 1581 VOCE
910 1487 1095 1582 nomon

268 1807 282 1854 3
392 1776 482 1865 liuod
495 1791 526 1852 in
542 1791 713 1871 quotidiano
729 1808 866 1851 sermone
881 1789 937 1851 dici
951 1790 1035 1863 solet,
1051 1809 1116 1852 1111
1130 1808 1193 1851 111
1208 1806 1327 1871 semper
1340 1790 1400 1850 veri
1414 1790 1456 1851 si-

300 1893 386 1967 milia,
403 1893 507 1955 similia
523 1893 581 1954 veri
595 1911 658 1954 non
673 1912 791 1973 semper
805 1911 871 1955 vera
886 1911 960 1965 esse,
976 1891 1004 1952 id
1020 1893 1050 1953 in
1065 1893 1141 1954 nulla
1153 1893 1320 1954 studiorum
1335 1899 1456 1954 nostro-

299 2013 365 2057 rum
381 2004 464 2074 parte
479 1995 661 2075 frequentius
676 1994 851 2075 experientia
866 1994 1091 2074 comprobatum
1107 1995 1251 2069 videmus,
1267 2010 1354 2074 qnam
1370 1995 1399 2054 in
1414 2012 1456 2068 ea,

300 2114 375 2176 quae
394 2098 424 2158 in
444 2096 606 2177 originibus
626 2097 832 2159 vocabulorum
853 2106 985 2160 versatur
999 2097 1185 2177 indagandis,
1201 2114 1258 2177 qua
1273 2098 1303 2158 in
1318 2114 1350 2157 11
1365 2112 1457 2177 quum

301 2201 370 2262 olim
385 2201 516 2282 plerique
535 2210 611 2262 certa
631 2201 691 2262 veri
708 2200 870 2262 inveniendi
890 2200 934 2262 via
954 2208 982 2261 11
1001 2200 1115 2262 ratione
1134 2218 1259 2280 quorsus
1279 2199 1411 2278 ignorata
1425 2198 1456 2259 id

299 2320 391 2364 unum
408 2303 491 2383 sequi
504 2303 639 2379 solerent,
656 2302 735 2383 quod
755 2303 884 2383 speciem
904 2303 1029 2384 aliquam
1049 2311 1078 2364 11
1093 2301 1313 2365 similitudinem
1329 2300 1456 2363 111111-

298 2406 529 2478 berorideretur,
545 2405 710 2467 incredibile
726 2406 805 2467 dictu
819 2413 873 2476 cst,
889 2422 975 2484 quam
987 2404 1095 2468 multae
1110 2405 1317 2469 vocabulorum
1329 2403 1456 2482 origines

299 2509 474 2587 excogitatae
489 2507 595 2587 diuque
610 2527 665 2587 pro
680 2508 757 2570 veris
771 2507 887 2569 habitae
901 2506 968 2581 sint,
984 2526 1058 2587 quas
1073 2508 1123 2589 qui
1137 2517 1215 2570 reete
1234 2513 1263 2569 11
1277 2525 1312 2568 ex
1326 2506 1396 2568 artis
1411 2506 1455 2566 le-

299 2610 382 2689 gibus
398 2611 558 2683 examinet,
574 2610 671 2671 statim
693 2611 862 2672 salsissimas
883 2628 949 2671 esse
968 2619 1121 2689 agnoscat:
1143 2618 1300 2692 contraque
1319 2629 1400 2673 nunc
1419 2610 1455 2672 ab

298 2714 470 2793 etymologis
496 2713 584 2774 multa
604 2720 829 2793 proponuntur,
855 2731 930 2792 11111
949 2731 1038 2792 quum
1065 2713 1304 2793 imperitissimus
1332 2715 1456 2795 quisque

297 2815 475 2878 incredibilia
491 2834 557 2876 csse
572 2813 820 2876 confidentissime
842 2814 980 2888 clamitet,
999 2815 1083 2895 periti
1099 2834 1164 2877 1111
1179 2834 1321 2878 essenon
1336 2816 1456 2879 credant

297 2926 424 2989 tantum,
445 2917 496 2979 sed
516 2918 686 2998 planissime
706 2916 915 2978 recentissime
933 2917 1101 2997 intelligant.
1131 2919 1247 2981 Etenim
1265 2918 1321 2981 hac
1335 2919 1454 2980 demum

296 3030 399 3082 nostra
414 3030 516 3093 aetate,
532 3028 625 3081 111111
640 3019 685 3080 illa
701 3019 840 3099 opinandi
855 3027 884 3080 et
897 3020 1059 3082 hariolandi
1074 3022 1234 3084 temeritate
1241 3030 1361 3095 remota,
1373 3022 1453 3095 artis,

295 3142 368 3203 quae
383 3141 449 3185 vere
464 3122 519 3184 diei
535 3122 639 3202 possit,
655 3121 863 3201 etymologicae
877 3123 1245 3205 selidalundamentaponi
1258 3134 1361 3205 coepta
1376 3133 1453 3199 sunt,

294 3243 369 3305 qnae
383 3243 474 3304 quum
489 3241 550 3285 non
566 3223 680 3285 aliunde
692 3223 750 3285 nisi
764 3242 799 3286 ex
809 3225 1001 3305 plurimarum
1014 3226 1178 3306 linguarum
1189 3227 1266 3288 inter
1273 3235 1452 3307 1111111111-

293 3346 360 3389 rum
376 3335 509 3389 accurata
524 3325 742 3405 comparatione
757 3327 816 3407 peti
831 3347 922 3408 posse
933 3337 1057 3403 constet,
1073 3346 1161 3391 nemo
1174 3349 1206 3392 se
1220 3329 1250 3392 in
1265 3330 1323 3392 hoc
1337 3330 1452 3393 studio-

293 3448 361 3491 rum
376 3448 481 3509 generc
497 3427 742 3510 operaepretium
762 3431 853 3492 lacere
873 3450 963 3510 posse
978 3431 1128 3512 intelliget,
1142 3431 1199 3493 nisi
1219 3431 1269 3513 qui
1288 3451 1320 3493 11
1337 3432 1450 3504 idonea,

293 3532 351 3594 lroc
365 3541 409 3594 est
424 3541 555 3595 accurata
575 3540 604 3592 et
624 3530 721 3593 subtili
741 3550 842 3594 earum
862 3533 1040 3615 linguarum,
1061 3553 1134 3614 qnae
1154 3535 1185 3596 in
1201 3534 1450 3615 comparationem

292 3636 440 3719 vocandae
456 3643 537 3708 sunt,
558 3634 679 3696 scientia
700 3634 877 3697 instructum
895 3654 961 3697 esse
979 3634 1086 3699 videat:
1107 3636 1204 3709 ceteri,
1226 3637 1252 3698 si
1268 3636 1392 3717 sapient,
1406 3637 1450 3698 uti

292 3737 392 3817 potius
407 3736 456 3812 iis,
476 3756 550 3818 quae
565 3757 580 3799 a
596 3737 696 3817 peritis
713 3738 826 3801 inventa
846 3739 1022 3818 acceperint,
1043 3759 1129 3820 qnam
1149 3740 1210 3821 ipsi
1224 3739 1255 3801 in
1274 3740 1449 3801 111111111-
1524 3758 1530 3768 ·

292 3860 363 3922 pum
380 3840 556 3903 descendere
571 3860 639 3904 cum
654 3841 767 3903 errandi
784 3851 813 3902 et
826 3841 941 3903 labendi
956 3842 1084 3922 periculo
1100 3844 1215 3905 malent
1253 3842 1314 3904 Nos
1331 3842 1448 3922 quidem

291 3943 322 4004 in
336 3943 505 4005 huiusmodi
521 3943 607 4005 rebus
622 3962 683 4005 non
698 3954 758 4005 tam
772 3951 857 4024 turpe
871 3952 1008 4024 putamus
1024 3946 1114 4008 multa
1128 3945 1255 4018 nescire,
1271 3962 1358 4026 quarn
1374 3944 1448 4005 stnl-

291 4057 362 4121 tum,
378 4048 403 4108 si
419 4047 484 4126 quis
501 4046 657 4109 arbitretur
671 4065 704 4108 se
719 4047 793 4108 scire
808 4065 881 4126 quae
896 4065 951 4109 nec
966 4048 1039 4111 sciat
1053 4047 1299 4128 necscirepossit.
1328 4046 1447 4109 Interim

290 4158 361 4211 sunt
376 4149 461 4211 etiam
478 4149 507 4211 in
525 4151 582 4211 lroc
602 4167 706 4230 genere
725 4166 786 4210 non
809 4168 899 4230 aeque
922 4151 1021 4213 omnia
1041 4151 1130 4213 ardua
1153 4159 1183 4212 et
1201 4170 1217 4212 a
1238 4149 1347 4230 vtrlgari
1362 4158 1448 4229 captu

289 4264 416 4316 remota:
440 4253 528 4314 multa
543 4253 573 4313 in
589 4252 696 4332 quibus
717 4270 778 4313 non
797 4260 857 4314 tam
872 4253 978 4315 diffusa
996 4253 1052 4315 ista
1071 4253 1263 4333 plurimarum
1283 4253 1447 4332 linguarum

289 4356 466 4436 cognitione,
483 4374 570 4435 quam
586 4353 685 4416 sobrio
706 4354 812 4415 iudicio
830 4373 906 4434 opus
922 4355 974 4428 sit,
994 4363 1027 4417 ut
1041 4365 1091 4417 aut
1106 4374 1207 4418 verum
1221 4355 1385 4417 inveniatur
1399 4362 1448 4417 aut

288 4459 485 4539 quodfalsum
507 4458 545 4519 sit
565 4458 650 4520 certis
670 4458 832 4521 rationibus
852 4460 1028 4520 confutetur.
1058 4457 1172 4521 Horum
1191 4476 1285 4523 unum
1304 4457 1444 4521 hocloco
