3178 5136
805 572 811 573 f
849 476 978 577 ³⁸5..

302 667 371 729 tari
386 665 527 746 quidem
541 665 677 746 possit;
691 665 727 727 in
742 682 809 745 qua
823 681 894 725 non
908 662 1011 727 rideo
1026 663 1169 727 ubinam
1181 679 1276 725 mens
1288 672 1448 729 constans

303 778 337 832 et
356 769 426 832 vita
444 767 546 831 beata
565 766 687 848 possit
705 766 890 830 insistere:
911 767 1078 849 quodque
1096 766 1275 829 innostro
1294 784 1451 846 corpore,

304 872 335 935 si
348 871 494 934 minima
509 869 549 933 ex
561 880 663 952 parte
678 869 922 950 significetur,
936 870 1122 933 molestum
1138 868 1199 944 sit,
1214 887 1276 931 cur
1289 869 1450 931 bocidem

304 992 377 1037 non
391 974 565 1036 habeatur
578 974 765 1036 molestum
779 973 816 1035 in
829 970 918 1036 deo?
947 972 1055 1035 Terra
1069 972 1161 1035 enim
1175 972 1353 1053 prolecto,
1372 990 1452 1052 quo-

304 1076 395 1139 niam
410 1077 531 1139 mundi
547 1095 630 1160 pare
645 1086 713 1152 est,
728 1093 811 1156 pers
826 1084 879 1138 est
890 1074 994 1137 etiem
1009 1075 1074 1138 dei.
1100 1074 1205 1156 Atqui
1216 1082 1335 1137 terrae
1350 1074 1453 1137 maxi·

304 1197 378 1242 mas
396 1179 563 1260 regiones
581 1177 837 1242 inhabitabiles
861 1187 965 1259 atque
988 1177 1142 1242 incultas
1165 1177 1340 1251 videmus,
1365 1177 1454 1258 quod

304 1301 387 1364 pers
409 1301 525 1345 earum
547 1281 701 1363 appulsu
723 1281 812 1344 solis
834 1280 1022 1357 exarserit,
1048 1299 1130 1362 pars
1154 1280 1358 1363 obriguerit
1381 1280 1456 1342 nire

303 1385 516 1466 pruinaque,
534 1385 732 1466 longinquo
748 1384 839 1447 solis
858 1384 1041 1462 abseessm
1065 1401 1164 1465 quae,
1184 1383 1213 1445 si
1234 1384 1389 1446 mundus
1406 1390 1458 1445 est

267 1509 282 1559 5
306 1489 404 1565 deus,
424 1488 591 1569 quoniam
611 1487 732 1552 mundi
751 1495 871 1569 partes
892 1497 988 1563 sunt,
1008 1487 1064 1550 dei
1084 1486 1238 1549 membra
1260 1485 1390 1567 purtim
1409 1505 1458 1549 er·

305 1590 425 1654 dentia
438 1591 568 1671 partim
583 1586 793 1672 refrigerata
809 1590 959 1654 dicende
980 1599 1074 1654 sunt.
1104 1588 1325 1653 Adscribendus
1345 1591 1399 1653 brit
1415 1596 1459 1651 to·

304 1701 351 1756 tus
365 1693 463 1768 loeus,
479 1693 611 1774 wamiis
631 1694 729 1773 paullo
747 1692 875 1773 longior,
894 1694 1034 1774 quonium
1054 1702 1133 1755 certa
1150 1692 1321 1755 emendatio
1340 1693 1461 1754 demon-

303 1795 390 1859 strari
404 1813 466 1858 non
480 1805 591 1878 potest,
609 1796 668 1859 nisi
683 1795 867 1859 connexione
881 1797 1090 1859 sententiarum
1109 1806 1186 1858 recte
1205 1802 1375 1878 perspecta.
1404 1794 1461 1856 Ob·

304 1906 403 1961 seurat
417 1906 512 1962 autem
527 1900 604 1962 hune
617 1899 813 1982 interpunctio
828 1899 952 1981 vulgata,
971 1919 1045 1980 quae
1059 1899 1123 1962 talis
1138 1904 1199 1974 est,
1213 1906 1248 1961 ut
1262 1898 1383 1961 relative
1397 1915 1464 1961 seu·

303 2001 408 2078 tentia,
430 2003 523 2083 quod
542 2002 578 2063 in
598 2011 723 2065 nostro
743 2020 907 2083 corpore,
928 2003 957 2066 si
977 2002 1121 2065 minime
1140 2021 1180 2063 ex
1199 2009 1306 2082 parte
1325 1999 1463 2083 signiti-

305 2113 415 2180 cetur,
430 2105 619 2168 molestum
633 2105 694 2179 sit,
710 2107 747 2169 de
761 2106 847 2169 celeri
862 2106 1061 2181 conversione,
1075 2104 1168 2186 qualis
1182 2105 1290 2167 mundi
1306 2104 1355 2179 sit,
1372 2103 1466 2184 inquo

303 2224 388 2270 meus
403 2214 545 2271 constans
565 2217 594 2271 et
611 2208 669 2271 uita
687 2208 771 2271 besta
791 2208 927 2271 insistere
946 2227 1008 2271 non
1026 2207 1136 2289 possit,
1156 2206 1282 2288 intelligi
1299 2207 1408 2269 debere
1426 2205 1465 2267 vi-

304 2310 414 2373 deatur.
443 2310 530 2392 Atqui
545 2310 588 2373 sic
601 2310 632 2373 in
645 2311 781 2392 proximo
795 2310 945 2385 membro,
961 2320 1056 2374 terra
1070 2310 1163 2372 enirn
1178 2311 1365 2391 protecto,
1385 2329 1468 2391 quo·

303 2412 397 2475 niam
411 2412 534 2475 mundi
548 2431 632 2494 pars
646 2421 714 2489 est,
728 2431 813 2495 pars
828 2424 882 2475 est
896 2413 999 2476 etiam
1014 2412 1084 2488 dei,
1099 2412 1169 2493 quid
1184 2412 1243 2475 sibi
1259 2413 1332 2476 velit
1346 2412 1468 2477 causalis

303 2513 470 2578 mmunctio
496 2515 601 2590 enim,
633 2514 759 2598 perspici
783 2533 847 2579 non
870 2524 977 2599 potest.
1015 2516 1090 2579 Nam
1122 2516 1272 2579 rationein
1304 2517 1471 2599 superioris

303 2618 400 2682 iudicii
414 2617 462 2680 bis
476 2617 573 2680 verbis
587 2636 648 2680 non
664 2618 746 2681 reddi
762 2626 896 2700 apparet,
916 2618 1060 2699 siquidem
1075 2626 1153 2681 terra
1172 2619 1327 2683 veteribus
1347 2637 1412 2683 non
1429 2617 1470 2680 ri-

303 2721 434 2796 debatur,
449 2720 526 2784 sicut
539 2722 677 2796 mundus,
693 2722 891 2803 contorqueri,
907 2721 959 2784 sed
974 2721 1004 2784 in
1019 2721 1114 2784 modia
1128 2730 1214 2803 parte
1226 2724 1340 2786 mundi
1352 2724 1473 2785 immota

303 2825 501 2906 quiesceret).
530 2824 619 2887 Recte
638 2832 735 2887 autem
756 2825 855 2887 omnia
874 2825 1049 2905 procedunt,
1069 2824 1095 2886 si
1115 2825 1264 2888 sententia
1286 2826 1338 2889 illa
1356 2824 1474 2889 minure

302 2927 338 2988 ed
358 2927 510 3007 sequentia
530 2925 663 2989 trabitur.
697 2925 803 2988 Eristit
821 2927 900 2989 enim
920 2926 1132 3008 argumentatio
1157 2927 1356 2991 huiusmodi:
1377 2929 1474 3001 Terre,

301 3028 441 3109 quoniam
455 3046 525 3108 pers
540 3027 642 3090 mundi
658 3036 714 3101 est,
733 3047 803 3109 pere
818 3036 863 3091 est
877 3028 964 3091 etiam
983 3028 1044 3092 dei:
1064 3036 1158 3091 terrae
1176 3038 1282 3093 autem
1304 3040 1409 3113 partes
1429 3036 1477 3094 aut

300 3130 403 3193 ardent
416 3138 467 3192 aut
481 3130 588 3210 rigent:
604 3148 674 3210 ergo
689 3131 775 3193 edam
790 3131 836 3193 dei
850 3140 948 3212 partes
965 3131 1026 3194 siue
1041 3131 1173 3194 membra
1186 3133 1299 3196 ardere
1315 3142 1371 3197 aut
1385 3135 1476 3215 rigere

300 3232 498 3313 consequitur.
527 3231 593 3294 Hoc
607 3241 720 3309 autem,
735 3234 837 3296 ardere
851 3242 901 3297 aut
914 3235 1021 3315 rigere,
1037 3254 1129 3316 quum
1143 3234 1175 3298 in
1189 3235 1334 3301 bumano
1352 3254 1478 3320 corpore

300 3336 457 3398 molestum
473 3335 525 3409 sit,
540 3352 603 3397 non
617 3335 738 3399 dubium
753 3337 868 3402 videtur
881 3337 1034 3419 Epicureo,
1049 3337 1119 3418 quin
1134 3339 1248 3418 pariter
1263 3339 1359 3402 etiem
1375 3341 1408 3402 in
1423 3338 1477 3401 deo

300 3438 458 3505 molestum
478 3438 525 3500 sit
554 3437 757 3503 Dirimendum
777 3440 865 3521 igitur
883 3440 968 3516 illud,
992 3441 1164 3522 Quodque
1181 3441 1218 3503 in
1241 3452 1383 3507 nostro
1404 3461 1480 3506 cor·

300 3559 443 3621 pore-
457 3575 512 3615 —‚
531 3560 547 3603 a
563 3542 765 3623 superioribus
780 3550 841 3606 oret
854 3542 1089 3624 interpunctione
1104 3542 1252 3619 muime,
1277 3545 1479 3626 quemadmo-

299 3643 371 3706 dum
395 3642 565 3706 iamdudum
589 3663 607 3706 e
631 3645 785 3708 llattbiaeo
808 3655 838 3709 ot
861 3644 1003 3726 iladvigio
1031 3644 1207 3708 intellectum
1241 3652 1356 3727 est⁴):
1387 3665 1483 3728 neque

301 3744 397 3808 obstat
415 3745 485 3808 buic
502 3746 732 3828 interpunctioni
752 3766 817 3829 que
835 3747 1019 3823 coniunctio,
1042 3767 1099 3830 qua
1124 3767 1358 3830 saepenumero
1378 3751 1481 3815 Cicero

301 3847 387 3909 etiam
403 3855 473 3910 tunc
486 3847 591 3923 utitur,
606 3849 656 3912 ubi
671 3850 706 3912 ed
721 3868 786 3913 rem
800 3868 908 3914 novem
923 3859 952 3914 et
966 3871 982 3914 a
994 3850 1196 3933 superioribus
1209 3852 1374 3918 diversam
1387 3855 1482 3918 oratio

303 4038 378 4047 *—
385 4042 599 4051 ...Ἦ-...-

370 4144 395 4208 3)
413 4144 531 4214 Plerique
548 4146 650 4214 saltem
665 4147 691 4197 iu
707 4144 795 4214 quibus
813 4153 840 4198 et
855 4145 972 4214 Epicurei
992 4153 1020 4198 et
1036 4146 1126 4212 Stoici,
1142 4147 1180 4197 sie
1191 4153 1375 4215 statuerunt3
1398 4149 1486 4220 peueb

303 4230 448 4299 quibusdam
461 4237 531 4283 terre
547 4232 643 4282 moveri
658 4230 801 4282 videbatur.
835 4230 894 4282 Vid.
914 4247 976 4299 quae
992 4233 1024 4283 ed
1042 4231 1181 4285 Cleomedie
1197 4232 1329 4288 libellum
1348 4237 1488 4305 perutilem

301 4318 420 4386 lectuque
431 4318 496 4369 baud
508 4317 665 4368 iniucundum
677 4330 692 4367 e
704 4316 779 4368 Bekis
792 4315 931 4368 efferuntur
943 4333 967 4384 p.
980 4316 1039 4368 362.

369 4403 394 4466 l)
412 4400 470 4453 viu.
487 4400 616 4453 llettbiee.
634 4402 659 4453 in
676 4402 821 4469 prolusione
836 4404 914 4454 rebel.
932 4417 990 4454 eun.
1011 4402 1089 4468 tete,
1107 4418 1170 4471 quae
1188 4407 1317 4472 repetite
1335 4417 1383 4461 eet
1394 4408 1422 4460 ta
1434 4408 1489 4460 eine

301 4487 408 4556 Scriptis
420 4487 525 4540 mleeell.
538 4504 562 4555 p.
577 4487 618 4554 ut,
630 4494 658 4539 et
669 4486 777 4553 iladvig.
788 4488 820 4540 ed
833 4487 860 4540 C.
872 4488 904 4540 de
912 4488 985 4541 Fine.
997 4486 1039 4556 Ill,
1051 4486 1094 4554 22,
1106 4486 1147 4539 te.
