3178 5136
580 458 780 557 Aa..

128 642 200 705 nodo
214 643 401 725 Theophrasti
415 647 497 709 hune
513 645 640 709 libellum
660 665 725 708 esse
745 646 832 709 medo
852 653 974 727 propter
992 645 1156 710 Philodami
1171 647 1257 710 testi-

126 746 245 821 moninm,
258 748 301 811 oui
315 749 413 811 maior
423 748 501 811 haud
516 748 604 811 dubie
617 750 689 812 tides
705 747 806 811 haberi
820 748 918 823 dehet,
938 768 1025 831 quam
1040 749 1185 815 veteribus
1200 750 1255 813 illis

124 849 206 912 nasio
223 849 328 931 podius
346 849 585 915 Aristoteliorum
605 869 728 932 opernm
750 852 968 930 collectoribus,
984 853 1088 915 iisdem
1104 853 1154 934 qod
1168 853 1256 917 etism

124 952 223 1015 alteram
241 954 331 1018 istam
350 955 576 1018 oeconomicum
591 954 739 1017 Aristoteli
758 954 934 1030 tribuerunt,
949 974 1036 1036 quern
1050 954 1138 1019 hodie
1153 974 1256 1018 omnes

123 1053 284 1119 subdititium
291 1057 977 1138 esseeonsentiunt·0uamquamtestimonium
985 1058 1053 1121 illud
1063 1058 1255 1139 Goettlinglus

123 1156 193 1220 nohis
207 1160 316 1240 eripere
332 1169 463 1237 sonatur,
476 1161 632 1241 locumque
646 1159 807 1222 admodum
820 1159 851 1222 ln
865 1179 975 1242 papyro
990 1178 1127 1223 maneum
1142 1169 1172 1223 et
1186 1178 1255 1224 eor·

121 1266 232 1340 mptum,
249 1263 382 1344 pessime
401 1273 496 1328 autern
517 1263 747 1344 alleapohtanis
766 1261 927 1326 editoribus
948 1264 1131 1345 suppletum,
1145 1263 1176 1327 in
1190 1283 1255 1327 eam

122 1365 270 1428 sentmtiam
285 1366 508 1449 intepretatum,
528 1376 563 1430 ut
580 1367 770 1430 Philodemus
789 1365 937 1429 dissentiri
956 1364 1073 1445 quidem
1088 1365 1124 1428 ab
1139 1366 1203 1430 eliis
1219 1369 1256 1431 de

121 1474 216 1528 maore
228 1467 303 1544 libri,
319 1478 351 1531 et
364 1488 381 1532 a
395 1470 542 1551 plerisque
556 1488 626 1532 eum
640 1469 842 1550 Theophrasto
858 1467 1006 1542 vindicari,
1018 1468 1076 1531 sihi
1086 1476 1184 1532 tomen
1198 1470 1255 1552 ipsi

121 1576 202 1630 unire
217 1570 304 1634 rideri
319 1572 406 1635 dieat
436 1573 528 1635 Verbo
535 1573 701 1636 Philodami
715 1591 782 1634 eum
796 1572 941 1634 editorum
955 1570 1170 1651 supplementis
1185 1572 1256 1635 haee

121 1679 187 1731 emt:
208 1670 335 1759 [Alphos
357 1671 398 1760 δὴ
426 1670 519 1739 dedas
540 1670 600 1738 καὶ
625 1670 711 1758 πρὸς
735 1676 777 1753 [τὰ
791 1676 929 1753 nastolae
949 1669 1015 1736 τῶν
1039 1668 1255 1760 Θεοφράστου

122 1772 338 1857 [lsdpdlpedoe
359 1777 433 1853 ταῖς
455 1772 646 1858 ὀυνᾶμε[σιν]
670 1770 800 1840 ἐκεῖθεν
815 1770 1147 1861 κικιφαλαι[ω]μέ[νοι,
1158 1775 1256 1856 paldh-

120 1872 164 1941 ta
182 1875 216 1944 δὲ
234 1875 293 1943 καὶ
314 1875 360 1943 τὰ
381 1877 446 1943 τῶν
466 1869 600 1960 ἅλμωνῙ·
623 1872 767 1955 ἅπαντες
793 1874 853 1962 γὰρ
875 1871 921 1953 ὥς
940 1869 1024 1964 ὑπὲρ
1054 1880 1171 1961 [τούτου]
1196 1903 1255 1963 με·

119 1975 321 2064 tplhes'raaasa,
342 1974 448 2047 ὁπότε
471 1985 535 2063 [aar]
563 1976 779 2069 Θεόφραστος
788 1972 1023 2065 ἀποψομέ[νοιι
1033 1985 1147 2063 atsteig
1161 1980 1256 2047 dauh-

120 2077 225 2146 λάττει·
246 2104 378 2166 quorum
404 2084 597 2166 Goettlinpius
622 2086 712 2166 prael.
738 2105 767 2166 p.
793 2085 859 2147 lllll
883 2086 960 2148 hene
984 2087 1255 2169 interpretationem

118 2188 251 2267 proponit:
265 2188 409 2270 Apertum
423 2199 464 2251 est
476 2207 532 2250 sur
545 2188 751 2268 delputmsdum
764 2187 848 2250 nohis
861 2192 994 2252 sitsts'am
1008 2191 1149 2253 adversm
1164 2190 1188 2253 T
1186 2191 1255 2254 heo-

117 2286 213 2366 phrasti
221 2291 344 2372 plaelta,
359 2292 517 2355 secusdum
528 2301 606 2353 artes
615 2288 830 2371 philosophicos
841 2291 880 2353 ad
889 2310 938 2353 res
947 2295 1112 2374 primarias
1125 2312 1161 2357 sa
1174 2295 1254 2357 redi-

118 2392 236 2469 pestihus,
250 2395 301 2457 vsl
311 2398 409 2475 potius
421 2412 483 2456 soa
499 2392 688 2474 Theophrasti
700 2392 902 2456 seduliorem.
933 2394 1039 2458 Omnes
1057 2399 1133 2458 euim
1153 2397 1255 2460 dehoc

118 2491 180 2557 lehre
192 2501 274 2577 pessi
295 2501 322 2559 is
334 2507 406 2559 esset
422 2495 610 2578 theophrasti
622 2495 823 2576 dispmaraat,
839 2499 924 2558 etiam
938 2501 971 2559 iss
984 2500 1021 2560 iis
1035 2499 1120 2572 loeis,
1139 2500 1193 2563 uhi
1203 2504 1256 2582 sa-

117 2597 159 2660 ale
179 2601 336 2683 iusllipsre
355 2610 507 2682 poterant,
532 2603 559 2661 ss·
583 2616 755 2680 cooperare
774 2617 821 2660 rss
840 2598 1009 2673 selaeseu,
1032 2600 1257 2683 Theophrastum

116 2702 195 2783 ipsias
207 2705 359 2767 iissem
373 2723 439 2766 ausa
453 2704 588 2766 doctrina
601 2701 687 2765 hairu
701 2701 780 2764 libri.
810 2701 919 2764 Deinde
930 2702 1023 2766 addit:
1039 2704 1146 2777 „Vides
1158 2706 1254 2769 stetim

115 2802 198 2884 psum
221 2806 428 2869 Philodamum
453 2805 585 2869 dubitare
610 2806 646 2868 de
665 2813 784 2867 auetore
798 2804 879 2881 libri,
899 2826 987 2888 mem
1007 2806 1077 2871 dicit
1100 2807 1257 2887 plerosque

116 2923 160 2984 pro
183 2908 378 2990 Theophrasti
403 2910 463 2971 lmu
486 2907 606 2983 habere,
631 2926 722 2988 quum
743 2917 882 2989 appareat
898 2910 985 2989 longe
1005 2909 1152 2972 diversum
1175 2908 1255 2972 abire

116 3005 340 3092 Theophrastum
355 3030 372 3074 a
387 3011 538 3074 sententiis
553 3009 658 3073 illius.“
685 3009 797 3072 Inritus
820 3011 894 3073 lesio
913 3020 947 3076 ut
964 3031 981 3075 a
1000 3012 1062 3075 viro
1082 3012 1255 3075 doctissimo

116 3114 202 3175 etseri
216 3113 439 3177 studiosissimo
464 3112 649 3188 dissentiam
669 3112 721 3175 sed
741 3113 827 3175 istam
846 3121 946 3176 tamen
964 3116 1019 3178 loci
1040 3115 1255 3178 restitutionem

115 3222 188 3295 auus
201 3216 469 3299 interpretationem
485 3235 547 3279 non
561 3233 686 3297 possum
701 3234 764 3279 non
777 3233 902 3296 prorsus
913 3216 1139 3299 improbabilem
1149 3217 1256 3280 disere.

36 3354 38 3367 a
115 3313 178 3379 llolo
190 3338 271 3383 nuno
283 3339 431 3401 quaerere,
445 3339 503 3401 qua
517 3319 629 3382 ratione
643 3326 798 3400 permotus
814 3311 1047 3383 dsdssmalnerit
1062 3338 1117 3382 ear
1131 3338 1253 3382 eonver—
1272 3330 1305 3381 24

115 3426 178 3497 tus,
196 3442 283 3505 quarn
302 3441 357 3505 pro
378 3415 433 3487 ότι
454 3422 596 3503 accipere,
612 3422 661 3501 qui
676 3441 750 3484 usus
765 3421 853 3483 huius
864 3423 1022 3502 pertimlne
1036 3430 1064 3483 et
1078 3422 1256 3502 frequentis·

36 3518 38 3539 '
116 3520 196 3586 simus
214 3534 261 3589 est
277 3526 353 3607 apud
372 3525 460 3589 huius
480 3525 580 3589 aetatis
600 3525 761 3605 scriptores
780 3531 809 3586 et
828 3523 896 3586 huie
915 3524 980 3586 loeo
1001 3523 1172 3605 aptissimus
1190 3529 1256 3603 13);

115 3636 196 3706 toque
209 3624 501 3711 eurdsalayo'pisdo
514 3628 614 3708 potius
629 3627 794 3707 scripserit,
814 3644 900 3706 quam
920 3626 950 3688 id
972 3627 1051 3707 quod
1071 3626 1257 3707 inpromptu
1381 3610 1390 3623 ⁹

115 3738 180 3802 aas,
197 3739 226 3793 et
240 3749 387 3813 nunquam
407 3750 470 3795 non
484 3731 521 3793 de
535 3730 705 3793 huiusmodi
726 3729 911 3793 dissensione
929 3729 1065 3809 usurpari
1078 3729 1165 3803 solet,
1181 3725 1257 3791 dea-

115 3826 290 3914 φερόμεθας
305 3836 357 3898 sed
371 3833 445 3909 ταῖς
466 3824 644 3914 δυνάμεσιν
663 3853 719 3914 pro
733 3833 797 3895 iure
813 3839 963 3895 convertat
977 3832 1160 3905 ‚assandum
1180 3841 1258 3893 artes

112 3930 347 4017 philosophum,
362 3944 392 4000 et
405 3954 547 4018 quosnam
563 3936 616 3998 has
631 3946 707 3999 artes
722 3953 789 3998 esse
804 3935 902 4020 credet
914 3968 958 3981 -
973 3933 1031 3997 nisi
1045 3936 1120 3996 torte
1134 3934 1258 4014 regulas,

117 4092 198 4103 ⁸»..--

175 4183 216 4251 ldl
233 4187 355 4240 Fortasse
368 4187 415 4239 boe
428 4187 510 4255 ipsum
521 4180 595 4239 dedas
607 4186 679 4254 plane
693 4203 742 4237 aon
755 4203 770 4237 n
781 4184 924 4238 Philodamo
937 4184 1057 4251 seriptum
1069 4190 1117 4248 est,
1129 4181 1173 4232 sed
1187 4181 1257 4230 loeus

116 4265 146 4318 ils
154 4271 331 4325 restituendus:
345 4270 431 4339 δῆλον
441 4266 519 4339 δ’ἤδη
530 4267 581 4324 ὅτι.
589 4300 624 4310 -
633 4272 696 4325 llam
706 4268 731 4323 δ’
739 4263 791 4340 ἤδη
801 4277 872 4322 eerts
883 4268 969 4336 paullo
980 4271 1063 4338 aptius
1074 4269 1176 4320 videtur
1188 4278 1259 4330 quarn

117 4348 156 4419 δή.
189 4355 237 4409 Sel
248 4360 294 4411 liae
304 4374 379 4427 quun
392 4374 441 4410 non
452 4373 605 4426 magnopere
616 4359 648 4409 sd
661 4373 713 4410 rem
726 4363 839 4408 nostram
850 4355 984 4421 pertineat,
998 4371 1045 4406 non
1059 4368 1121 4421 opus
1133 4357 1175 4402 est
1185 4362 1259 4397 aean·

117 4440 192 4491 ratius
201 4458 261 4497 nure
272 4459 287 4497 s
297 4460 336 4496 rus
348 4444 524 4497 demonstrari.

1000 4525 1058 4584 15·
