3222 5148
846 428 999 527 jea-

345 621 489 706 potuerit,
507 637 570 683 non
590 618 684 681 rideo.
729 616 832 680 Obstat
858 624 957 680 autem
985 615 1104 696 utrique
1123 616 1307 678 coniecturae
1331 615 1421 677 etiam
1438 615 1498 687 boc,

346 724 426 806 quod
450 724 494 786 sio
518 724 605 786 verba
630 720 719 783 huius
745 720 872 783 membri
900 714 936 782 ἐκ
962 717 1022 801 τῆς
1043 713 1194 796 συνεχοῦς
1216 710 1422 801 ἐπιρρύσεως
1443 715 1501 778 τῶν

347 820 471 908 ὁμοίων
494 818 638 889 εἰδώλων
659 842 720 887 non
736 830 876 907 poterunt
890 822 948 884 nisi
963 840 1029 883 curn
1046 812 1241 905 ὑφεστῶτας
1262 820 1406 891 construi,
1428 822 1500 901 quod

346 951 364 992 e
379 929 524 1010 superiori
539 928 674 989 membro
689 927 748 988 bue
761 925 939 988 trahendum
953 924 1019 997 erit,
1040 922 1212 1002 diceturque
1226 924 1269 985 sic
1283 922 1408 985 deorum
1422 915 1503 984 ὗπό-

348 1048 475 1107 στασις,
496 1031 527 1092 h.
548 1051 575 1093 e.
601 1028 774 1099 substantia,
800 1046 865 1089 esse
891 1047 915 1089 s.
937 1033 1071 1089 constare
1092 1045 1133 1087 ex
1153 1025 1264 1087 ailluxu
1282 1025 1454 1107 imaginum,
1477 1023 1502 1085 id

345 1134 424 1216 quod
440 1133 600 1196 absurdum
615 1137 670 1205 eat,
686 1149 778 1211 quum
793 1130 935 1211 imagines
948 1129 1065 1209 quidem
1078 1148 1114 1190 ex
1125 1129 1169 1190 dis
1182 1128 1313 1201 effluant,
1324 1129 1407 1190 nullo
1418 1127 1502 1190 modo

345 1244 444 1300 autem
461 1236 490 1298 di
505 1255 521 1296 e
536 1236 597 1297 suis
613 1235 746 1315 ipsorum
760 1232 936 1311 imaginibus
951 1232 1075 1294 existere
1090 1250 1124 1293 ae
1138 1232 1257 1311 prodire
1271 1238 1397 1311 possint.
1427 1229 1502 1293 llesi·

346 1340 416 1401 dere
437 1338 526 1418 igitur
546 1335 624 1399 aliud
645 1335 778 1407 verbum,
805 1335 885 1398 unde
911 1335 970 1397 boc
995 1326 1031 1396 dn
1052 1335 1111 1417 τῆς
1132 1335 1285 1409 συνεχοῦς
1307 1327 1504 1413 ἐπιρρύσεως

346 1442 474 1522 pendere
494 1446 561 1521 apte
581 1437 684 1521 possit,
710 1438 793 1500 cuius
814 1437 902 1509 verbi,
929 1437 1092 1499 oblitterata
1114 1438 1208 1517 prima
1224 1444 1316 1517 parte,
1343 1445 1503 1517 postremae

348 1550 464 1605 tautum
480 1541 594 1603 litterae
606 1525 668 1614 ode
682 1539 796 1602 relictae
812 1547 905 1602 erant.
950 1525 1086 1613 Ηοεσ-ὐς
1101 1548 1250 1602 corrector
1264 1540 1378 1620 aliquis,
1399 1557 1504 1621 prono-

348 1662 418 1707 men
434 1663 498 1706 esse
513 1651 606 1713 ratus,
622 1643 743 1724 spiritus
766 1643 849 1723 signo
865 1644 955 1715 aurit,
971 1644 1129 1724 simulque,
1145 1662 1238 1722 quum
1255 1630 1313 1715 οὓς
1328 1637 1366 1705 δέ
1380 1644 1435 1705 dici
1451 1659 1505 1704 non

348 1766 436 1830 posse
450 1745 634 1825 intelligeret,
655 1745 714 1807 nisi
728 1745 915 1825 praecederet
937 1735 995 1821 οὓς
1016 1740 1083 1823 μέν,
1106 1745 1163 1807 boc
1182 1745 1280 1824 ipsum
1296 1745 1407 1807 iuverit
1420 1765 1504 1826 nega·

348 1851 429 1913 tione
452 1838 492 1910 od
513 1849 542 1909 in
564 1865 732 1928 pronomen
748 1838 803 1920 039
817 1856 939 1911 mutata.
984 1849 1112 1911 Verbum
1136 1857 1235 1912 autem
1250 1850 1337 1923 illud,
1359 1851 1443 1912 cuius
1458 1869 1504 1930 po·

349 1958 476 2015 strenuae
501 1957 619 2011 tantum
645 1950 758 2011 litterae
780 1958 963 2030 supererant,
991 1946 1152 2033 γνωστοῦς
1176 1950 1266 2014 luisse
1287 1951 1425 2022 arbitror,
1453 1969 1506 2032 quo

349 2055 487 2118 restituto
503 2053 677 2115 sententiam
699 2052 777 2115 hanc
789 2072 855 2116 esse
870 2054 1012 2127 videmus,
1035 2061 1069 2116 ut
1087 2055 1116 2116 di
1135 2071 1195 2115 non
1217 2055 1336 2135 quidem
1352 2056 1387 2116 ad
1403 2070 1506 2116 nume-

350 2176 417 2220 rum
434 2164 568 2219 constare
584 2155 727 2229 dicautur,
747 2155 818 2217 be.
839 2174 900 2217 non
921 2158 964 2220 sic
982 2166 1015 2219 ut
1034 2174 1178 2219 numerus
1201 2177 1305 2220 eorum
1320 2157 1389 2219 iniri
1403 2163 1434 2218 et
1448 2157 1505 2218 sin-

348 2260 407 2341 guli
423 2259 549 2321 discerni
565 2259 689 2339 possint,
710 2256 760 2330 sed
781 2259 864 2320 notio
884 2267 984 2320 tamen
1004 2276 1108 2321 eorum
1130 2260 1261 2338 capiatur
1283 2279 1318 2319 er
1335 2259 1506 2339 imaginibus

349 2363 489 2426 continuo
505 2361 703 2423 effluentibus.
727 2358 839 2440 Nempe
855 2361 927 2422 baec
940 2370 986 2422 est
1002 2362 1127 2424 deorum
1144 2358 1270 2442 γνῶσις,
1287 2382 1375 2441 quam
1393 2355 1507 2441 ἐναργῆ

348 2465 492 2547 Epicurus
507 2483 574 2526 esse
592 2463 633 2524 ait
647 2463 679 2523 in
693 2462 776 2542 epist.
792 2463 828 2524 ad
844 2463 972 2526 Menoec.
995 2469 1021 2539 t.
1040 2466 1111 2538 123,
1133 2465 1273 2527 vocabulo
1289 2465 1408 2545 proprie
1422 2478 1506 2525 usur·

348 2576 417 2651 pato
435 2568 470 2629 de
488 2566 656 2633 visionibus,
673 2583 745 2646 quas
763 2565 904 2647 imagines
926 2566 969 2628 vel
992 2567 1022 2627 in
1038 2585 1144 2629 sensus
1159 2570 1201 2629 vel
1217 2568 1247 2629 in
1264 2569 1396 2629 animum
1413 2567 1505 2647 ipsum

348 2670 533 2732 incurrentes
555 2668 702 2742 efficiunt,
724 2673 755 2728 et
769 2668 875 2730 barurn
891 2661 1039 2752 ἐναργείᾳ
1061 2671 1222 2751 opponitur
1237 2692 1271 2733 ea
1286 2689 1386 2733 rerum
1404 2666 1508 2730 intelli·

347 2772 452 2853 gentia‚
469 2788 544 2852 quae
561 2766 658 2853 λόγῳ,
678 2769 707 2829 b.
723 2790 749 2832 e.
764 2771 878 2832 ratione
892 2779 922 2833 et
938 2771 1091 2852 cogitando
1107 2781 1304 2852 comparatur.
1339 2773 1373 2834 ln
1389 2768 1508 2852 epistola

348 2874 386 2936 ad
401 2873 508 2936 Herod.
525 2876 554 2946 b.
571 2871 612 2933 68
630 2867 758 2954 γνωστὰ
781 2867 866 2935 κατὰ
886 2867 945 2956 τὴν
961 2865 1124 2957 αἴσθησιν
1146 2876 1292 2948 dicuntur,
1314 2895 1390 2957 quae
1405 2892 1509 2954 corpo

350 2978 392 3040 ria
418 2976 554 3040 sensibus
582 2976 798 3057 percipiuntur,
826 2994 919 3056 quum
945 2976 1098 3040 ellluentes
1126 2998 1161 3040 ex
1185 2979 1274 3041 rebus
1296 2979 1439 3059 imagines
1459 2977 1509 3037 bos

350 3087 502 3143 acessunt:
530 3078 573 3140 sic
598 3078 687 3159 igitur
712 3074 841 3159 γνωστοὶ
863 3080 951 3141 etiam
978 3099 1010 3141 ea
1026 3080 1082 3143 dici
1097 3089 1243 3161 poterant,
1263 3082 1344 3144 unde
1359 3082 1510 3143 effluentes

350 3183 491 3261 imagines
506 3199 566 3242 non
582 3182 701 3261 quidem
724 3176 783 3265 τὴν
804 3174 959 3266 σαρκίνην
981 3173 1153 3267 αἴσθησιν,
1175 3185 1227 3247 sed
1254 3186 1351 3266 ipsum
1369 3184 1510 3253 animum,

349 3280 408 3368 τήν
430 3279 573 3367 ψυχικὴν
594 3275 764 3365 αἴσθησιν,
791 3289 952 3365 tangerent,
978 3287 1007 3350 id
1034 3287 1113 3368 quod
1134 3287 1170 3350 de
1190 3288 1367 3368 imaginibus
1387 3288 1510 3351 deorum

351 3396 475 3469 propter
494 3405 643 3447 summam
665 3403 766 3447 earum
787 3386 1069 3472 subtilitatemque
1090 3391 1221 3471 corporis
1242 3409 1347 3453 sensus
1365 3392 1511 3472 lugerent,

350 3490 511 3569 Epicurum
528 3488 663 3550 docuisse
677 3506 766 3569 supra
782 3492 1082 3568 memoravimus.⁸⁴)
1128 3493 1188 3555 llac
1202 3503 1236 3556 ut
1251 3494 1287 3557 ab
1301 3495 1401 3557 animo
1416 3492 1511 3575 perci·

350 3601 499 3672 perentur,
526 3599 647 3671 propter
671 3591 799 3653 similem
825 3593 1002 3655 eniminum
1024 3592 1079 3655 illis
1100 3593 1276 3675 imaginibus
1296 3605 1433 3658 naturam
1450 3592 1512 3657 fieri

350 3695 460 3777 potuit:
473 3694 579 3756 similia
591 3693 671 3755 enim
683 3694 829 3757 similibus
839 3694 949 3776 percipi
955 3704 1038 3758 retus
1049 3697 1105 3759 luit
1114 3697 1304 3779 physicorum
1312 3698 1511 3771 doctrina,⁸⁵)

421 3914 463 3979 34)
482 3911 522 3965 Gi.
534 3929 598 3980 quas
611 3916 807 3983 supradiximus
820 3932 843 3982 p.
858 3916 908 3969 339
920 3925 947 3969 et
958 3918 1017 3970 348.
1040 3920 1104 3971 Add.
1117 3920 1219 3974 Lueret
1231 3922 1265 3986 V,
1278 3922 1339 3974 149:

621 4000 715 4054 Tenuis
728 4003 793 4054 euim
806 4010 895 4055 natura
908 4004 980 4056 deum
992 4005 1116 4073 longeque
1128 4017 1226 4059 remota

621 4089 736 4139 sensibus
749 4104 764 4139 a
777 4089 871 4139 nostris
885 4090 960 4140 animi
972 4090 1016 4141 vix
1028 4100 1112 4143 mento
1123 4094 1233 4146 videtur.

351 4172 395 4224 ubl
414 4172 510 4224 animi
529 4182 662 4225 mentem
680 4175 731 4225 dici
747 4182 851 4242 apparet
863 4176 932 4226 illam
944 4177 1019 4228 animi
1033 4187 1138 4244 partem,
1159 4181 1190 4231 ds
1202 4197 1250 4249 qna
1262 4179 1301 4246 ΠΙ,
1322 4181 1373 4233 244
1386 4180 1513 4246 exponit.

351 4273 385 4310 ex
396 4256 471 4324 longe
482 4259 639 4310 tenuissimis
651 4260 752 4324 atomis,
768 4260 795 4311 in
807 4276 856 4328 qna
868 4268 908 4313 cst
919 4278 991 4329 qoam
1006 4263 1128 4332 ψυχικὴν
1140 4268 1275 4332 αἴσθησιν
1287 4283 1334 4333 ego
1347 4269 1449 4318 vocavi.
1474 4263 1512 4317 Gi.

351 4344 424 4411 Diog.
437 4343 466 4394 L.
480 4343 516 4408 X,
529 4343 561 4395 bb
574 4351 600 4395 et
612 4345 746 4409 praecipua
759 4345 860 4396 Stobae.
873 4346 926 4397 Ecl.
938 4346 957 4411 l,
970 4348 1002 4399 32
1016 4364 1037 4412 p.
1053 4350 1111 4401 798.

420 4429 463 4493 35)
481 4426 520 4482 Gi.
532 4427 747 4495 Trandslcnburg.
759 4429 791 4479 ad
802 4428 885 4482 Arist.
898 4430 928 4480 de
940 4433 1022 4483 anina
1034 4448 1058 4499 p.
1072 4435 1121 4487 220
1133 4443 1159 4487 st
1171 4435 1228 4487 228.
1246 4436 1342 4490 Bonita.
1356 4438 1388 4489 ad
1399 4435 1514 4504 llatapb
