3154 5138
848 427 911 492 318

299 631 377 676 nem
391 620 551 695 putaret,
571 633 644 676 eam
659 634 740 677 esse
759 631 915 684 causam,
936 629 997 675 cur
1015 613 1101 674 deos
1120 613 1302 676 hominum
1321 612 1458 677 similes

299 714 534 797 putaremus?
558 715 651 779 Nemo
667 716 783 798 negabit
795 717 872 779 hanc
885 721 1066 795 postremam
1081 715 1195 797 periodi
1210 724 1338 797 partem,
1360 716 1459 780 iudea

300 819 397 883 verbis
417 838 490 883 earn
511 838 590 882 esse
610 838 762 893 eausam,
788 826 879 881 totam
899 832 1142 898 supervacaneam
1162 838 1242 895 esse,
1266 838 1323 900 qua
1347 819 1459 883 omissa

298 939 395 1003 neque
410 921 445 984 ad
461 930 623 986 structurae
637 941 732 1003 neque
747 922 784 983 ad
799 920 959 983 sententiae
979 920 1173 1001 integritatem
1192 922 1352 1003 quidquam
1372 920 1458 984 desit

300 1024 373 1087 Nam
389 1045 422 1087 ea
438 1044 525 1088 eausa
540 1025 610 1088 deos
625 1026 780 1088 bominum
794 1023 904 1086 similes
919 1022 1024 1104 putari,
1040 1025 1120 1104 quod
1131 1024 1203 1087 nihil
1212 1023 1328 1087 bomini
1337 1022 1459 1085 bomine

299 1127 450 1208 pulchrius
465 1127 618 1201 rideretur,
632 1128 690 1190 iam
705 1135 773 1189 ante
787 1126 897 1188 dictum
913 1133 988 1189 erat:
1005 1126 1197 1206 quamobrem
1212 1144 1293 1190 nunc
1306 1125 1380 1189 nibil
1395 1144 1460 1189 am·

299 1229 376 1310 plius
387 1227 454 1290 addi
465 1246 541 1310 opus
553 1229 615 1307 luit,
626 1229 765 1304 nisinen
776 1248 841 1292 esse
852 1228 1027 1303 mirandum,
1042 1229 1077 1301 si,
1090 1229 1338 1310 quemadmodum
1350 1227 1461 1291 bestiae

299 1340 420 1394 naturae
434 1331 577 1395 instinctu
592 1334 638 1396 sui
661 1332 775 1413 generis
796 1333 917 1412 liguram
939 1331 1042 1394 ceteris
1063 1331 1201 1394 omnibus
1220 1332 1398 1412 praeferant,
1417 1331 1461 1393 sic

300 1434 387 1496 etiam
407 1434 578 1497 bominibus
602 1436 660 1497 boc
683 1434 759 1497 idem
779 1443 883 1496 natura
905 1432 1135 1515 praescripserit
1175 1434 1277 1514 Neque
1295 1434 1461 1515 quisquam,

299 1539 425 1620 primam
440 1538 553 1621 periodi
568 1546 681 1618 partem
693 1537 805 1617 legens,
825 1537 1062 1599 coniunctionem
1077 1536 1184 1598 sinon
1204 1554 1270 1599 curn
1291 1536 1333 1599 cis
1353 1536 1462 1617 quibua

301 1642 437 1721 configar
456 1654 501 1704 cst
519 1640 614 1702 verbis
634 1639 717 1720 quid
737 1639 863 1702 mirum
883 1639 1111 1701 consumendam
1130 1658 1196 1702 esse
1216 1638 1344 1721 putabit,
1367 1657 1462 1719 quum

299 1744 471 1825 praesertim
486 1744 545 1805 hcc
558 1761 651 1822 genus
665 1741 857 1822 loquuticnis,
874 1741 999 1803 mirum
1014 1740 1059 1816 si,
1074 1742 1160 1821 longe
1175 1742 1307 1804 omnium
1322 1743 1462 1823 trequen-

300 1846 447 1908 tissimum
459 1845 507 1908 sit
532 1844 599 1907 Non
611 1844 674 1907 sinc
686 1843 847 1906 offensione
858 1843 945 1923 igitur
959 1862 1029 1906 mor
1040 1863 1073 1906 se
1083 1844 1217 1907 delusum
1231 1843 1346 1919 videbit,
1359 1863 1463 1925 quone

299 1948 449 2030 repudiata
463 1949 517 2010 hac
531 1947 758 2021 constructione,
774 1945 858 2008 aliam
875 1946 951 2008 viam
966 1945 1079 2025 ingredi
1093 1947 1215 2028 cogitur.
1245 1947 1284 2010 Ut
1298 1956 1408 2009 taccam
1424 1947 1463 2010 de

300 2051 388 2113 altera
403 2050 574 2123 offensione,
589 2067 663 2130 quae
678 2049 768 2110 estin
784 2048 919 2111 abnormi
934 2048 1166 2128 consequutione
1177 2057 1360 2130 temporum:
1376 2049 1462 2130 quid

300 2153 426 2215 mirum
442 2156 496 2229 (sc.
508 2153 564 2228 est)
581 2170 653 2213 cam
665 2169 744 2213 csse
757 2169 912 2225 causam,
928 2148 1230 2232 curputaremus?
1244 2151 1462 2215 Debebateoim

301 2262 351 2318 aut
365 2255 477 2318 luisse
491 2262 721 2334 amputemus
737 2252 802 2314 dici.
828 2253 902 2315 Nam
914 2252 1021 2315 lloreri
1037 2254 1265 2329 cremationem,
1281 2254 1463 2329 Ciceronem,

299 2356 419 2420 liberius
434 2373 646 2436 nonnunquam
662 2354 797 2427 scribere,
813 2373 901 2435 quarn
916 2355 1172 2434 grammaticorum
1189 2356 1266 2435 leges
1281 2356 1463 2436 permittant,

299 2459 385 2541 pauci
395 2457 546 2538 accipient.
567 2458 644 2533 Quid
656 2455 768 2520 multa?
784 2458 899 2519 Unacst
909 2456 996 2519 huius
1007 2457 1174 2539 loricaque
1185 2459 1347 2523 certissima
1357 2478 1464 2522 emen·

301 2560 389 2637 datio,
404 2560 430 2623 si
444 2561 531 2623 verba
545 2561 601 2622 ista
617 2578 828 2641 supervacanea
844 2567 872 2621 et
886 2561 1009 2622 molesta
1024 2559 1111 2640 plane
1126 2560 1290 2636 eiciantur,
1305 2571 1339 2624 ut
1352 2562 1390 2624 ab
1405 2562 1464 2625 ali·

301 2682 360 2745 quo
376 2663 450 2725 rnale
464 2664 566 2726 sedulo
581 2663 618 2725 ad
632 2662 817 2743 explendam,
832 2663 1081 2743 quemadmodum
1097 2663 1227 2737 rebatur,
1247 2672 1298 2727 aut
1310 2664 1463 2728 illustran-

301 2766 369 2829 dam
383 2765 558 2828 sententiam
574 2765 690 2827 adiecta.

385 2868 470 2931 Aliud
490 2866 620 2930 eiusdem
640 2867 756 2946 generis
776 2867 856 2930 sutile
874 2867 1103 2931 additamentum
1126 2868 1373 2949 deprehendimus
1394 2889 1464 2951 cap.

300 2970 402 3045 xxxi,
417 2969 472 3033 86:
487 2969 634 3041 Dubium
650 2979 703 3032 est
717 2970 825 3045 enim,
839 2978 952 3032 utrum
967 2970 1063 3034 dicat
1076 2970 1212 3051 aliquid
1228 2990 1308 3033 csse
1319 2971 1464 3035 beatum

299 3082 333 3136 et
346 3073 559 3147 immortale,
573 3090 628 3145 an,
642 3071 777 3152 siquod
792 3072 852 3146 sit,
867 3071 902 3135 id
917 3071 1218 3136 esseimmortale'.
1240 3073 1391 3153 Insignem
1402 3074 1464 3137 bu·

299 3177 346 3239 ius
361 3176 529 3257 apodcseos
544 3174 751 3238 absurditatem
766 3175 899 3237 Davisius
913 3175 1031 3237 tollebat
1045 3175 1232 3255 corrigendo:
1247 3194 1303 3250 an,
1318 3176 1348 3239 si
1364 3177 1465 3258 qnod

299 3279 347 3341 sit
360 3278 513 3354 beatum,
527 3277 561 3340 id
575 3297 654 3340 csse
667 3278 877 3340 immortale.
908 3276 965 3339 Sed
978 3276 1090 3341 admitti
1104 3278 1177 3340 baec
1191 3279 1332 3341 correctio
1347 3282 1466 3360 nequit

298 3381 417 3462 Epicuri
436 3381 514 3443 enim
534 3379 692 3455 sententia,
712 3380 748 3442 de
767 3380 850 3442 cuius
869 3379 1107 3461 interpretatione
1126 3380 1288 3444 dubitatum
1307 3389 1368 3454 cst,
1387 3381 1468 3445 baec

298 3483 367 3546 init:
384 3483 488 3559 „Quod
503 3483 619 3546 beatum
633 3491 663 3545 et
676 3482 841 3546 immortale
855 3491 909 3556 cst,
925 3482 954 3545 id
969 3502 1025 3545 nec
1035 3481 1122 3545 babet
1131 3501 1186 3546 nec
1196 3482 1311 3546 exhibet
1322 3484 1468 3563 cuiquam

297 3586 480 3667 negotium“:
496 3586 527 3647 in
542 3604 598 3666 qua
612 3585 651 3647 ita
665 3585 820 3666 proposita
834 3585 976 3648 sententia
990 3587 1049 3648 boc
1061 3585 1180 3666 quidem
1194 3586 1280 3667 plane
1293 3603 1357 3648 non
1371 3597 1468 3667 pote-

297 3696 342 3753 rat
360 3689 437 3763 deri,
459 3696 492 3750 ut
510 3687 646 3768 cuiquam
666 3687 811 3767 Epicurus
833 3688 979 3751 videretur
1002 3688 1219 3751 immortalitem
1238 3709 1255 3751 a
1280 3688 1471 3753 beatitudine

296 3800 435 3872 tanquam
460 3810 476 3852 a
498 3789 664 3852 conditione
686 3807 860 3869 suspensam
884 3791 1005 3872 eiusque
1028 3792 1239 3855 consecteriam
1263 3790 1380 3864 iecisse,
1410 3792 1468 3855 sed
1504 3824 1509 3831 ·

297 3893 486 3956 manifestum
507 3891 623 3955 utilibet
641 3911 707 3955 csse
728 3892 864 3967 debebat,
883 3894 957 3975 poni
974 3893 1144 3974 simpliciter
1163 3894 1270 3975 aliquid
1292 3893 1423 3957 beatum·
1439 3905 1472 3958 et

297 3996 475 4070 immortale,
495 3995 579 4076 eique
597 3995 655 4057 boc
673 3994 776 4069 tribui,
795 4004 828 4057 ut
847 4014 902 4059 nec
915 3978 1034 4059 baberet
1047 4014 1142 4076 noque
1156 3996 1303 4059 exhiberet
1320 3996 1470 4077 cuiquam

297 4099 463 4178 negotium:
490 4097 560 4161 illud
584 4108 679 4160 autern
704 4096 811 4176 ambigi
834 4116 896 4161 non
920 4098 1065 4161 immerito
1088 4107 1216 4179 poterat,
1239 4106 1379 4161 suumne
1406 4119 1470 4181 pro

248 4206 281 4259 tt
300 4188 379 4263 certo
395 4209 424 4264 et
437 4200 612 4273 indubitato,
631 4218 698 4263 esse
712 4199 819 4281 aliquid
833 4199 949 4263 beatum
970 4208 999 4263 ct
1017 4200 1196 4275 immortale,
1217 4220 1254 4265 an
1271 4200 1473 4282 hypothetice

297 4310 410 4367 tautum
425 4311 591 4384 ponerdur.
616 4302 690 4365 Nam
704 4304 817 4368 umoris
832 4304 922 4366 modo
937 4311 997 4366 tam
1008 4321 1108 4383 graeca
1118 4304 1206 4367 rerba
1216 4303 1307 4384 accipi
1318 4316 1473 4384 possunt,

297 4424 314 4468 a
327 4406 454 4487 Diogene
467 4404 582 4467 Laertio
598 4404 633 4480 x,
652 4404 710 4468 139
726 4406 847 4488 aliisque
865 4412 999 4479 servatas
1010 4400 1049 4471 ad
1064 4398 1300 4487 predecessori
1315 4396 1473 4493 ἄφθαρ-
