3154 5138
136 613 303 693 corporis
319 613 476 693 figuram
490 613 612 676 videor
626 631 736 695 posse
750 613 883 690 dicere,
898 614 990 677 unde
1005 621 1171 679 concreta
1184 623 1219 680 et
1232 633 1300 698 quo

136 716 239 778 modo
255 716 355 780 facta
370 715 453 778 sint
483 716 525 779 De
538 715 650 797 repubb
666 716 687 791 1,
703 716 759 780 46:
775 734 875 798 quam
892 718 1176 799 (rempublicam)
1196 719 1301 783 simul

137 826 169 880 et
181 817 298 899 qualis
313 817 362 880 sit
375 828 411 881 et
425 819 592 900 optimam
607 838 688 883 esse
703 820 899 883 ostendam.
926 821 967 884 lie
981 821 1206 897 inventitii,
1225 823 1299 886 15οε

138 919 210 982 Vim
225 922 280 983 rei
295 922 413 1001 qualia
428 930 462 985 et
477 930 607 1003 quanta
621 922 669 986 ait
683 940 952 1003 cognoscamus.
981 924 1097 989 nenti.
1113 925 1212 1001 11,th
1231 925 1299 989 103.

136 1023 294 1086 videsne
306 1023 499 1105 Epicurum
510 1025 871 1107 —quamadmodum
886 1028 979 1108 quod
994 1027 1029 1090 in
1042 1036 1168 1091 natura
1182 1047 1298 1092 rerum

136 1144 242 1187 omne
257 1146 340 1189 esse
354 1126 518 1203 dicimus,
537 1126 571 1190 id
586 1127 771 1191 infinitum
790 1147 868 1191 esse
888 1129 1113 1194 ostenderit?
1138 1131 1181 1194 dd
1197 1130 1298 1193 Famil.

133 1227 179 1301 li,
197 1230 232 1289 1:
258 1228 343 1292 Rem
367 1227 466 1291 rides
489 1230 666 1309 quomodo
690 1249 727 1293 se
750 1230 945 1310 habeam).
961 1231 1152 1295 —Coterum
1176 1241 1300 1296 neuun

134 1329 278 1407 woldam,
303 1350 337 1394 so
355 1332 387 1394 in
406 1339 502 1394 ratam
521 1331 646 1412 quadm
666 1332 792 1395 editione
814 1341 939 1397 natura
957 1352 1020 1397 non
1042 1342 1204 1398 naturam
1225 1335 1299 1398 scri·

132 1440 233 1512 ptum,
248 1433 409 1497 molestum
425 1443 520 1497 autem
534 1433 604 1497 illud
619 1433 804 1516 participium
820 1436 963 1497 omissum
979 1435 1102 1498 vidisse:
1118 1437 1299 1511 consultum,

131 1535 182 1609 ait,
198 1542 232 1597 et
247 1554 284 1597 ex
299 1535 409 1610 codice,
424 1553 464 1598 an
478 1535 599 1611 menna,
615 1535 681 1617 qttis
697 1533 822 1599 direnti

221 1637 297 1718 Cap.
315 1637 352 1713 X,
373 1638 424 1701 24.
459 1637 631 1719 Quodque
649 1637 685 1700 in
705 1644 830 1702 nostro
853 1655 1016 1720 corpore,
1040 1638 1071 1701 si
1091 1639 1234 1704 minima
1259 1661 1299 1703 ex

131 1751 239 1820 parte
269 1740 517 1821 significetur,
542 1742 732 1803 molestum
756 1749 827 1815 est,
853 1758 914 1804 cnr
936 1742 1002 1806 boc
1026 1742 1117 1806 idem
1142 1761 1212 1805 non
1237 1742 1300 1806 ha·

131 1843 263 1905 beatur
286 1844 475 1906 molestum
497 1843 533 1905 in
555 1840 643 1906 deo?
671 1843 786 1906 Dictum
808 1851 854 1905 est
876 1844 913 1906 de
933 1844 1078 1907 hocloco
1098 1844 1129 1906 in
1143 1852 1299 1926 program-

131 1954 211 2008 mate
244 1946 317 2007 anni
345 1945 524 2026 superioris,
558 1944 611 2008 ubi
639 1965 695 2027 pro
710 1945 970 2026 significetur,
1000 1947 1083 2009 cuius
1116 1947 1195 2010 verbi
1226 1966 1299 2029 pro·

130 2047 265 2110 babiiern
287 2047 559 2127 interpretationem
581 2048 689 2111 nubam
713 2066 778 2110 ease
800 2066 867 2110 cum
882 2048 997 2110 Daviaio
1019 2057 1050 2111 et
1063 2048 1230 2111 Heindordo
1252 2049 1299 2111 iu·

131 2150 284 2224 dicerem,
314 2149 501 2212 scribendum
531 2149 583 2212 sic
610 2149 794 2214 afficiatur
821 2150 942 2212 conieci.
990 2150 1116 2230 Fugerat
1143 2170 1191 2213 me
1218 2162 1298 2225 tune,

131 2252 237 2315 ncsdo
263 2251 430 2332 quomodo,
456 2252 550 2315 Beieri
573 2253 722 2316 annotatio
747 2255 783 2317 ad
808 2254 840 2316 C.
867 2254 904 2315 de
929 2250 1012 2314 ome.
1037 2252 1063 2327 1,
1092 2252 1144 2326 15,
1169 2250 1224 2326 46,
1250 2252 1299 2332 qui

132 2353 349 2435 wyttenbacbii
371 2353 643 2436 interpretationem
665 2374 743 2429 earn,
762 2375 849 2437 quam
869 2355 1006 2437 equidem
1026 2354 1217 2436 opinabilem,
1238 2372 1299 2416 non

133 2466 235 2519 autem
265 2455 447 2535 probabilem
478 2457 586 2520 nedum
611 2457 870 2520 demonstrabssem
899 2476 965 2519 esse
988 2457 1059 2531 dixi,
1088 2457 1173 2519 unioe
1201 2474 1299 2520 raram

134 2578 202 2621 esse
229 2556 336 2633 credit,
361 2564 394 2619 ut
418 2558 655 2638 significetur
679 2558 717 2621 sit
742 2560 760 2620 i.
787 2579 814 2640 q.
845 2579 883 2622 se
908 2561 1086 2636 ostendat,
1111 2560 1168 2634 vel,
1194 2578 1298 2640 quem-

135 2659 301 2723 admodum
330 2659 376 2722 ille
405 2679 474 2722 mox
499 2662 664 2724 accuratius
694 2661 808 2736 definit,
839 2672 872 2725 ut
900 2661 1103 2742 significari
1133 2662 1221 2724 dolor
1249 2670 1299 2724 aut

136 2763 273 2826 modestia
287 2782 322 2825 ea
336 2763 455 2839 dicatur,
470 2763 554 2826 curius
568 2763 652 2844 quasi
667 2764 807 2845 quaedam
823 2765 926 2827 umbra
940 2772 1027 2845 atque
1037 2764 1134 2845 imago
1147 2762 1297 2825 sentiatur.

137 2865 201 2928 Hoc
215 2864 309 2947 igitur
322 2864 441 2927 beierus
461 2866 627 2947 amplexus,
647 2873 741 2941 ‚,uos“
760 2866 856 2947 iuquit
874 2866 1027 2941 „simfliter
1044 2866 1081 2928 de
1099 2865 1153 2928 lavi
1173 2865 1297 2946 quadam

138 2979 166 3031 et
178 2968 312 3047 fugiente
325 2968 487 3044 affectione,
509 2988 566 3050 qua
584 2969 680 3033 obiter
698 2978 813 3033 tanturn
832 2970 991 3050 tangimur,
1013 2976 1042 3030 et
1060 2968 1097 3031 de
1116 2967 1228 3031 deforis
1248 2975 1299 3030 aut

138 3070 237 3134 morbi
256 3070 341 3151 quasi
360 3069 535 3150 quibusdam
555 3071 736 3153 praenuntiis
755 3071 802 3134 rix
821 3090 855 3135 ac
872 3089 910 3135 ue
929 3070 975 3133 rix
995 3069 1112 3152 quidem
1137 3069 1297 3132 sentiendis

138 3172 279 3237 dicimos:
300 3191 337 3234 es
352 3172 483 3235 mefdet
497 3173 575 3237 sich
589 3193 643 3249 an,
663 3194 699 3238 es
717 3176 809 3238 ftsst
827 3174 904 3237 sich
925 3173 1002 3236 eine
1020 3173 1108 3236 feise
1122 3173 1297 3235 dunand-

137 3275 220 3356 long
234 3279 398 3356 spttren.“
429 3275 587 3338 dictamen
602 3277 733 3339 nondum
749 3277 879 3359 poenitet
893 3275 991 3340 iudicii
1004 3275 1075 3350 mei,
1090 3293 1182 3357 quum
1198 3283 1299 3355 optare

136 3378 209 3453 hoc,
227 3395 294 3440 non
309 3376 493 3458 interpretari
512 3396 578 3440 ease
597 3377 669 3441 diri:
688 3396 757 3442 nam
777 3377 867 3441 istum
887 3377 963 3441 itlius
980 3375 1061 3440 rerbi
1079 3376 1110 3438 in
1124 3375 1296 3439 Latinorum
1373 3435 1377 3441 .

137 3496 280 3542 sermone
299 3495 388 3541 usum
407 3486 458 3541 aut
476 3478 709 3543 demonstratum
729 3498 796 3543 ease
815 3478 1082 3560 aWpttenbachio,
1104 3486 1153 3541 aut
1172 3479 1297 3541 demon-

137 3583 224 3647 strari
240 3600 334 3665 posse
348 3599 433 3661 nego.
460 3582 546 3657 Quod
561 3583 640 3646 enim
655 3581 701 3645 ille
714 3600 849 3662 graecum
865 3574 1098 3667 ἔπεσημαίνειν
1111 3582 1298 3663 compararit,

137 3686 259 3748 Beierm
278 3692 417 3746 noenum
436 3683 513 3747 sich
531 3684 727 3759 anmeldon,
745 3684 882 3766 qnodque
895 3684 998 3765 aliquis
1011 3686 1138 3748 fortasse
1152 3684 1239 3748 etiam
1257 3684 1297 3760 id,

137 3788 217 3869 quod
233 3786 293 3850 dici
308 3785 383 3849 solet
396 3786 474 3849 eine
487 3788 710 3868 dudeutung,
726 3796 777 3850 ant
787 3786 841 3849 alia
852 3787 914 3850 eiua
925 3788 1042 3867 generis
1053 3786 1212 3862 advocabit,
1226 3788 1299 3850 haec

139 3891 240 3954 omnia
256 3889 330 3952 nibil
341 3889 511 3965 ostendunt,
525 3889 584 3953 nisi
593 3890 711 3953 licuisse
721 3888 808 3953 mam
820 3889 940 3964 Latims,
955 3890 980 3953 ai
992 3890 1161 3965 voluissent,
1176 3889 1297 3953 verbum

141 3993 354 4075 significare
372 3990 460 4055 simili
480 3992 608 4073 quodam
627 3993 718 4056 modo
738 4011 894 4074 usurpare:
917 4011 984 4055 vere
1003 3993 1033 4055 id
1057 3993 1101 4057 sic
1124 4001 1296 4074 usurpatum

209 4253 249 4318 ιι)
269 4250 308 4305 cr.
320 4268 362 4320 qe
374 4246 766 4315 umeneracaenteu,
783 4246 882 4314 aueo.
899 4248 1016 4313 so,1oa.
1052 4220 1134 4300 sarar.
1155 4248 1186 4333 ¹3⁴¹
1207 4224 1295 4311 cim

144 4345 204 4403 orat.
218 4354 256 4406 pr.
269 4336 340 4390 nutu
352 4344 402 4389 etc.
411 4352 436 4404 p,
448 4333 490 4398 tt,
501 4341 535 4400 et,
548 4334 589 4400 qut
601 4333 633 4385 do
645 4335 711 4385 omui
723 4336 770 4386 boe
781 4348 874 4399 genere
886 4333 1022 4399 diliguatm
1032 4336 1161 4402 exposuit,
1179 4330 1209 4383 G.
1222 4329 1252 4382 Τ.
1264 4329 1295 4380 Α.

143 4408 247 4492 Kragos,
260 4425 292 4476 dc
305 4422 468 4475 Attractione
480 4420 495 4485 5
508 4417 549 4469 58.
562 4434 616 4487 sqq.
1096 4418 1100 4431 '
