3290 5142
753 486 795 551 43

194 673 1354 749 mmmmmdinaltmmhumanisanimisinooelumeueo·

194 777 264 840 tatis
279 775 426 840 destinam
435 778 475 854 ⁶).

279 880 322 943 De
336 880 468 943 nummis
490 898 593 944 versus
612 880 701 961 primi
718 880 751 945 in
769 881 911 946 aeduum
930 887 1000 963 post
1013 881 1180 963 spondeam
1194 879 1355 944 desinentis

194 1000 289 1065 mum
303 982 339 1045 ah
353 981 523 1046 Hermanno
537 982 661 1065 aliisque
673 982 855 1064 disputatum
868 984 916 1057 sit,
932 983 1004 1049 nihii
1023 1000 1104 1046 nuno
1123 982 1181 1046 diei
1204 1001 1277 1064 opus
1299 989 1370 1056 est„

193 1085 259 1149 iioo
269 1102 365 1159 unum
379 1091 513 1165 tanqam,
534 1085 614 1167 quod
634 1085 820 1149 Burmannus
844 1085 1104 1167 transpositionem
1130 1085 1289 1149 veiorum
1317 1085 1354 1146 ad

194 1188 385 1269 corrigendos
402 1204 544 1251 numeros
564 1188 602 1250 ab
620 1188 759 1253 Elmsieio
784 1188 1034 1263 commendatam,
1054 1178 1175 1263 ’Ἀτλας
1197 1178 1216 1248 ὁ
1239 1178 1357 1261 νώτοις

193 1284 387 1370 ,amomo
413 1281 563 1371 οὐρανόν,
598 1296 720 1372 propter
743 1290 942 1372 postpositum
965 1289 1150 1353 substantivo
1179 1288 1355 1352 adieetirum

195 1392 353 1473 improbet,
367 1408 430 1454 non
442 1394 514 1455 satis
529 1392 712 1456 oonsiderate
726 1392 800 1457 mini
813 1392 924 1456 iactum
939 1392 1040 1455 videri.
1082 1391 1185 1455 Potuit
1199 1391 1278 1454 enim
1292 1391 1356 1454 sine

197 1493 287 1557 dubio
307 1492 416 1575 pariter
434 1494 547 1559 utrovis
565 1494 656 1557 modo
682 1494 748 1558 dici.
792 1495 868 1558 Nam
893 1494 1071 1559 sententiam
1089 1494 1126 1558 ab
1148 1495 1254 1557 eodem
1278 1494 1355 1557 Her·

197 1612 308 1658 manno
327 1594 396 1658 aiibi
414 1594 611 1677 propositam,
634 1615 727 1678 quum
742 1598 883 1679 anteponi
897 1595 1071 1660 adieetivum
1085 1596 1157 1670 vuit,
1168 1596 1219 1659 nbi
1234 1595 1355 1677 opposi-

196 1698 282 1772 tioni,
296 1696 435 1779 postponi
455 1705 569 1772 auum,
595 1698 648 1761 ubi
673 1699 809 1781 ampliori
827 1699 1017 1780 descriptioni
1038 1699 1191 1774 mauvia,
1213 1699 1355 1780 exemptio

196 1800 423 1882 haudquaquam
439 1801 626 1883 eomprobari
641 1802 757 1866 (ieelim
773 1803 984 1867 demonstravit
998 1803 1034 1865 ad
1046 1803 1120 1869 Eur.
1130 1801 1242 1865 Phoen.
1253 1820 1280 1862 v.
1293 1800 1355 1862 927

195 1922 226 1984 p.
245 1902 315 1965 161.
359 1904 504 1985 Equidem
517 1905 589 1969 iilud
602 1906 701 1986 potius
712 1905 770 1968 diei
784 1905 921 1969 debuisse
934 1905 1071 1979 arbitror,
1085 1904 1225 1986 anteponi
1236 1904 1356 1967 adieeti-

197 2024 269 2069 snm
288 2005 382 2069 solere
404 2004 454 2068 uhi
474 2007 637 2070 accuratim
655 2014 772 2071 tautum
791 2008 973 2071 definiendae
991 2007 1164 2071 substantivi
1178 2006 1294 2070 notioni
1308 2006 1357 2068 in·

195 2108 311 2182 serviat,
326 2107 464 2190 postponi
478 2114 578 2171 autem
591 2108 645 2171 ubi
657 2112 701 2171 vis
716 2110 778 2173 eius
792 2110 829 2173 ad
844 2111 1044 2194 praedicatum
1054 2109 1273 2191 quodammodo
1287 2127 1356 2190 per-

194 2212 287 2275 tineat
305 2218 336 2274 et
356 2211 439 2291 qnasi
460 2211 584 2274 causatis
605 2219 657 2274 aut
670 2212 874 2276 conditionalis
889 2220 940 2277 aut
955 2213 1045 2275 ιιὶιω
1061 2211 1246 2275 consensisse
1260 2228 1356 2274 mun-

196 2312 327 2375 tiationio
352 2313 446 2375 instar
470 2311 573 2375 haberi
597 2313 708 2395 possit,
734 2314 815 2377 velut
838 2315 897 2377 hoo
921 2313 986 2377 loeo
1011 2313 1037 2375 si
1062 2313 1141 2377 diaes
1159 2307 1277 2389 νώτοις
1299 2304 1358 2379 diso

195 2409 348 2494 χαλκέοις
369 2400 455 2477 οὖσι.
499 2414 608 2477 Varum
627 2422 729 2479 umen
748 2402 786 2479 ne
806 2417 884 2481 hano
901 2415 1021 2497 quidem
1042 2415 1139 2496 legem
1157 2415 1268 2496 ubique
1287 2415 1357 2478 reli-

196 2517 277 2598 giose
291 2537 308 2579 a
322 2516 419 2596 poetis
434 2515 617 2580 observatam
633 2535 697 2580 esse
711 2518 864 2581 fatendum
878 2525 933 2581 est.

281 2619 324 2681 Ite
337 2619 428 2683 verbo
443 2611 614 2700 ἐκτρίβειν,
637 2638 697 2702 quo
715 2638 805 2685 sensu
826 2621 884 2685 hoo
902 2622 969 2683 looo
987 2618 1191 2701 accipiendum
1215 2619 1270 2694 sit,
1296 2637 1358 2682 non

196 2723 387 2785 eonsentinnt
399 2722 583 2803 interpretes.
616 2723 691 2787 Nam
706 2722 856 2787 Sanderus
872 2723 991 2805 quidem
1001 2723 1030 2801 τ)
1045 2721 1271 2804 praepositionis
1282 2722 1358 2785 hane

196 2823 257 2887 vim
270 2843 336 2887 esse
350 2823 420 2897 vult,
441 2829 476 2887 ut
495 2823 609 2887 dioatm
627 2824 708 2889 adas
727 2825 845 2888 eoelum
867 2826 991 2888 mando
1005 2832 1112 2888 aterra
1127 2824 1266 2887 tannero
1287 2828 1358 2901 (ooo

194 2926 250 2988 der
262 2925 341 2988 dade
354 2926 515 3007 ueqraides
528 2918 590 2989 saed
604 2928 730 3007 estserat
743 2926 871 3009 buttem
887 2930 918 2991 in
933 2944 1003 3009 quo,
1019 2926 1132 2990 lioetde
1142 2925 1358 3008 praepositione

195 3028 324 3101 fallatur,
339 3028 397 3092 hoo
409 3035 512 3091 tamen
526 3036 605 3091 oerta
619 3028 816 3110 probandum,
832 3031 912 3112 quod
926 3030 984 3112 ipsi
998 3029 1088 3093 verbo
1102 3023 1229 3113 τρίβειν
1246 3028 1358 3110 signifi-

196 3131 343 3195 oationsm
356 3148 441 3194 num
455 3131 582 3212 reliquit
627 3132 685 3194 Sed
699 3133 776 3196 hano
790 3152 908 3215 quoque
922 3150 1053 3214 nuperus
1066 3132 1212 3213 interpres
1226 3130 1358 3193 iiartun·

198 3251 253 3314 qus
268 3233 307 3296 an
318 3233 376 3296 hoe
390 3234 500 3315 pariter
513 3240 601 3315 atque
612 3253 629 3297 a
642 3234 733 3298 latino
748 3236 838 3299 verbo
858 3245 937 3299 tero
954 3234 1138 3299 abiudieavit
1182 3233 1254 3297 nese
1275 3233 1356 3297 enim

196 3327 324 3418 τρίβειν
336 3342 367 3397 et
380 3343 577 3399 tereronon
591 3337 671 3418 quod
686 3356 742 3402 nos
756 3338 911 3402 vantome
930 3337 1056 3400 dumus
1075 3335 1194 3410 rodet,
1214 3336 1265 3399 sed
1285 3336 1357 3400 iilud

196 3437 306 3518 potius,
322 3438 401 3517 quod
416 3437 541 3502 didmus
559 3438 669 3520 sitires
688 3441 756 3519 (vel
775 3458 895 3514 manu,
917 3439 1013 3513 addit,
1043 3438 1099 3503 vel
1113 3439 1150 3499 in
1170 3442 1356 3519 corpora)

197 3538 322 3620 ideoque
336 3540 425 3603 mam
440 3539 534 3604 multo
549 3559 606 3603 usu
621 3559 806 3618 consumere,
822 3540 922 3606 duroto
933 3539 1115 3621 oiaifntta‘pen
1130 3539 1281 3603 Geiraued
1301 3540 1356 3603 od·

195 3643 314 3722 fatres.
358 3643 503 3725 Equidem
523 3661 580 3707 neo
597 3644 667 3723 qnid
688 3644 745 3707 hoo
766 3645 820 3719 sit,
842 3653 872 3709 et
892 3644 1013 3726 quuinam
1033 3642 1111 3706 inter
1125 3641 1287 3705 Germanos
1306 3642 1356 3705 iiio

195 3744 286 3808 verbo
301 3745 446 3825 oblatras
459 3745 502 3808 sic
514 3752 646 3820 uantur,
662 3765 711 3811 me
724 3765 813 3811 nosse
827 3749 982 3830 profiteor,
1002 3763 1099 3827 neque
1120 3745 1156 3807 de
1175 3762 1243 3807 vera
1257 3762 1292 3808 ao
1303 3764 1357 3824 ge·

195 3848 287 3913 onina
302 3848 512 3929 ιιριιίβωιὶοιιι
527 3848 686 3912 verborum
696 3849 798 3933 τρίβω
809 3857 840 3917 et
850 3857 932 3913 tero
942 3868 960 3912 a
971 3865 1121 3930 quoquam
1133 3845 1258 3911 dubitari
1269 3865 1357 3929 posse

195 3951 323 4026 eonddo,
338 3950 390 4033 qui
403 3951 494 4014 modo
508 3951 642 4032 exempla
656 3969 762 4016 eorum
776 3953 807 4015 iu
821 3951 921 4016 lexicis
932 3958 1070 4033 congesta
1080 3950 1179 4032 pauido
1190 3948 1357 4031 diligentins

266 4228 292 4294 6)
310 4227 378 4280 Haeo
390 4224 480 4294 colligi
491 4233 640 4292 possantax
650 4226 723 4279 ovid.
738 4226 841 4279 Metam.
861 4227 884 4291 1,
897 4224 946 4277 169
962 4241 1016 4292 squ.
1033 4224 1092 4276 ooll.
1109 4223 1222 4278 idaorob.
1235 4224 1262 4276 io
1273 4225 1357 4276 Semo.
1435 4286 1439 4293 ῃ

196 4313 266 4379 sap.
280 4314 303 4380 1,
317 4312 357 4367 12.
368 4329 393 4380 p.
404 4312 447 4365 oe.
459 4311 538 4364 Zeus.
550 4308 588 4364 Gi.
601 4313 677 4369 οιίτιιι
687 4312 751 4365 nn
765 4312 841 4365 Voss.
853 4311 938 4363 sehed
949 4311 1007 4363 orit.
1019 4309 1041 4363 n
1052 4325 1077 4375 p.
1087 4309 1148 4363 208.

266 4397 292 4463 t)
309 4397 427 4465 lietutpe
443 4413 491 4451 aar
504 4396 650 4465 nrntmng
665 4397 710 4450 des
728 4397 866 4464 Sophoeles
880 4397 930 4448 aad
946 4395 1089 4462 &nptia-
1124 4395 1279 4449 iliidashaim
1293 4395 1357 4448 test

196 4500 221 4551 p.
234 4483 266 4536 41
279 4498 318 4551 sq.
