3190 5136
860 458 902 525 86

302 666 386 730 pere,
411 648 561 711 licueritne
582 647 621 711 ita
639 641 744 710 πάλιν
768 645 825 707 dici
844 645 880 707 tls
898 645 1020 726 repetito
1043 644 1201 708 certamine
1214 644 1340 720 niter-im,
1365 662 1459 727 quiam

303 768 398 831 neque
418 749 516 813 socius
541 749 629 812 buius
656 747 823 811 certaminis
842 747 967 828 Typhon
986 746 1085 823 luerit,
1111 766 1206 829 neque
1230 750 1288 810 boc
1312 749 1413 830 ipsum
1427 749 1460 811 in

302 851 507 933 superioribus
521 862 716 914 memoratum
732 850 778 913 sit

387 954 479 1016 Versu
498 955 557 1016 471
585 972 640 1035 pro
666 953 778 1033 vulgata
803 951 927 1013 lectione
951 943 996 1026 ὥς
1017 970 1071 1026 τις
1089 951 1266 1016 Wieselerue
1290 970 1461 1034 pronomen

302 1055 453 1119 relativum
473 1050 587 1131 ὅστις,
599 1056 632 1116 in
651 1055 762 1136 aliquot
781 1054 931 1116 codicibus
953 1052 1115 1129 inventum,
1134 1055 1261 1131 restitui,
1281 1074 1461 1137 omnemque

303 1158 402 1221 luctum
416 1158 447 1220 in
461 1158 541 1220 bunc
555 1158 678 1219 modum
694 1155 783 1219 scribi
799 1167 827 1218 et
841 1155 1008 1235 interpungi
1023 1156 1097 1217 vult:

466 1259 650 1335 Πέπονθας
672 1250 762 1333 αἰκὲς
783 1248 876 1341 πῆμ’,
900 1247 1110 1342 ἀποσφαλεὶς
1130 1254 1272 1343 φρενῶν·

469 1357 581 1446 πλανᾷ
601 1356 703 1436 κακὸς
725 1351 878 1443 δ’ἶατρός,
903 1352 1015 1434 ὅστις
1035 1353 1070 1435 ἐς
1083 1354 1181 1424 νόσον

468 1457 580 1526 πεσὼν
601 1453 729 1542 ἀθυμεῖ
748 1495 805 1523 -.

304 1565 419 1629 Scilicet
432 1566 464 1627 in
477 1565 592 1645 vulgata
606 1564 760 1644 scriptum,
775 1580 866 1643 quum
877 1554 925 1638 ὥς
936 1582 990 1638 τις
1003 1562 1107 1643 legitur
1121 1575 1149 1627 et
1159 1573 1230 1646 post
1243 1560 1353 1651 πλανᾷ
1367 1566 1460 1628 inter-

303 1668 458 1750 pungitur‚
485 1674 633 1747 utcunque
650 1665 738 1727 rerba
757 1673 985 1739 construuntur,
1009 1685 1126 1749 semper
1140 1667 1301 1730 orationem
1317 1668 1478 1743 babemus

304 1761 489 1847 ἀσύνδετον,
512 1788 603 1850 quum
617 1767 695 1830 nulla
710 1768 867 1830 intercedat
885 1767 961 1830 inter
979 1768 1052 1830 baec
1073 1768 1131 1831 duo
1151 1770 1253 1844 verba,
1279 1764 1463 1845 πέπονθας

303 1882 334 1936 et
346 1868 467 1957 πλανᾷ,
479 1870 656 1934 coniunctio.
686 1868 762 1932 Huic
775 1869 862 1949 igitur
876 1868 953 1931 malo
969 1870 1144 1933 Wieseleme
1160 1888 1319 1934 occurrens
1334 1871 1460 1934 alterum

272 1991 287 2042 s
305 1975 434 2049 verbum,
448 1968 569 2058 πλανᾷ,
590 1973 621 2034 in
634 1989 728 2034 unum
744 1989 810 2035 urm
829 1971 1000 2033 nominibus
1011 1968 1113 2048 κακός
1131 1964 1275 2055 ulmeta
1292 1973 1461 2059 membrum

302 2076 423 2139 conllari
437 2076 507 2151 vult,
523 2084 555 2138 ut
570 2075 613 2136 sic
627 2074 713 2137 etiam
729 2069 768 2137 δέ
784 2073 960 2150 coniunctio,
975 2074 1145 2138 nominibus
1159 2075 1206 2137 bis
1221 2075 1461 2155 interpositum]

302 2179 424 2242 verbum
443 2177 512 2240 illuri
537 2177 693 2258 pertineat,
719 2176 807 2257 idque
828 2177 870 2239 ita
889 2194 955 2240 cum
981 2178 1132 2258 superiore
1156 2177 1290 2240 membro
1316 2186 1460 2241 nectatur.

303 2280 482 2344 Sententiam
498 2289 596 2343 autem
610 2279 732 2341 eandem
747 2297 822 2354 esse,
833 2298 868 2341 ao
882 2279 907 2341 si
921 2280 1033 2342 (lictum
1048 2280 1095 2355 sit,
1111 2275 1222 2364 πλανᾷ
1243 2275 1281 2343 ot
1293 2266 1341 2355 tie
1357 2276 1463 2357 κακὰς

304 2375 425 2465 ἰατρός,
447 2382 528 2463 quod
547 2390 580 2444 ut
593 2381 775 2462 comprobet
789 2381 825 2443 ael
841 2380 1011 2443 Schneideri
1025 2383 1061 2445 au
1075 2382 1155 2444 bunc
1173 2382 1272 2445 locum
1291 2384 1461 2447 annotatio·

301 2502 372 2547 nem
390 2492 539 2565 provocat
577 2484 691 2563 Nempe
708 2484 794 2545 docet
811 2482 851 2544 ibi
867 2483 1062 2546 Schneiderus
1081 2483 1110 2545 id
1131 2485 1210 2564 quod
1223 2502 1311 2546 nemo
1332 2485 1412 2548 lacile
1425 2484 1462 2548 in

303 2586 426 2649 dubium
444 2586 603 2661 vocaverit,
624 2579 663 2648 δέ
686 2583 921 2648 coniunctionem
937 2584 1024 2647 etium
1038 2585 1075 2648 ab
1090 2586 1231 2667 Aeschylo
1243 2604 1463 2669 nonnunquam

302 2689 448 2764 seeundo,
468 2705 531 2751 non
550 2689 648 2770 primo
667 2687 809 2750 vocabulo
829 2686 983 2768 postponi,
1002 2686 1123 2770 eiusque
1140 2689 1182 2751 rei
1196 2689 1308 2772 aliquot
1326 2692 1463 2771 exempla

303 2799 524 2855 commemorat.
553 2791 639 2871 Atqui
654 2790 786 2871 exempla
800 2790 887 2852 buius
902 2788 997 2851 nostri
1013 2789 1117 2853 similia
1131 2809 1227 2872 neque
1241 2792 1347 2865 citavit,
1362 2811 1463 2875 neque

301 2895 407 2976 potuit,
429 2894 545 2973 opinor,
570 2893 666 2955 citare.
701 2892 817 2955 Scilicet
837 2892 908 2953 baec
922 2891 1018 2966 verba,
1034 2888 1136 2969 κακὸς
1152 2885 1272 2979 ἰατρός,
1289 2913 1344 2976 pro
1359 2914 1460 2976 appo·

303 2996 408 3060 sitione
422 2995 558 3058 habenda
570 3002 656 3056 erunt
670 2995 706 3056 ad
722 2994 752 3056 id
768 2993 941 3067 subiectum,
957 2993 1186 3073 modoetiensi
1201 2992 1322 3082 πλανᾷ,
1335 2997 1462 3079 eiusque

302 3098 497 3179 appositionis
512 3098 556 3160 vie
570 3097 625 3159 erit
640 3095 843 3177 comparativa,
857 3106 890 3157 ut
910 3114 997 3176 saepe
1011 3094 1086 3158 alibi.
1112 3096 1173 3159 lam
1187 3114 1258 3161 vero
1272 3099 1303 3161 in
1317 3099 1366 3162 tali
1386 3119 1461 3165 oru-

300 3200 390 3264 tionie
406 3201 646 3274 conformatione,
662 3216 752 3278 quum
767 3199 934 3280 postposita
949 3199 987 3261 eit
1007 3197 1095 3260 verbo
1111 3200 1268 3280 oppositio,
1283 3219 1345 3264 non
1360 3203 1463 3283 potuit

301 3302 482 3373 coniunctio,
508 3300 632 3364 avcrbo
648 3301 794 3376 seiuncta,
819 3300 932 3363 mediae
947 3299 1125 3381 oppositioni
1146 3301 1252 3377 inseri,
1279 3304 1331 3367 sed
1354 3304 1461 3368 debuit

299 3404 465 3467 necessario
481 3404 688 3466 interverbum
704 3411 732 3465 et
751 3403 969 3484 appositionem
984 3402 1132 3479 coloceri,
1156 3399 1267 3489 πλανᾷ
1293 3399 1332 3468 δὲ
1352 3402 1460 3483 κακὰς

300 3498 426 3590 ineptis:
448 3508 474 3568 si
500 3502 662 3585 anteposita
682 3511 760 3566 esset
778 3504 940 3585 appositio,
961 3503 1057 3584 potuit
1076 3504 1244 3569 coniunctio
1258 3506 1303 3569 uel
1324 3509 1459 3571 secundo

299 3609 365 3670 loco
385 3607 471 3689 poni,
498 3616 532 3669 ut
551 3608 729 3669 insereretur
744 3605 940 3687 oppositioni,
966 3599 1069 3680 κακὸς
1091 3596 1119 3667 u’
1136 3597 1249 3691 ἰατρὸς
1270 3604 1393 3694 πλανᾷ,
1410 3612 1459 3674 uel

299 3709 385 3772 etiarn
401 3709 487 3772 tertio
501 3709 584 3771 loco:
606 3703 708 3782 κακὸς
722 3698 834 3790 ἰατρὸς
850 3700 888 3767 δὲ
908 3700 1026 3791 πλανᾷ,
1050 3707 1102 3769 sod
1116 3704 1228 3795 πλανᾷ
1247 3706 1349 3786 κακὸς
1361 3701 1391 3773 δ’
1402 3703 1459 3773 ia·

299 3805 377 3893 τρός
396 3811 540 3874 absonum
560 3819 619 3884 est,
644 3826 739 3891 neque
758 3808 914 3890 quisquam
933 3827 1063 3890 unquam
1083 3811 1127 3873 sic
1147 3812 1286 3893 loquitur.
1306 3848 1350 3859 —
1375 3814 1457 3888 Quid

298 3921 394 3976 eutem
410 3914 549 3977 iaciemus
560 3915 618 3976 isto
630 3904 804 3996 ἆσννὸἐτῳ,
825 3919 924 3992 erepta
938 3912 1091 3975 nobishoc
1105 3913 1271 3978 medicina?
1301 3916 1457 3979 Tolerabi-

298 4034 380 4091 mus‚
405 4033 524 4092 censeo,
539 4023 597 4090 aut,
617 4015 644 4077 si
663 4032 739 4096 opus
761 4014 858 4088 buerit,
884 4014 1032 4078 tuebimur
1052 4015 1195 4078 similibus
1216 4017 1356 4099 exemplis
1375 4019 1457 4082 beuti

297 4118 370 4181 adeo
385 4118 548 4182 difficilibus
566 4119 693 4180 inventu.
737 4114 812 4178 Nam
827 4125 874 4178 est
894 4134 964 4179 sane
978 4116 1051 4179 nibil
1065 4119 1124 4181 boo
1143 4136 1249 4199 genere
1263 4121 1456 4202 bennonim,

297 4220 434 4301 ebionis,
452 4222 530 4302 quod
550 4219 680 4300 primum
698 4216 834 4280 universe
849 4219 1020 4300 proposuit,
1043 4221 1140 4283 statim
1162 4221 1244 4302 quale
1263 4222 1302 4286 sit
1316 4223 1455 4287 disertius

298 4322 458 4402 eloquitur,
485 4331 518 4384 ut
536 4328 640 4383 nostro
666 4323 731 4385 loco
753 4323 879 4398 ebonis,
904 4332 1063 4404 postquem
1084 4323 1219 4386 universe
1243 4326 1455 4389 Prometheum

297 4424 376 4505 turpi
401 4423 477 4485 malo
507 4422 638 4483 laborare
667 4424 751 4499 dixit,
780 4426 839 4486 boc
864 4425 920 4488 iem
947 4424 1030 4505 quale
1056 4426 1095 4488 slt
1120 4427 1242 4505 exponit
1268 4427 1316 4489 bis
1345 4428 1451 4499 uerbis,
