3284 5152
688 462 836 567 ‚m

187 657 284 720 distat.
319 654 411 720 Multo
445 655 624 738 probabilius
647 665 690 718 est
715 649 780 734 ἔχει
804 648 903 718 δδλον
924 647 1038 734 τέχναν
1059 644 1095 716 3'
1116 646 1136 716 δ
1160 652 1255 729 unic:
1277 670 1345 716 nam

185 758 258 822 baec
271 760 331 822 duo
345 759 483 822 vocabula
496 753 579 838 τύχα
592 765 623 821 et
637 754 734 837 τέχνα
748 777 836 840 quam
849 758 935 821 tacite
949 776 966 820 a
981 758 1105 820 librariis
1118 757 1279 840 penaten·
1290 775 1345 840 ρο-

169 874 173 879 '
186 862 297 926 tuerint
311 863 342 924 in
356 868 458 944 aperto
472 869 527 934 est,
542 868 768 945 permutataque
789 868 859 924 sunt
873 860 961 924 etiam
982 860 1045 923 aliis
1058 860 1131 923 locis
1152 876 1214 922 aon
1234 858 1345 943 paucis,

187 976 434 1046 quorumnam,
457 963 590 1046 Aeschyl.
611 964 711 1045 Agim.
727 983 752 1026 ν.
771 962 863 1037 1120,
884 956 1068 1047 δολοφόνου
1090 956 1227 1046 λέβητος
1246 955 1347 1039 τύχον

186 1068 243 1131 σοι
265 1062 356 1147 λέγω,
370 1080 467 1148 nuper
481 1067 602 1130 demum
615 1066 737 1130 Weilius
747 1066 884 1129 correxit
913 1059 1025 1128 Δόλον
1044 1056 1157 1141 τέχναν
1178 1080 1214 1127 ra
1234 1063 1346 1127 dictum

188 1178 232 1232 est
245 1186 298 1254 per
312 1160 347 1232 b
369 1165 427 1233 διδ
450 1166 551 1240 δυοῖν,
574 1177 607 1232 ut
628 1170 756 1232 technici
775 1176 895 1242 vocant,
914 1186 970 1251 pro
990 1163 1103 1230 δολίαν
1122 1160 1246 1251 τέχνην,
1267 1164 1346 1247 qnod

187 1273 274 1354 vulgo
290 1273 346 1336 dici
360 1273 443 1347 solet,
458 1279 596 1354 extatque
608 1289 633 1335 e.
651 1291 676 1336 c.
691 1273 723 1334 in
736 1272 892 1352 theogonia
906 1270 1050 1337 Hesiodea
1063 1286 1091 1331 ν.
1109 1268 1180 1332 teo.
1197 1267 1269 1331 040.
1284 1268 1348 1330 ost

188 1382 218 1437 et
231 1374 298 1437 alibi
313 1374 438 1459 saepius.
456 1409 496 1419 -
511 1375 568 1437 Sed
585 1374 674 1438 etiam
689 1374 720 1437 in
734 1375 869 1458 proximo
885 1390 972 1437 versa
987 1364 1095 1435 ἄλλων
1110 1372 1156 1434 vir
1177 1386 1278 1434 verum
1293 1378 1347 1433 ost.

189 1477 289 1559 Neque
303 1478 381 1540 enirn
397 1477 556 1562 praecessit
576 1477 700 1559 aliquid,
721 1479 769 1541 cut
788 1478 846 1541 boc
866 1469 973 1539 ditor
995 1476 1105 1559 opponi
1125 1476 1249 1545 dicatur,
1268 1472 1349 1548 etsi

189 1581 255 1661 quis
268 1581 355 1642 tacite
370 1588 421 1643 aut
435 1582 573 1644 Creusam
594 1588 645 1643 aut
664 1580 907 1643 Erechthidamm
930 1580 1052 1663 stirpem
1072 1576 1249 1658 subinteda'gi
1269 1577 1347 1645 vetit,

189 1682 246 1746 boc
261 1682 390 1765 quidem.
406 1684 462 1747 atio
476 1685 616 1765 sangnine
631 1700 756 1767 puerum
768 1690 898 1748 creatum
913 1703 987 1757 esse,
1004 1696 1097 1764 mum
1108 1679 1200 1744 cuivis
1214 1686 1348 1764 apertum

188 1793 275 1859 essct,
291 1785 338 1847 vix
354 1800 428 1869 epus
443 1793 506 1849 erat
520 1802 600 1849 nunc
614 1787 850 1862 commemorari,
865 1802 962 1869 neque
983 1788 1123 1866 tanquam
1144 1780 1350 1865 moduinum

190 1894 219 1948 et
229 1886 356 1949 maxime
370 1886 581 1967 indignandum
596 1887 703 1951 extolli.
718 1888 803 1961 Nam,
817 1899 852 1953 nt
867 1889 1058 1974 paulopost,
1073 1906 1098 1947 r.
1115 1885 1189 1960 800,
1203 1885 1350 1970 poedago-

190 2004 260 2067 gum
275 2005 378 2050 senem
392 1989 581 2072 profitentem
601 1991 746 2065 audimus,
767 1984 897 2056 δολοῦν
919 1987 979 2073 γὰρ
1001 1979 1040 2074 ἦν
1061 1978 1102 2051 dv
1120 1983 1159 2050 cd
1180 1981 1299 2062 κοινόν,
1321 1978 1351 2049 ιλ

191 2080 269 2170 παρ’
291 2081 438 2169 odysseae
458 2088 581 2174 μρτρδς
604 2083 746 2180 cispiaco’
775 2085 903 2170 οἴκουςι
927 2096 1012 2174 longo
1041 2091 1156 2172 maias
1184 2098 1299 2164 autem,
1326 2089 1351 2152 δί

191 2192 302 2256 alienus
317 2193 364 2256 ifle
379 2210 453 2279 puer
467 2213 504 2256 ne
519 2216 554 2259 er
569 2197 662 2260 nobili
677 2198 794 2277 quidem
811 2204 862 2259 aut
875 2195 979 2259 saltem
993 2195 1119 2276 ingenua
1132 2193 1301 2267 matrerm
1315 2211 1351 2255 er

191 2297 292 2359 anciila
307 2298 443 2382 quapiam
459 2306 629 2383 procreatus
649 2305 741 2370 osset,
761 2298 1013 2382 quemadmodum
1033 2296 1112 2360 idem
1130 2312 1220 2360 senor
1241 2314 1268 2357 ν.
1290 2294 1352 2357 010

191 2398 370 2481 suspicatur:
387 2397 498 2480 λαβών
520 2395 557 2463 δέ
579 2398 681 2463 δοῦλα
703 2393 1030 2487 λέκυρανυμφνύοας
1051 2391 1164 2482 idion
1184 2393 1243 2461 νδν
1257 2386 1352 2460 παῖδ’

191 2491 320 2584 ἔφυσεν,
343 2511 373 2565 ct
391 2523 418 2564 r.
442 2502 520 2566 837:
545 2496 692 2590 ἀμήτορ’,
714 2496 954 2589 decomptores,-
971 2497 1008 2566 δν
1034 2496 1153 2586 δούλης
1178 2495 1270 2575 sarde
1298 2516 1352 2580 yr-

191 2595 315 2678 νοικδς.
338 2604 375 2667 Et
390 2621 461 2667 sane
475 2604 647 2669 huiusmodi
660 2606 789 2692 suspicio
803 2616 863 2670 tam
879 2606 909 2668 in
923 2612 1065 2690 prompto
1079 2608 1143 2667 crat
1156 2611 1277 2685 tamque
1291 2601 1353 2664 aeri

191 2703 305 2779 similis,
317 2707 453 2770 utetiam
468 2708 560 2771 choro
575 2708 605 2771 in
620 2718 751 2773 mentem
767 2708 865 2772 venire
885 2707 1021 2772 debuisse
1041 2707 1183 2771 ddeatar.
1213 2703 1353 2767 Soriben·

192 2805 264 2868 durn
279 2806 368 2887 igitur
378 2809 488 2872 suadeo
504 2804 631 2874 δούλων
652 2807 791 2898 τραφεὶς
811 2802 871 2895 ἀφ’
893 2802 1051 2891 ολμδιων,

230 2943 237 2958 ·
278 2909 309 2970 V.
327 2910 388 2974 653
404 2913 519 2976 codices
532 2912 643 2977 babent
659 2914 765 2978 θῦσαί
784 2905 818 2976 pr
833 2906 859 2975 u
872 2929 932 2978 σου
946 2907 1024 2998 πρὶν
1035 2901 1179 2992 γενέθλι’
1195 2900 1253 2971 otis
1269 2900 1353 2972 tod-

193 3025 305 3089 οομον.
334 3012 403 3076 itini
426 3032 479 3100 pro
495 3007 602 3079 δέσολ
621 3007 659 3078 θ’
672 3016 781 3080 rectius
806 3008 914 3091 θύσας
935 3014 1123 3080 scribendum
1144 3030 1209 3076 esse
1231 3010 1353 3074 matur.

191 3110 255 3174 Hoc
268 3113 347 3175 enim
363 3114 496 3179 Xuthum
512 3116 608 3180 dicere
622 3117 758 3182 debuisse
773 3117 907 3193 arbitror,
923 3117 996 3183 velle
1010 3136 1042 3181 sc
1054 3115 1220 3180 communis
1234 3130 1354 3177 mensae

191 3212 309 3276 initium
341 3216 437 3280 tacere
462 3218 585 3301 (κοινῆς
607 3211 770 3302 τραπέζης
791 3208 972 3300 doiorum)
992 3220 1028 3283 ad
1050 3219 1170 3304 epotam
1194 3232 1355 3281 masnade

192 3317 418 3381 accumbentem
433 3321 557 3403 peractis
573 3328 657 3384 anna
679 3312 769 3384 sacris
794 3320 844 3384 filii
864 3321 1014 3387 nataliciis.
1044 3322 1173 3386 Dubitari
1194 3321 1273 3384 enim
1293 3334 1355 3383 non

194 3424 299 3499 potest,
316 3421 389 3501 quin
403 3430 471 3506 post
486 3432 601 3508 peracta
616 3424 736 3488 demum
757 3442 838 3487 sacra
857 3423 905 3486 itia
926 3423 963 3486 ad
982 3423 1161 3508 epulandum
1181 3423 1354 3488 accumbere

194 3519 317 3583 voluerit
331 3524 512 3606 etpotamo,
528 3524 616 3607 idque
635 3534 715 3589 reeta
734 3525 944 3607 significabitur
964 3543 1017 3610 per
1035 3525 1220 3612 participium
1237 3520 1354 3601 θύσας,

194 3620 338 3704 superiori
358 3617 467 3686 πεσών
488 3625 728 3689 subordinatum:
751 3630 868 3710 qtralem
888 3628 1158 3692 subordinationem
1177 3630 1207 3690 in
1227 3627 1355 3689 duorum

194 3721 418 3808 participiorum
433 3726 646 3810 compositione
661 3729 928 3812 frequentissimam
944 3750 1010 3793 esse
1021 3746 1110 3793 nemo
1122 3730 1225 3793 noscit.
1245 3730 1279 3792 ln
1291 3727 1353 3793 rui·

194 3833 261 3907 gata
275 3826 401 3890 lectione
416 3829 590 3894 sacrificium
605 3838 673 3914 post
688 3831 809 3916 epulum
824 3834 908 3915 sequi
923 3832 1058 3897 debuisse
1073 3833 1225 3897 ridebitur.

282 3928 420 4014 Eiusdem
431 3931 546 3995 fabulae
559 3952 586 3993 v.
599 3932 661 3994 743
674 3934 763 4015 (750)
774 3934 899 3999 Creusae
906 3936 1105 4021 paedagogum
1117 3953 1220 3999 sanem
1231 3943 1262 3997 et
1272 3950 1356 4015 aspre

196 4030 304 4096 clivum
319 4034 479 4098 enitentem
494 4032 588 4099 baculi
603 4035 710 4098 auxius
724 4037 769 4100 oti
783 4037 911 4102 iubentis
926 4038 999 4103 hacc
1013 4038 1100 4104 verba
1114 4039 1255 4122 legimus:

396 4130 528 4223 βάκτρῳ
552 4128 582 4200 δ’
603 4129 732 4223 ἐρείδου
754 4142 921 4227 περιφερῆ
941 4141 1056 4223 στίβον
1076 4135 1213 4223 χδονδς,

197 4235 228 4298 iu
242 4237 349 4317 qulbus
369 4239 482 4304 emensi
503 4240 569 4323 (μου
589 4241 787 4305 acmsotivom
808 4234 921 4323 στίβον
940 4263 1007 4309 cum
1028 4244 1116 4309 verbo
1136 4237 1264 4329 ἐρείδου
1283 4256 1359 4306 cou-

198 4341 344 4402 structnm
357 4342 402 4405 ric
413 4344 541 4430 tortasse
555 4350 687 4417 tueanu,
703 4351 737 4407 nt
756 4361 810 4429 per
829 4346 976 4426 quandam
996 4346 1211 4428 brmbytogiam
1231 4336 1359 4427 doridos

198 4438 309 4505 dictum
325 4460 389 4508 esse
403 4453 513 4512 statuat
527 4465 581 4534 pro
597 4464 642 4519 eo,
657 4446 737 4528 qnod
751 4447 867 4534 plenius
883 4447 1038 4511 dicendum
1055 4454 1134 4512 meet
1153 4439 1360 4531 ἐρειδόμενος

1100 4542 1157 4607 to*
