3276 5144
834 420 988 529 ...39⁰-

334 629 386 686 aut
400 614 572 696 delendum,
592 626 657 694 aut,
679 619 759 701 quod
780 617 878 683 verius
898 623 988 701 puto,
1009 616 1114 680 lacuna
1127 616 1313 697 agnoscenda
1326 621 1388 690 est,
1409 635 1499 698 quam

333 724 493 805 expleveris
507 745 544 789 ex
557 722 712 803 Hesychio,
729 713 812 805 ὅπερ
827 714 917 783 ἐστὶν
931 711 1097 799 οὕδαμῶς,
1112 728 1163 782 aut
1175 739 1212 783 er
1223 720 1321 802 Etym.
1332 720 1371 782 ll.
1383 738 1412 803 p.
1425 719 1498 795 698,

333 826 392 905 49,
422 818 507 908 δ’περ
529 821 620 890 ἐστὶν
642 819 716 889 ἀντὶ
735 822 795 889 τοῦ
818 817 866 898 οδ,
888 824 941 887 ubi
960 824 1050 887 etiam
1066 823 1162 885 similo
1182 810 1350 908 exemplum
1371 816 1500 911 ἔγραψε

332 922 444 992 πδδεν
465 931 632 1013 apponitur.
1411 924 1415 929 ’

417 1031 451 1094 Ρ.
467 1032 539 1105 606,
555 1031 615 1093 22:
639 1021 723 1095 δλλδ
744 1021 912 1113 τρέψαντδ
934 1021 1025 1091 ἐστιν
1039 1015 1063 1111 ή
1078 1023 1137 1090 διδ
1151 1027 1212 1090 τοῦ
1233 1028 1273 1095 εἰ
1294 1021 1500 1113 ἐκφερόμενα

332 1121 357 1218 ἢ
378 1128 438 1195 διδ
457 1134 501 1202 ἦ.
524 1134 672 1196 Artieulus
688 1134 790 1214 ntique
805 1131 957 1194 addendus
972 1138 1027 1206 est,
1043 1125 1085 1192 τοὶ
1100 1124 1277 1215 τρέψαντα.
1306 1130 1373 1193 Non
1388 1131 1497 1207 omnia,

332 1235 490 1316 dequibus
505 1256 604 1299 sermo
619 1243 682 1310 est,
697 1235 831 1298 adverbia
847 1230 861 1302 ἐ
875 1235 906 1296 in
920 1238 938 1300 ἆ
953 1241 1070 1296 mutare
1085 1232 1138 1303 ait,
1160 1231 1212 1295 sed
1227 1250 1261 1294 ea
1275 1240 1406 1307 tantum,
1422 1252 1498 1315 quae

331 1354 386 1421 per
398 1339 445 1400 6ο
458 1346 509 1401 aut
523 1356 560 1400 τε
578 1338 762 1401 formentur:
784 1337 971 1419 excipiuntur
990 1354 1059 1417 ergo
1080 1353 1156 1415 quae
1174 1334 1206 1397 in
1220 1353 1259 1397 σε
1279 1343 1331 1398 aut
1345 1334 1449 1399 deaut
1463 1331 1500 1413 ζο

331 1445 448 1502 exeunt.
464 1474 507 1486 -
521 1440 563 1503 lb.
579 1460 606 1502 r.
623 1441 678 1502 27:
702 1433 774 1502 ἐστὶ
790 1433 828 1501 δὲ
841 1434 899 1501 καὶ
914 1430 1147 1520 ὑποδείγματα
1161 1437 1228 1501 τῶν
1240 1433 1301 1500 τοῦ
1319 1456 1372 1502 τε.
1391 1424 1498 1501 Serio.

329 1540 395 1604 τῶν
416 1536 476 1604 διδ
497 1543 557 1605 τοῦ
578 1562 633 1617 τε,
657 1550 691 1606 ut
711 1561 738 1604 r.
760 1542 811 1604 23.
856 1541 967 1604 Eadem
986 1540 1165 1624 praepositio
1185 1539 1290 1601 excidit
1310 1557 1339 1621 p.
1354 1539 1426 1617 608,
1449 1542 1499 1615 15,

329 1643 382 1706 ubi
396 1636 516 1728 νόσφιν
530 1645 637 1708 dicitur
651 1639 738 1706 κατὰ
759 1638 911 1727 στέρησιν
932 1638 1072 1722 [διδήτοῦ
1092 1661 1136 1704 νο
1158 1642 1280 1706 factum.
1307 1642 1422 1704 ibide.
1441 1644 1496 1704 ll:

331 1736 377 1819 ὥς
401 1740 463 1827 γὰρ
489 1743 583 1828 παρδ
604 1743 665 1831 τήν
686 1740 824 1832 ἰνδφιν
844 1741 956 1831 φωνήν
976 1740 1016 1808 τὸ
1038 1733 1096 1830 ἶφι
1117 1737 1293 1829 συνεκδπή.
1338 1744 1395 1818 Qui
1421 1761 1496 1807 con·

329 1855 445 1910 textum
467 1848 524 1910 loci
543 1850 779 1924 consideraverit,
799 1841 843 1924 (δς
865 1842 927 1931 γάρ
942 1848 1069 1910 alienum
1089 1865 1154 1910 esse
1174 1846 1325 1927 intelliget.
1355 1846 1497 1909 Scriben-

330 1949 402 2012 dnm
417 1957 469 2013 aut
488 1942 602 2037 ὥσπερ
625 1960 676 2015 aut
695 1947 754 2015 καλ
776 1946 853 2034 γάρε
877 1969 946 2013 nam
969 1941 1015 2025 ὣς
1034 1958 1065 2012 et
1086 1943 1146 2011 καί
1166 1968 1229 2012 non
1247 1968 1351 2012 εοεαε
1371 1949 1497 2014 librariis

330 2052 452 2115 confusa
468 2072 533 2117 esse
548 2063 672 2118 constat.
709 2054 773 2118 Vid.
788 2054 867 2116 Bast
882 2073 912 2137 p.
929 2051 1001 2115 781.
1018 2051 1091 2116 816.

415 2155 447 2218 Ρ.
464 2155 536 2231 609,
557 2158 586 2219 7.
623 2158 719 2220 Locus
744 2156 995 2236 corruptissimus,
1021 2173 1110 2236 quem
1135 2154 1331 2217 transcribere
1351 2154 1438 2237 piget,
1464 2155 1498 2218 in

330 2260 412 2323 hunc
433 2259 496 2321 lere
515 2261 638 2323 modum
659 2258 858 2323 restituendus
877 2258 1005 2321 videtur:
1044 2252 1095 2319 Tri
1123 2249 1171 2332 εἷς
1193 2259 1215 2325 ὠ
1236 2251 1378 2342 λήγοντα
1400 2250 1496 2339 δπιρ-

328 2355 460 2446 ρήματα
482 2362 637 2446 σημαίνει
664 2356 722 2424 καλ
747 2355 788 2423 τδ
816 2350 850 2422 ἐν
870 2354 967 2445 τόπῳ
994 2354 1051 2422 καὶ
1073 2356 1114 2422 ed
1137 2350 1183 2434 εἰς
1210 2353 1318 2422 τόπον
1343 2355 1414 2445 (τήν
1435 2356 1497 2443 γδρ

331 2459 390 2526 διὰ
409 2464 470 2526 τοῦ
483 2464 555 2527 θεν
570 2458 771 2550 παραγωγήν
783 2454 851 2541 ἔχει
865 2454 937 2526 δπδ
951 2454 1088 2539 τδποο)·
1109 2456 1197 2543 λέγω
1216 2458 1253 2524 dd
1267 2453 1323 2526 δτι
1338 2456 1496 2542 μάλιστα.
1619 2490 1620 2493 “

329 2557 415 2628 Ὅσα
438 2559 476 2629 rid
503 2557 574 2630 δπδ
603 2562 800 2651 προθέσεων
826 2557 1071 2648 &expueris-ip,
1099 2556 1312 2646 ἰσοσολλαβεῖ
1336 2559 1395 2644 μδν
1423 2562 1499 2640 ταῖς

328 2662 550 2753 προθέσεσιν,
579 2663 637 2732 lae
663 2655 729 2730 ὦσι
756 2660 968 2746 δισύλλαβοι,
999 2667 1063 2751 μιᾷ
1091 2661 1129 2729 δδ
1156 2660 1349 2742 πλεονάζει,
1378 2657 1409 2728 ελ
1430 2653 1498 2728 εἶεν

328 2764 584 2852 μονοσύλλαβοι.
628 2770 704 2833 Illud
720 2761 775 2832 δτι
789 2763 936 2848 μάλιστα
954 2787 1008 2831 our
1026 2768 1169 2832 addiderit
1183 2768 1364 2850 Apollonius,
1382 2769 1497 2850 patebit

328 2889 390 2952 ep.
407 2872 468 2936 588
483 2879 515 2934 et
529 2872 783 2937 til—Deinde
797 2891 824 2932 r.
842 2872 881 2933 17
901 2890 955 2952 pro
975 2865 1017 2933 ιδ
1040 2860 1089 2945 εἷς
1109 2871 1161 2932 de
1181 2871 1269 2934 scrib.
1289 2866 1331 2933 τδ
1354 2864 1403 2946 εἷς
1424 2872 1494 2949 δα,

327 2979 359 3035 et
381 2992 409 3035 r.
429 2973 467 3036 18
494 2968 580 3037 ποία
607 2960 664 3037 οὖν
692 2964 826 3055 ἀλογία,
854 2992 909 3056 pre
938 2963 1121 3054 δπολογία,
1147 2991 1218 3036 eum
1244 2973 1278 3035 0.
1303 2973 1494 3046 Schneidero,

328 3073 365 3139 ll
379 3074 455 3138 llus.
470 3076 565 3139 Rhen.
576 3076 617 3138 111
631 3095 661 3157 p.
676 3076 749 3138 447.
772 3074 814 3137 Ci.
831 3094 861 3157 p.
877 3073 950 3148 619,
968 3073 1017 3150 19,
1032 3072 1106 3149 πῶς
1128 3062 1184 3137 οὖν
1206 3065 1342 3156 δλογονς
1363 3111 1408 3123 -
1426 3075 1495 3140 llox

328 3195 356 3240 r.
372 3177 429 3241 28:
463 3169 507 3252 ὥς
539 3170 745 3261 προείπομεν
777 3172 820 3239 τὰ
853 3167 900 3251 εἷς
934 3173 1001 3239 δον
1033 3171 1174 3258 λήγοντα
1202 3171 1413 3263 ἐπιρρήματα
1441 3169 1496 3242 δελ

327 3271 512 3363 ποιότητός
533 3274 607 3343 ἐστι
629 3271 873 3361 παραστατικδ.
917 3278 995 3340 Dixit
1020 3277 1116 3341 obiter
1140 3279 1177 3341 de
1202 3280 1347 3344 adverbiis
1372 3280 1403 3344 in
1425 3277 1493 3358 δον,

327 3380 379 3443 sed
394 3382 469 3444 nihil
484 3382 520 3444 de
535 3381 744 3463 significatione
760 3380 918 3463 qualitatis,
939 3398 1036 3462 neque
1050 3381 1198 3444 eiusmodi
1213 3382 1283 3462 quid
1296 3383 1337 3445 ibi
1351 3383 1496 3448 excidisse

327 3483 519 3547 manifestum
533 3491 588 3548 est.
616 3484 722 3546 Mutari
738 3484 825 3547 debet
838 3483 934 3545 nostri
949 3483 1006 3545 loci
1022 3483 1231 3565 interpunctio,
1251 3493 1286 3547 ut
1304 3504 1380 3549 nora
1394 3487 1495 3569 perio·

223 3616 226 3621 >
329 3585 386 3649 dus
412 3586 533 3669 incipiat
557 3607 574 3650 a
599 3586 697 3650 verbis
721 3582 764 3648 τδ
785 3577 834 3660 εἷς
856 3581 923 3648 δον
947 3579 1101 3668 λήγοντα,
1123 3586 1196 3650 illud
1218 3578 1265 3662 ολς
1286 3588 1495 3668 προείπομεν

327 3696 428 3751 autem
443 3689 682 3770 coniungendam
698 3706 766 3751 eum
782 3683 839 3751 καλ
861 3682 1112 3773 δπιμέμφονται
1133 3685 1172 3751 τδ
1194 3684 1265 3752 καὶ
1287 3681 1383 3752 εἴσω
1406 3684 1496 3773 δδρ-

329 3808 406 3853 πον
426 3784 606 3871 ἐκόσμει.
650 3790 931 3872 Nampaulloante,
950 3791 1046 3865 cao,
1067 3792 1179 3854 dixerat
1199 3791 1497 3857 hocnonnullisrni·
1618 3818 1619 3835 ι

327 3909 385 3956 nus
398 3900 517 3956 rectum
532 3892 628 3956 visum
642 3911 717 3968 esse,
735 3892 786 3972 qui
800 3884 894 3956 ἔνδον
915 3893 1015 3974 potius
1031 3893 1087 3957 dici
1101 3893 1237 3958 debuisse
1252 3902 1416 3958 censerent

412 3995 446 4057 P.
463 3993 535 4068 610,
552 3994 603 4057 33.
646 3993 837 4077 Apollonium
852 4012 914 4056 non
933 3991 1030 4080 τήλοῖ
1046 3995 1099 4059 σεδ
1113 3992 1209 4082 τήλοι
1228 3997 1381 4081 scripsisse
1401 3998 1497 4080 ipsius

330 4096 489 4179 disputatio
506 4097 602 4161 docet.
1053 4122 1058 4127 ·

411 4199 445 4263 P.
462 4198 535 4272 612,
551 4197 603 4261 91.
646 4198 786 4261 Maiorem
805 4198 865 4262 hoc
882 4200 948 4263 loco
968 4199 1105 4264 lacunam
1120 4219 1194 4279 esse,
1215 4219 1444 4285 sermonemque
1458 4203 1497 4267 ol>

325 4301 483 4384 apollonio
497 4302 610 4364 iactum
629 4300 720 4364 iuuse
743 4301 780 4363 de
800 4300 938 4364 adverbio
952 4297 999 4366 eal
1012 4303 1164 4367 verissime
1179 4305 1295 4368 monuit
1309 4304 1449 4369 Lehrsius
1463 4306 1497 4368 in

328 4404 365 4468 tt.
377 4405 451 4469 llus.
466 4405 561 4468 Rhen.
572 4404 600 4467 ΙΙ
610 4423 642 4486 p.
654 4403 725 4465 340.
747 4404 823 4467 Nam
836 4406 937 4469 minus
951 4413 1031 4470 recte
1047 4408 1254 4484 Schneiderus,
1269 4407 1310 4472 ib.
1323 4408 1365 4472 111
1376 4427 1407 4492 p.
1419 4408 1495 4483 163,
