3178 5136
834 416 898 479 264

765 505 899 514 ——u-
926 507 965 514 ——-

285 607 351 669 loco
366 606 463 688 posita
477 624 557 679 esse,
578 604 779 687 ‚‚quaareuti,“
800 601 903 684 inquit,
929 602 1099 683 „quomodo
1117 602 1178 664 hoc
1189 602 1298 667 facum
1312 601 1364 675 sit,
1384 620 1446 667 non

286 709 404 789 ellipsis,
418 726 519 770 verum
534 708 625 770 multo
640 706 755 789 planior
769 706 842 768 ratio
853 723 919 767 sese
931 705 1024 767 ollert.
1053 704 1139 767 lnitio
1150 703 1229 767 enim
1243 704 1316 767 haec
1326 723 1447 787 qnoque

285 810 471 893 pronomina,
487 812 529 873 uti
544 808 696 885 debebant,
711 827 778 871 oum
792 807 880 870 verbo
896 806 1155 870 construebantur:
1170 816 1203 869 ιιι
1215 806 1295 869 Iliad.
1306 807 1355 883 lll,
1370 808 1448 871 176:

489 902 573 985 ἀλλὰ
593 901 668 993 coiy'
691 902 749 973 οὐκ
771 903 928 992 ἐγένοντο,
952 905 991 972 cd
1013 904 1072 972 καὶ
1094 902 1254 973 κλαίουσα
1274 903 1404 996 τέτηκα.

288 1016 307 1077 i.
324 1035 349 1077 e.
365 1034 452 1096 poam
467 1032 516 1094 epo
536 1032 600 1075 rem
615 1013 723 1092 deflecto
737 1012 913 1075 contabesco.
947 1011 1124 1076 Huiusmodi
1143 1012 1230 1093 igitur
1249 1012 1449 1076 constructio·

289 1135 360 1179 num
377 1115 519 1197 frequenti
533 1134 591 1178 usu
606 1115 670 1177 lieri
685 1133 747 1176 non
766 1114 877 1194 potuit,
897 1115 967 1195 quun
985 1131 1151 1196 pronomen
1170 1113 1343 1196 simpliciter
1357 1133 1450 1197 puore

289 1219 333 1307 vel
345 1230 503 1300 propterea
517 1217 679 1297 significare
692 1217 840 1298 inciperet
878 1216 953 1279 Hinc
966 1217 1053 1279 etiam
1067 1216 1107 1279 ibi
1122 1217 1258 1297 usurpari
1273 1218 1384 1298 coepit,
1400 1216 1452 1280 ubi

290 1321 412 1384 verbum
428 1340 494 1383 oum
510 1341 545 1382 eo
561 1338 623 1382 non
637 1329 740 1400 posset
755 1320 901 1382 construi:
917 1329 950 1382 ιιι
963 1319 1041 1400 apud
1057 1319 1246 1382 Theocritum
1261 1319 1333 1393 XIV,
1350 1318 1385 1381 3:

892 1413 986 1484 ταῦτ’
1008 1411 1073 1505 ἷίρα
1093 1415 1229 1498 λεπτός,

488 1514 538 1603 χαί
558 1517 689 1604 pedore}
709 1519 814 1599 πολύς
836 1509 945 1602 οὗτος,
969 1515 1146 1587 ἇϋσταλέοι
1166 1543 1203 1586 τε
1224 1517 1393 1586 κίνιννοικ

259 1639 275 1690 t
293 1626 399 1690 Statuit
423 1625 510 1706 igitur
529 1626 572 1688 vir
590 1626 844 1706 ingeniosissimus
864 1627 990 1688 Graecos
1015 1626 1086 1688 lalsa
1106 1626 1231 1707 quadam
1252 1625 1455 1689 similtudinis

292 1729 389 1811 specie
405 1729 558 1811 deceptos,
579 1747 671 1809 quum
685 1730 950 1790 conformationem
964 1728 1134 1803 verborum,
1152 1746 1215 1791 uon
1229 1728 1289 1790 vim
1302 1737 1387 1810 atque
1408 1729 1455 1790 si-

291 1832 508 1912 gnificationem
528 1832 719 1905 intuerentur,
733 1831 838 1893 vitiose
856 1830 995 1911 loquutos
1009 1850 1088 1893 esse:
1108 1849 1177 1893 nam
1192 1830 1295 1893 vitiose
1314 1830 1370 1893 dici
1384 1830 1456 1912 quis

291 1942 390 2015 neget,
407 1953 481 2015 quae
495 1943 596 1996 contra
612 1952 709 1995 veram
728 1932 871 1995 rationem
886 1931 1041 1996 dicantur?
1069 1928 1109 1996 ad
1130 1928 1191 2019 peip
1208 1928 1255 2019 μή
1274 1934 1348 2008 ταῖς
1365 1929 1457 1996 nord

293 2030 395 2122 φύσιν
408 2031 517 2113 λέξεσι
532 2032 717 2120 κεχρῆσθαι
732 2027 843 2112 κακία,
858 2044 891 2098 ιιι
905 2036 945 2097 ait
955 2035 1126 2116 Apollonius
1142 2036 1179 2098 de
1190 2053 1328 2117 prouom.
1342 2056 1372 2118 p.
1386 2037 1404 2097 'l
1419 2036 1457 2099 B.

292 2175 335 2184 —
353 2139 443 2220 lgitur
456 2139 534 2200 hanc
548 2138 690 2200 rationem
706 2156 767 2200 non
787 2139 870 2201 multi
885 2138 1019 2200 videntur
1033 2138 1192 2219 probasse3
1211 2139 1262 2219 qui
1280 2147 1376 2200 autem
1395 2158 1458 2220 po-

293 2242 393 2305 stremi
408 2242 494 2304 istam
510 2249 687 2303 structuram
702 2240 867 2320 attigerunt,
881 2241 1078 2303 Bernhardius
1094 2241 1124 2302 in
1140 2241 1258 2322 Syntax.
1274 2241 1323 2304 Gr.
1337 2260 1368 2322 p.
1383 2240 1458 2318 130,

294 2355 324 2407 et
337 2343 505 2425 nuperrime
519 2343 541 2403 l.
557 2344 590 2405 Α.
606 2340 783 2423 Hartungius
802 2342 833 2404 in
851 2342 945 2405 libello
966 2352 1088 2424 propter
1102 2342 1275 2405 cruditionis
1291 2344 1405 2425 copiam
1421 2364 1461 2408 ac

234 2481 236 2486 ·
295 2446 468 2509 soliditatem
483 2463 545 2507 non
560 2446 659 2507 minus
671 2464 759 2526 quam
774 2454 896 2526 propter·
910 2446 1007 2507 iudicii
1019 2446 1208 2508 sobrietatem
1219 2464 1253 2507 ac
1267 2446 1460 2510 subtilitatem

293 2550 323 2610 in
335 2547 437 2630 paucis
450 2547 682 2623 commendabili,
696 2548 732 2611 de
743 2567 864 2611 casuum
877 2548 979 2609 formis
991 2555 1020 2610 et
1030 2546 1300 2628 significationibus,
1315 2550 1460 2630 Erlangac

297 2649 375 2713 1831
392 2669 421 2731 p.
438 2650 489 2724 48,
515 2669 607 2731 quum
625 2650 768 2712 veriorem
788 2650 886 2729 utique
903 2649 977 2711 viam
996 2648 1121 2729 ingressi
1136 2648 1207 2723 sint,
1222 2667 1284 2712 nou
1299 2658 1397 2714 tamen
1410 2651 1459 2713 ri-

293 2753 399 2815 dentur
414 2753 500 2815 nobis
517 2753 559 2814 vel
574 2754 691 2834 penitus
706 2772 768 2815 rem
784 2752 985 2834 perspexisse,
1004 2751 1048 2812 vel
1066 2751 1153 2832 plane
1166 2752 1237 2814 satis
1253 2771 1287 2814 ac
1300 2754 1460 2835 perspicue

293 2855 468 2918 declarasse:
488 2856 679 2937 quamobrem
699 2856 769 2937 quid
789 2855 877 2919 nobis
892 2853 1023 2917 videatur
1036 2855 1133 2934 paullo
1149 2855 1311 2917 accuratius
1327 2856 1456 2937 explica·

292 2959 399 3022 bimus.
414 2994 458 3004 -
482 2960 524 3020 Ao
542 2958 671 3039 primum
687 2958 803 3038 quidem
825 2957 888 3019 illos
904 2956 1116 3037 pronominum
1131 2956 1322 3032 accusativos,
1341 2952 1384 3036 τί,
1402 2954 1456 3034 τό,

292 3057 398 3138 τοῦτο,
412 3061 527 3137 ταῦτα,
542 3060 592 3141 qui
607 3060 645 3121 ita
660 3067 822 3140 ponuntur,
838 3068 871 3121 ut
881 3060 999 3139 possint
1009 3079 1076 3123 cum
1089 3054 1147 3123 διὰ
1157 3052 1202 3137 τί,
1218 3054 1385 3125 dedecoro
1397 3071 1455 3125 etc.

293 3161 476 3235 commutari,
491 3179 553 3223 non
568 3161 665 3224 minus
681 3180 769 3241 quam
781 3162 901 3241 quosvis
915 3162 988 3224 alios
1004 3163 1126 3225 aliorum
1143 3161 1354 3225 vocabulorum
1368 3184 1456 3227 arcu·

294 3265 405 3327 sativos
421 3263 560 3325 inservire
575 3261 695 3345 objectis
711 3263 866 3327 verborum
883 3264 1095 3345 significandis,
1109 3283 1164 3346 pro
1180 3275 1260 3328 certo
1275 3283 1356 3328 nunc
1365 3269 1456 3347 poni·

294 3386 361 3429 mus
386 3374 416 3427 et
441 3367 586 3428 confesso.
624 3368 661 3428 Αι
681 3385 749 3428 vero
769 3385 860 3447 quum
886 3367 992 3429 horum
1013 3385 1087 3446 quae
1109 3367 1223 3431 obiecta
1242 3367 1367 3431 dicimus
1393 3387 1456 3432 non

294 3489 386 3533 unum
402 3486 493 3549 genus
508 3468 561 3543 sit,
583 3486 678 3549 neque
692 3469 815 3531 actionis
831 3470 913 3531 notio
930 3472 1016 3550 (quae
1031 3470 1150 3550 quidem
1165 3470 1195 3533 in
1211 3470 1341 3551 quolibet
1355 3472 1457 3548 verbo,

293 3573 329 3635 iis
345 3590 461 3653 quornm
476 3589 549 3652 quae
564 3581 666 3634 neutra
682 3572 768 3651 vulgo
783 3581 813 3634 et
826 3571 1004 3635 intransitiva
1020 3572 1165 3647 dicuntur,
1186 3574 1285 3637 inesse
1301 3577 1457 3639 statuenda

292 3683 353 3750 est,
373 3694 411 3736 ne
429 3673 609 3736 substantivo
629 3674 747 3753 quidem
767 3674 855 3737 verbo
877 3661 991 3751 εἶναι,
1011 3693 1069 3737 esee
1088 3676 1261 3757 exmpto²)‚
1287 3676 1393 3738 eodem
1419 3679 1455 3742 ad

294 3776 393 3840 omnia
407 3775 497 3839 modo
512 3775 666 3856 pertineat,
686 3776 722 3838 de
743 3776 790 3838 his
806 3785 872 3839 ante
887 3776 985 3839 omnia
999 3777 1155 3840 videndum
1174 3787 1229 3845 est.
1270 3779 1346 3842 Sunt
1366 3780 1457 3860 igitur

293 3880 400 3941 horum
416 3878 475 3940 duo
491 3877 612 3938 omnino
627 3895 746 3956 genera,
772 3897 899 3958 quorum
919 3888 1076 3958 utrumque
1094 3898 1199 3943 rursus
1220 3881 1251 3942 in
1267 3900 1335 3944 suas
1355 3892 1456 3962 partes

293 4001 329 4044 ao
342 3981 456 4062 speeies
471 3980 558 4043 dividi
574 3988 684 4061 potest:
704 3980 839 4055 alterum,
858 3999 948 4062 quum
970 3981 1131 4063 opponitur
1146 3981 1234 4045 verbo
1248 4002 1297 4047 res
1311 3986 1456 4065 quaedam

293 4093 424 4157 externa,
445 4083 583 4164 adquam
605 4082 666 4144 eius
682 4081 756 4143 aetio
771 4081 914 4162 pertineat
933 4090 962 4144 et
978 4092 1106 4147 transeat
1120 4084 1353 4166 quodammodo,
1373 4088 1455 4168 quod

361 4248 386 4313 2)
405 4208 606 4315 Vin-ogregiam
622 4249 649 4300 C.
666 4249 696 4301 F.
713 4250 817 4301 Beckeri
834 4250 937 4302 librom:
961 4250 1102 4316 limoniam.
1120 4254 1166 4305 der
1179 4254 1288 4321 Spruole
1305 4271 1328 4322 p.
1347 4254 1382 4306 64
1401 4271 1456 4323 sqq.

293 4334 356 4385 Add.
370 4334 490 4400 llartnng.
503 4351 526 4402 p.
540 4336 580 4387 55.
592 4334 634 4386 56.
647 4333 788 4387 Mehllrorn.
800 4337 826 4386 in
838 4335 944 4387 Seebod.
956 4343 983 4387 et
993 4337 1066 4390 Jahn.
1083 4336 1148 4390 Nov.
1164 4339 1264 4391 Annali.
1277 4339 1363 4407 philol.
1379 4340 1455 4392 1831.

292 4419 355 4471 lese.
367 4420 386 4471 l.
397 4436 421 4488 p.
435 4420 477 4471 25.
