3154 5138
373 647 442 727 Cap.
457 646 547 722 LXV,
569 646 643 711 toa:
668 646 797 728 quibus
824 645 980 725 cognitis
1007 647 1122 723 (sermo
1147 652 1193 707 ast
1211 644 1248 707 de
1271 643 1441 725 praedictio·

287 750 375 815 aibas
395 769 492 813 rerum
518 749 666 827 tutorum)
688 750 822 813 multae
848 767 954 830 saepe
978 765 1038 810 res
1064 747 1244 813 hominurn
1269 748 1444 811 sententia

286 862 394 932 atque
414 852 573 916 utilitate
593 860 728 932 partae,
747 851 857 914 multa
877 850 982 912 etiarn
1000 849 1160 930 pericula
1179 849 1328 930 depulsa
1352 860 1443 912 sunt

288 956 337 1018 Sic
358 958 439 1021 buno
452 955 550 1016 locum
576 953 708 1017 lllotzius
730 953 823 1028 dedit,
843 969 904 1017 non
924 971 983 1034 quo
1003 971 1101 1015 veram
1120 953 1197 1017 bano
1214 952 1371 1017 lectionem
1381 972 1446 1016 esse

287 1057 431 1131 erederet,
448 1057 500 1119 aed
516 1057 595 1137 quod
609 1056 688 1119 nulla
704 1055 846 1119 eorrectio
862 1055 918 1135 ipsi
932 1054 1084 1128 satisfecit,
1100 1052 1348 1136 quemadmodum
1364 1055 1446 1119 sitin

288 1161 377 1240 praei.
400 1178 429 1239 p.
446 1159 534 1221 xxll.
573 1161 709 1223 Attamen
734 1157 984 1238 praepositionem
1007 1164 1085 1220 uerte
1108 1176 1148 1220 ex
1173 1164 1241 1221 ante
1264 1157 1447 1221 bominum

286 1261 465 1324 sententia
479 1261 556 1323 haud
571 1260 658 1325 dubio
671 1261 870 1341 recipiendam
886 1261 978 1323 luisse
988 1259 1125 1333 arbitror,
1140 1268 1242 1339 utpme
1252 1278 1380 1340 prorsus
1394 1278 1447 1323 ne·

286 1364 442 1429 cessariam
461 1371 491 1426 ot
509 1382 583 1445 quae
603 1363 737 1427 tadfflme
756 1383 773 1426 a
791 1362 915 1427 librariis
936 1362 1031 1426 omitti
1050 1359 1191 1442 potierit:
1216 1370 1450 1444 receperuntque

286 1466 471 1529 Heindorllos
491 1469 502 1539 (
508 1486 525 1527 e
547 1466 762 1545 Glogariensi),
781 1467 916 1531 lloaerns
937 1464 967 1527 in
986 1465 1031 1527 ed.
1051 1463 1122 1529 min.
1144 1472 1173 1526 et
1191 1463 1328 1527 Orellins.
1358 1464 1449 1547 llagis

285 1569 415 1649 ambigas
431 1568 652 1644 durabilitate,
667 1584 723 1650 pro
739 1587 796 1649 qna
810 1568 970 1633 Lambinus
985 1567 1160 1631 utilitates
1175 1565 1321 1647 reposuit
1351 1566 1451 1648 Ipsam

286 1671 600 1752 ‹pnidenrlocutionem
614 1681 648 1734 ut
661 1671 767 1752 abqtaid
783 1691 822 1734 er
837 1670 993 1734 utilitate
1007 1670 1070 1733 fieri
1081 1669 1126 1731 vel
1137 1688 1202 1731 esso
1217 1669 1342 1744 dicatur,
1355 1669 1451 1733 muo-

286 1792 433 1855 quaquam
453 1774 620 1837 inusitatam
636 1793 702 1837 esse
716 1774 792 1849 scio,
806 1792 894 1855 quarn
910 1791 1001 1853 mum
1017 1771 1204 1835 Heindortius
1220 1772 1361 1853 exemplo
1381 1773 1452 1837 alte·

286 1877 348 1938 rius
373 1875 545 1949 locutionis,
572 1896 612 1943 er
637 1894 718 1952 usu,
743 1876 798 1941 sibi
812 1874 996 1957 probandam
1011 1873 1165 1947 tumuerit,
1185 1892 1261 1954 qnae
1278 1882 1360 1939 extat
1375 1875 1453 1957 apud

286 1979 375 2043 Taoit
391 1980 467 2040 dnn.
483 1977 529 2051 lll,
544 1979 602 2039 42:
621 1979 820 2043 Artabanus
839 1978 978 2059 plebem
998 1977 1219 2056 primoribus
1238 1977 1455 2041 tradiditor

286 2101 352 2145 suo
368 2098 448 2154 usu,
464 2087 580 2161 poterat
599 2081 688 2145 etiam
707 2080 786 2144 illam
806 2081 901 2160 ipsam
919 2099 955 2143 ss
969 2080 1073 2143 eodem
1088 2080 1203 2154 anone,
1222 2080 1306 2144 dnn.
1320 2080 1386 2156 XV,
1401 2079 1456 2144 43:

285 2204 338 2257 ea,
354 2202 394 2245 ex
410 2183 569 2247 utilitate
588 2191 746 2263 accepta,
772 2182 937 2246 decorem
953 2200 1095 2263 qnoque
1119 2200 1233 2245 norae
1253 2183 1339 2249 urbi
1359 2191 1455 2247 attu-

285 2286 364 2348 lere.
380 2293 411 2348 et
425 2286 498 2359 lllll,
514 2285 569 2361 303
589 2286 684 2366 quod
703 2284 1002 2366 proconsulatum
1027 2284 1134 2348 Asiae
1158 2285 1229 2348 sibi
1249 2287 1380 2367 potius
1398 2305 1456 2350 ac-

287 2388 550 2450 commodatum
566 2406 667 2467 quam
683 2407 722 2449 ex
737 2388 896 2450 utilitate
911 2387 1088 2450 communi
1104 2387 1250 2467 egisset
1283 2389 1401 2452 Tamen
1415 2388 1458 2451 sic

285 2489 436 2571 copulatas
455 2490 509 2553 lma
529 2489 702 2564 locutiones,
722 2509 762 2552 er
788 2489 964 2553 sententia
989 2498 1023 2551 et
1047 2488 1218 2564 utilitate,
1233 2508 1397 2573 nunqnam
1411 2510 1459 2553 me

285 2595 382 2674 legere
405 2591 537 2667 memini,
561 2611 656 2673 noque
676 2592 806 2673 eoprdari
825 2600 1020 2673 congruenter
1038 2592 1173 2672 potuisse
1198 2594 1304 2658 ereda.
1345 2594 1459 2674 Nempe

286 2695 429 2758 senmntia
444 2693 474 2755 in
490 2694 578 2757 nobis
592 2695 666 2775 ipsis
680 2703 844 2775 nostroque
858 2695 959 2757 animo
974 2703 1033 2768 est,
1053 2712 1256 2775 petamusque
1272 2704 1327 2759 snt
1341 2696 1460 2780 perilei-

286 2817 354 2861 rnns
372 2817 421 2860 res
437 2815 472 2859 er
488 2798 644 2871 sententia,
665 2816 757 2878 quum
771 2798 878 2861 sicem
892 2805 1093 2877 paramusaut
1107 2796 1301 2878 perficimus,
1322 2808 1359 2862 ut
1376 2799 1460 2863 rolu-

287 2919 353 2964 rnus
372 2908 402 2960 et
421 2907 572 2979 optamns3
597 2900 705 2963 utilitas
730 2908 828 2964 autern
846 2916 908 2962 noa
928 2900 959 2961 in
979 2898 1067 2961 nobis
1083 2899 1157 2979 ipsis
1177 2900 1232 2962 aad
1248 2902 1282 2964 in
1298 2902 1392 2966 rabns
1407 2910 1461 2974 est,

286 3022 373 3084 qaum
389 3002 438 3082 qui
454 3003 587 3082 sequitur
600 3021 635 3065 ae
649 3002 769 3083 reapioit
782 3002 813 3065 in
827 3000 916 3064 rebus
932 3001 1061 3081 agendis,
1076 3002 1102 3063 is
1117 3020 1165 3064 res
1178 3021 1215 3064 ex
1230 3003 1363 3069 utilitate
1377 3021 1462 3085 agere

287 3105 401 3169 dieitur.
432 3102 499 3165 Non
515 3103 615 3167 eadem
636 3103 723 3183 igitur
737 3103 779 3165 vis
795 3102 1021 3184 praepositionis
1041 3104 1132 3166 estin
1151 3112 1284 3186 ubsque
1297 3106 1461 3177 locutione,

286 3205 478 3289 quamobrem
504 3215 582 3269 certe
608 3223 669 3268 non
695 3206 784 3269 semel
809 3207 881 3287 poni
902 3205 1066 3281 debuisset,
1090 3206 1143 3268 sed
1166 3208 1267 3288 repeti
1289 3209 1383 3273 etiam
1397 3215 1464 3273 ante

287 3309 442 3374 utilitate
452 3310 490 3385 ³).
520 3307 579 3369 Sed
599 3326 690 3388 quum
711 3309 855 3389 pluralem
880 3308 1058 3371 utilitates
1078 3316 1195 3388 praeter
1216 3310 1378 3385 Lambini,
1392 3312 1423 3373 lr.
1437 3330 1463 3371 e.

285 3412 376 3475 unius
396 3402 566 3492 peritissimi
588 3419 617 3472 et
636 3411 842 3490 elegantissimi
863 3409 962 3474 arbitri
983 3409 1123 3477 iudicium
1146 3410 1239 3475 edam
1264 3413 1412 3479 editionis
1430 3411 1464 3475 P.

286 3514 372 3577 Mami
394 3513 567 3587 auotoritas,
588 3530 662 3593 quae
684 3513 763 3577 bono
787 3512 879 3575 codici
903 3513 1117 3593 aequiparanda
1140 3521 1202 3587 est,
1223 3515 1464 3585 commendaret,

285 3617 363 3681 hunc
377 3635 432 3696 ego
447 3616 577 3698 recipere
592 3634 654 3678 non
669 3616 805 3678 dubitari.

371 3718 432 3782 Lib.
444 3719 493 3793 lli,
503 3738 566 3800 oap.
582 3718 630 3793 [ΙΙ.
642 3720 670 3793 7,
685 3718 763 3800 quod
779 3718 810 3781 in
821 3717 972 3781 codicibus
983 3726 1098 3780 tantum
1108 3721 1337 3785 nonomnilrus
1346 3721 1465 3804 legr'trrr:

287 3821 372 3883 milri
393 3821 532 3901 quidem
553 3840 593 3883 er
612 3822 729 3883 animo
750 3820 848 3883 exuri
867 3837 939 3883 non
959 3828 1095 3900 potest,
1115 3839 1201 3883 esse
1223 3822 1334 3899 deos,
1359 3823 1466 3889 marito

287 3924 394 3987 criticis
422 3923 582 4005 displicuit,
604 3924 842 4004 qnandoquidem
865 3921 1005 3984 exurendi
1028 3921 1147 3984 verbum
1174 3924 1208 3986 in
1233 3925 1414 3990 huiusmodi
1435 3942 1466 3986 re

477 4100 585 4108 -..ι-...-

357 4201 382 4261 5)
401 4199 440 4252 Ne
453 4199 508 4267 quia
521 4198 587 4249 iorto
599 4196 658 4247 anibi
671 4195 791 4247 eiusmodi
804 4193 919 4261 exempla
930 4199 1046 4260 opponat,
1058 4193 1131 4259 quale
1143 4203 1189 4248 est
1202 4198 1254 4250 boe
1266 4216 1310 4269 ap.
1320 4202 1466 4254 Ciceronem

284 4287 318 4337 ad
334 4285 423 4337 Finit.
435 4283 481 4348 xl,
496 4282 536 4346 ll,
548 4283 576 4334 2:
594 4288 627 4332 ut
643 4296 680 4332 ex
693 4288 744 4332 tua
756 4279 914 4332 sententia
926 4286 958 4330 ct
973 4278 1175 4346 reipublicae
1189 4288 1360 4338 commodo
1372 4286 1466 4339 linat:

288 4372 421 4422 tenendum
443 4377 485 4421 est
504 4370 552 4419 boc
567 4367 722 4418 commodo
740 4381 788 4417 noa
801 4366 910 4433 pendere
929 4383 945 4417 a
966 4366 1167 4434 praepositio-s,
1190 4371 1243 4422 ssd
1265 4389 1316 4440 per
1337 4390 1367 4427 se
1388 4372 1466 4427 solun

292 4462 370 4519 stare,
383 4454 455 4505 otib.
468 4452 537 4518 xvi,
557 4452 620 4515 l,2:
635 4452 661 4502 si
681 4451 833 4502 commodo
849 4451 1043 4504 valetudinis
1060 4459 1132 4504 raas
1154 4450 1237 4505 lieri
1250 4462 1368 4523 possit.
