3222 5148
660 484 812 585 „Q

247 676 298 739 Sic
311 676 390 739 enirn
404 676 453 738 bio
468 677 550 738 locus
564 675 595 736 in
609 676 674 738 cod.
690 676 723 736 B.
738 675 866 756 scriptus
881 682 942 749 est,
963 693 1055 755 quum
1070 674 1118 737 alii
1132 682 1170 738 at
1184 675 1235 759 pol
1249 675 1322 757 quin

157 780 302 854 babeant3
322 779 485 859 eademque
504 778 626 841 varietas
648 786 694 841 est
713 778 800 839 etiam
822 777 851 838 in
871 778 936 840 loco
959 774 1115 851 Rudedtie‚
1136 777 1186 843 ubi
1206 779 1322 841 numeri

155 882 227 945 illud
245 884 370 945 alterum
386 882 484 944 verius
498 901 563 944 esse
578 881 755 943 ostendunt:
778 898 847 942 nam
862 900 916 963 per
929 900 962 942 se
976 880 1094 961 quidem
1110 898 1171 947 non
1186 882 1319 944 deterius

152 986 245 1065 quin
268 985 359 1047 videri
379 1004 467 1069 posse
488 1005 525 1048 ex
546 986 597 1058 iis,
619 1004 693 1065 quae
714 983 805 1047 modo
820 984 893 1057 diri,
914 992 1045 1065 apparet.
1075 982 1217 1047 Similiter
1231 984 1321 1047 etiam

153 1106 212 1169 pro
241 1088 344 1168 atqui
367 1106 430 1149 non
454 1106 522 1150 raro
543 1089 672 1168 atquin
692 1088 724 1149 in
745 1085 828 1150 libris
848 1094 947 1149 extare
967 1085 1116 1160 ridemus,
1143 1088 1222 1151 velut
1242 1087 1320 1171 apud

161 1189 299 1252 Plautum
311 1189 386 1253 llud.
403 1190 462 1264 lll.‚
478 1191 507 1263 4,
524 1192 580 1251 55:

255 1291 368 1372 itquin,
385 1293 453 1373 quia
468 1291 561 1363 votas,
576 1299 734 1374 utramque
748 1292 807 1354 iam
824 1309 942 1355 mecum
957 1289 1100 1354 abducam
1114 1292 1219 1355 semul

161 1394 212 1457 ubi
231 1410 293 1457 non
311 1395 442 1475 intelligo
458 1395 528 1477 quid
543 1395 675 1468 intersit,
697 1404 798 1459 utrum
815 1394 932 1476 atqui,
948 1412 1016 1457 oum
1032 1394 1214 1469 demereno,
1235 1402 1322 1458 anat

157 1499 248 1578 quin
271 1498 455 1573 disiunctio,
477 1498 694 1572 ermilenda,
715 1499 870 1561 Tursellin.
889 1500 915 1559 l.
936 1516 965 1579 p.
982 1497 1060 1573 523,
1079 1507 1110 1559 et
1122 1497 1321 1560 Fleckeisenio

161 1600 321 1663 scribatur:
342 1619 411 1663 nam
432 1601 512 1682 quod
536 1620 640 1663 sensus
661 1600 821 1665 discrimen
836 1600 966 1663 Handius
987 1619 1052 1663 esso
1072 1608 1223 1675 autumat,
1245 1601 1319 1663 milii

161 1704 279 1785 quidem
295 1706 412 1767 nullum
426 1724 492 1767 esse
509 1704 631 1767 videtur.

245 1807 407 1869 Obscurior
425 1816 472 1869 est
491 1806 663 1888 significatio
684 1806 842 1886 particulae
862 1807 922 1888 qui
943 1806 974 1868 in
996 1807 1103 1868 causali
1118 1806 1320 1869 enuntiatione

158 1918 229 1992 post
244 1912 381 1994 quippe
396 1910 520 1985 additae,
535 1909 571 1972 ad
586 1911 644 1972 boc
657 1907 836 1991 exemplum,
853 1908 932 1989 quod
947 1917 1027 1971 extat
1041 1908 1073 1970 in
1086 1908 1179 1972 Plaut.
1191 1908 1257 1971 dul.
1273 1909 1321 1984 ΙΙ,

158 2013 192 2087 d,
208 2011 265 2074 22:

255 2114 365 2178 bordin
380 2116 433 2178 tibi
447 2116 513 2178 istic
526 2115 601 2178 nlbil
615 2114 738 2188 eveniet,
755 2114 863 2197 quippe
878 2114 929 2194 qui

259 2218 310 2281 ubl
325 2218 395 2298 quid
411 2217 555 2301 subripias
571 2216 644 2280 nihil
658 2223 706 2279 est

164 2321 249 2385 cuius
263 2319 368 2382 similia
382 2328 454 2381 sunt
467 2320 542 2382 llud.
558 2320 604 2394 Π,
622 2319 651 2392 3,
667 2318 723 2380 53;

583 2438 669 2501 etiam
686 2439 735 2519 qul
752 2437 775 2499 it
790 2436 919 2500 lavatum

259 2544 290 2605 in
303 2541 432 2605 balineas
448 2560 539 2622 quom
555 2540 595 2603 ibi
609 2540 712 2603 sedulo
729 2559 781 2603 sua
797 2541 973 2603 vestimenta
988 2547 1094 2615 servat,

171 2660 177 2667 '
260 2654 364 2711 tamen
376 2643 608 2725 subrupiuntur:
624 2642 732 2725 quippe
749 2643 799 2724 qui
813 2663 902 2726 quem
916 2644 1036 2708 illdrum
1051 2644 1187 2707 observat
1205 2642 1321 2705 falsust.

165 2772 285 2836 Trucul.
300 2772 334 2846 1.‚
353 2772 380 2845 l,
397 2770 453 2832 49:

265 2892 306 2953 Ea
322 2892 442 2953 nimiast
454 2891 544 2954 ratio:
562 2888 671 2973 quippe
686 2889 737 2969 qui
752 2889 832 2951 cond
846 2890 907 2952 scio

262 2994 349 3075 triplo
365 2995 405 3056 ibi
419 2994 485 3075 plus
499 2997 666 3055 scortorum
683 2992 748 3055 esse
762 2992 820 3054 iam
837 3009 926 3073 quam
941 2991 1114 3073 pindarum.

168 3096 288 3158 Terent.
303 3096 407 3160 Heaut.
420 3096 481 3169 ΙΙΙ,
497 3095 527 3168 2,
543 3094 598 3156 27:

262 3215 327 3277 Eho
344 3214 570 3296 quaesolaudas
585 3215 636 3295 qul
651 3233 718 3277 eros
733 3210 893 3276 fallunt?::
910 3213 940 3274 ln
955 3212 1022 3275 loco

151 3399 154 3403 ¹
264 3337 317 3398 ego
333 3318 400 3380 vero
414 3318 512 3380 laudo.
523 3336 546 3378 ::
562 3317 642 3380 ricto
657 3335 737 3380 sane.
748 3336 773 3378 ::
790 3318 899 3400 quippe
915 3315 965 3397 qui

264 3419 437 3500 magnarum
452 3440 539 3503 saepe
553 3420 582 3483 id
597 3419 762 3482 remedium
776 3417 1032 3499 aegritudinumst

249 3538 465 3602 Fleckeisenius
485 3539 606 3620 quidem
626 3538 714 3600 etiarn
737 3538 767 3599 in
786 3537 834 3598 his
849 3536 907 3598 vim
923 3535 1083 3617 particulae
1097 3555 1180 3601 mere
1194 3540 1323 3602 affirma·

162 3640 251 3703 tivam
268 3659 333 3702 esse
347 3650 461 3717 censet,
481 3659 579 3723 neque
594 3641 622 3703 id
639 3640 709 3701 mihi
724 3638 908 3713 incredibile,
929 3640 1155 3720 haudquaquam
1171 3648 1272 3703 tamen
1284 3641 1326 3705 ita

164 3750 279 3805 certum
300 3761 366 3803 esse
381 3744 508 3816 videtur,
527 3751 638 3806 utnon
653 3744 707 3807 alia
723 3762 840 3824 quoque
854 3742 1065 3826 interpretandi
1080 3742 1125 3803 ria
1139 3742 1207 3806 iniri
1221 3743 1325 3825 possit·

165 3845 224 3908 Sed
241 3844 379 3926 quoniam
395 3865 443 3907 res
459 3847 621 3926 longiorem
634 3846 796 3911 orationem
808 3845 947 3926 postulat,
962 3862 1043 3907 nuno
1054 3845 1174 3926 quidem
1185 3845 1217 3907 in
1228 3847 1326 3909 medio

165 3966 232 4009 eam
255 3947 435 4027 relinquam,
463 3956 496 4009 ut
514 3948 551 4010 ad
571 3947 697 4027 reliquas
717 3948 875 4028 particulae
894 3966 964 4030 que
985 3957 1122 4029 cognatae
1143 3955 1324 4032 pracverm:

164 4050 253 4114 cedo
269 4050 370 4127 (ledo)
385 4067 471 4112 ecoe
486 4048 589 4123 (eike
602 4048 661 4111 ital.
677 4054 775 4128 ecco)
790 4069 839 4114 eo.

251 4153 363 4226 Cedo,
379 4170 435 4232 qua
450 4170 520 4214 voce
534 4151 629 4213 utitur
643 4152 694 4232 qui
708 4151 834 4214 alterum
845 4151 954 4233 aliquid
966 4169 1140 4235 expromere
1151 4159 1182 4215 et
1193 4152 1327 4234 prolerre

165 4254 261 4327 iubet,
289 4272 352 4317 non
378 4256 487 4317 mirum
515 4262 562 4317 est
580 4259 736 4337 propterea
754 4271 816 4316 non
834 4255 923 4318 modo
946 4253 1158 4317 recentioribus
1179 4254 1328 4336 plerisque

166 4357 219 4420 aed
244 4357 313 4438 ipsis
341 4359 430 4421 etiam
454 4358 602 4421 ueteribus
629 4356 835 4438 imperativum
854 4357 950 4419 visum
968 4377 1034 4420 esse
1055 4358 1223 4421 anomalum
1243 4356 1326 4420 verbi

167 4460 290 4524 alicuius
304 4460 437 4537 maudti,
459 4481 517 4542 quo
532 4480 632 4525 errore
646 4461 758 4525 facturn
773 4466 828 4534 est,
843 4469 879 4524 ut
892 4459 979 4522 etiam
994 4461 1115 4544 pluralis
1128 4463 1226 4527 torma
1239 4462 1327 4527 ellin-
