3290 5142
805 465 959 564 -oa—

297 656 382 721 {acilo
401 656 564 737 negaverit:
581 672 761 737 quamquam
776 655 801 716 si
817 656 882 735 quis
897 662 997 718 tamen
1011 672 1074 717 non
1088 655 1188 718 statim
1203 660 1361 738 propterea
1374 654 1459 719 dam-

297 761 425 823 nandam
440 780 506 823 esse
521 760 690 832 contendat,
706 758 846 840 illudque,
869 759 949 841 quod
962 777 1018 823 nos
1033 758 1088 841 ipsi
1101 758 1200 839 paullo
1215 759 1460 841 anteposuimus,

297 863 446 946 superflua
460 880 521 926 non
536 880 655 943 semper
668 879 774 923 nocere
789 860 923 943 Euripidi
936 862 997 923 risa
1019 879 1085 923 esse
1097 859 1183 923 nobis
1198 860 1328 936 obiiciat,
1350 859 1460 924 revinci

298 972 379 1028 certa
393 966 647 1028 demonstratione
661 981 723 1027 non
737 965 855 1046 poterit.
898 963 1014 1027 Mallem
1028 971 1130 1026 tamen
1142 964 1201 1026 boc
1214 962 1280 1026 loco
1300 962 1371 1027 illud
1392 954 1462 1027 tut

299 1067 417 1130 abesse:
437 1075 467 1130 et
484 1066 581 1147 potuit
594 1083 666 1128 sane
680 1072 732 1129 aut
747 1056 801 1128 dat
815 1066 902 1129 scribi
917 1085 986 1130 cnm
1001 1066 1140 1129 Elmsleio
1155 1066 1205 1141 (ad
1218 1066 1293 1128 lled.
1308 1086 1336 1127 r.
1354 1065 1460 1152 104¹),

299 1171 379 1252 quod
395 1188 449 1232 eur
462 1170 650 1232 Hermennus
664 1169 757 1249 magis
776 1170 863 1231 etiam
885 1187 973 1250 qnam
989 1162 1058 1232 ἐκεῖ
1069 1185 1320 1265 supervacaneum
1335 1186 1399 1230 ease
1413 1166 1460 1230 di-

300 1279 356 1345 cat,
372 1290 432 1335 non
449 1273 519 1335 satis
535 1272 679 1352 intelligo,
701 1291 793 1352 quum
809 1279 838 1334 et
853 1269 948 1352 δεῦρο
971 1261 1026 1334 ἀεί
1047 1277 1078 1333 et
1099 1264 1133 1345 te
1153 1263 1234 1333 oddo
1256 1262 1310 1333 olai
1329 1290 1364 1334 ac
1376 1269 1461 1333 simi·

300 1373 338 1436 lia
351 1391 414 1436 non
428 1392 496 1438 raro
510 1375 567 1437 dici
581 1375 779 1449 meminerim,
795 1376 949 1437 autetiam
964 1365 1024 1448 ἔτι,
1040 1373 1120 1454 quod
1134 1392 1152 1436 a
1166 1372 1305 1435 Bamesio
1319 1371 1461 1454 suppedi-

302 1482 398 1538 tatum
415 1475 564 1539 Nauclius
584 1476 710 1557 recepit,
737 1484 789 1541 aut
809 1476 938 1559 denique
957 1466 1205 1558 Ἐρεχθείδαισι
1226 1470 1285 1538 καὶ
1308 1508 1353 1521 -
1380 1473 1460 1555 quod

297 1579 422 1642 Bothius
436 1579 562 1660 scripsit,
577 1579 746 1642 Hermanno
762 1581 826 1660 ipso
840 1579 919 1642 baud
933 1578 1127 1661 improbante.
1161 1577 1236 1640 Nem
1250 1568 1317 1652 καί,
1339 1577 1459 1650 etiarn,

298 1681 335 1743 ad
358 1688 532 1763 sequentem
551 1701 669 1745 versum
692 1682 842 1764 pertinens
856 1701 917 1745 non
937 1683 1029 1763 magis
1050 1680 1198 1743 oliendere
1216 1678 1348 1753 debebit,
1369 1697 1461 1761 quam

299 1784 496 1864 copulatirnm
512 1777 571 1846 καί
584 1785 615 1848 in
629 1786 688 1847 fine
702 1804 805 1848 versus
819 1785 961 1867 positum,
982 1785 1063 1847 velut
1076 1783 1154 1865 apud
1170 1782 1347 1865 Sophoclem
1361 1781 1460 1862 Antig.

298 1902 326 1945 v.
344 1886 422 1947 171:

520 1979 600 2050 καθ’
620 1980 745 2073 ἡμέραν
765 1977 888 2052 ὄλοντο
909 1979 1091 2064 παίσαντές
1111 2006 1148 2050 τε
1168 1982 1224 2049 καὶ

521 2083 705 2174 πληγέντες.

245 2246 250 2259 “
300 2225 370 2288 (led.
387 2226 421 2288 R.
437 2244 465 2288 v.
483 2226 581 2289 1234:

500 2320 519 2391 ὁ
541 2321 601 2409 μὲν
621 2321 779 2406 τάχιστος
798 2324 863 2391 τῶν
883 2323 991 2413 λόγων
1013 2322 1119 2394 εἰπεῖν
1139 2349 1176 2392 ca
1197 2325 1254 2393 καὶ

498 2429 632 2510 μαθεῖν.

298 2567 425 2631 Philoot.
439 2586 467 2628 v.
484 2566 564 2629 312:

466 2770 468 2774 Ι
498 2677 574 2760 ἔτος
594 2677 665 2747 τόδ’
688 2678 753 2772 ἤδη
776 2681 910 2751 δέκατον
932 2679 966 2751 ἐν
987 2679 1074 2773 lippo
1094 2707 1131 2750 ta
1151 2684 1208 2751 καὶ

498 2787 658 2853 κακοῖσιν.

297 2903 359 2966 Nec
373 2904 479 2967 diversi
500 2904 616 2985 generis
635 2910 695 2979 est,
718 2923 810 2986 quum
831 2906 1065 2987 praepositiones
1084 2907 1121 2968 ad
1141 2911 1317 2986 sequentem
1341 2924 1460 2969 versum

297 3007 478 3087 pertinentes
500 3007 531 3070 iu
550 3008 610 3069 fine
624 3006 815 3082 collocuntur,
830 3009 866 3071 de
881 3026 941 3088 quo
956 3025 1062 3089 genere
1082 3008 1156 3071 dixit
1170 3008 1363 3083 Wieselerus,
1379 3008 1462 3072 Con-

296 3108 374 3171 icett
391 3109 427 3171 ad
441 3108 546 3171 lesen
561 3109 648 3171 Eum.
663 3128 693 3190 p.
710 3109 762 3184 53,
777 3118 828 3173 ant
842 3111 1075 3186 coniunctiones,
1090 3118 1125 3174 ut
1144 3107 1208 3188 ἵνα,
1230 3101 1285 3186 ὥς,
1309 3104 1405 3185 ὅπως
1425 3128 1461 3174 ac

296 3211 418 3284 similia,
440 3229 568 3291 quorum
587 3212 721 3293 exempla
740 3230 802 3275 nnn
821 3232 886 3276 rara
904 3221 983 3276 sunt.
1027 3213 1124 3275 Minus
1144 3212 1240 3294 placet
1259 3213 1338 3295 quod
1359 3212 1460 3275 Firins

297 3312 388 3395 prael.
403 3332 433 3394 p.
448 3313 498 3375 Lll
514 3314 679 3394 proposuit,
693 3305 938 3397 Ἐραχθείδαισι
960 3308 1011 3399 δή,
1033 3321 1085 3378 aut
1095 3315 1175 3396 quod
1186 3316 1354 3397 llanungus
1364 3315 1460 3395 scrip-

296 3416 345 3489 sit,
358 3406 586 3496 Ἔροχθοίδαις
605 3410 707 3496 νόμος
720 3409 870 3491 τοιοῦτός
885 3410 983 3494 ἐστιν,
1005 3418 1086 3500 qnod
1100 3419 1131 3480 in
1146 3418 1238 3481 istum
1252 3416 1375 3480 modum
1390 3435 1461 3480 ccr-

296 3517 396 3599 rumpi
409 3517 543 3598 potuisse
558 3535 619 3579 uon
635 3517 774 3581 credibile
790 3524 843 3581 est.
855 3552 896 3565 -
911 3521 1049 3584 Ceterum
1064 3520 1235 3596 Mercurius,
1251 3520 1303 3602 qni
1318 3519 1457 3582 Creusam

295 3621 380 3702 pueri
405 3620 558 3683 interitum
584 3621 791 3701 praesagivissc
821 3623 966 3695 crederet,
997 3624 1118 3688 monilia
1146 3624 1194 3688 illa
1223 3641 1286 3686 uon
1316 3629 1457 3703 tanquam

295 3722 506 3805 γνωρίσματα
520 3724 665 3804 quaedam
680 3723 776 3786 addita
791 3725 909 3789 credere
923 3727 1029 3808 potuit,
1045 3734 1080 3790 ut
1089 3727 1160 3790 alies
1170 3727 1202 3790 in
1212 3726 1396 3809 expositione
1409 3725 1458 3787 in-

294 3824 410 3887 fantum
424 3824 486 3887 lieri
501 3824 632 3901 solitum,
647 3826 699 3888 sed
713 3825 771 3889 hoc
790 3834 906 3891 tanturn
927 3829 964 3892 ab
989 3847 1023 3892 ea
1049 3836 1215 3911 spectatum
1240 3847 1321 3903 esse,
1346 3846 1385 3890 ne
1408 3827 1458 3890 ille

295 3944 417 4008 prorsus
432 3946 537 4011 expers
555 3935 633 3990 esset
647 3927 793 3992 bonorum
809 3929 1014 4008 familiarium
1035 3932 1287 4013 quemadmodum
1302 3931 1380 4012 apud
1398 3931 1458 3992 Το-

294 4031 424 4094 rentium
439 4031 604 4094 Sostratam
619 4031 657 4093 de
671 4031 806 4112 seipsam
818 4034 1007 4115 profitentem
1018 4034 1164 4110 audimus,
1180 4034 1285 4099 lleaut
1295 4034 1344 4109 IV,
1360 4033 1384 4108 l,
1395 4031 1455 4096 37:

579 4139 614 4195 ut
628 4132 734 4195 stultae
750 4141 780 4196 et
794 4133 919 4197 miserae
934 4153 1038 4198 omnes
1053 4154 1157 4199 snmus

392 4236 553 4317 religiosae,
570 4253 662 4315 quum
676 4235 885 4316 exponendum
900 4237 938 4300 do
953 4237 1002 4312 illi,
1019 4238 1055 4300 de
1070 4237 1161 4318 digito
1175 4238 1318 4302 annulum

393 4339 516 4402 detraho
530 4343 560 4399 et
574 4356 643 4401 eum
659 4337 724 4402 dico
738 4346 773 4402 ut
786 4357 844 4402 uua
860 4358 927 4402 cum
943 4340 1039 4422 puella
1054 4347 1224 4421 exponeret,
1250 4344 1252 4347 ’

394 4441 420 4502 si
434 4448 601 4505 moreretur
615 4457 653 4503 ne
667 4459 771 4523 expers
786 4446 864 4506 essct
876 4442 969 4524 portis
983 4443 1020 4507 do
1033 4443 1142 4508 nostris
1155 4442 1251 4508 bonis.
