3266 5140
857 486 920 550 rao
978 573 990 580 ς

789 575 853 583 ——

395 667 464 730 Mihi
480 675 575 730 autem
592 669 759 734 matimonia
774 672 838 745 ista,
854 671 961 750 quihus
972 680 1125 751 tantopere
1135 671 1321 734 Hermannus
1337 670 1466 743 conlidit,

311 778 360 830 aut
374 769 445 831 nihil
460 789 584 850 prorsus
599 773 635 833 ad
651 792 712 834 rem
728 775 880 854 pertinere,
895 782 944 835 aut
958 782 1034 835 certe
1048 792 1109 835 non
1125 773 1153 837 id
1169 775 1249 853 quod
1264 774 1310 835 ille
1320 773 1380 835 vult
1394 791 1466 853 pro-

312 871 380 933 hare
394 873 541 945 videntur,
561 874 695 955 maloque
717 895 783 938 cum
804 875 950 938 Lohechio
971 876 1115 939 dubitare.
1135 895 1221 957 quam
1242 896 1304 938 rem
1324 877 1465 938 incertam

313 994 367 1053 pro
391 984 468 1037 certa
487 976 635 1058 amplecti:
659 978 802 1058 huiusque
823 979 982 1041 sentcntiae
1004 998 1085 1040 meae
1106 979 1233 1041 rationes
1253 980 1312 1040 hec
1333 979 1399 1041 loco
1415 998 1466 1040 ex-

311 1095 421 1157 ponere
436 1078 551 1158 placuit.

395 1180 528 1242 Primum
548 1181 635 1260 igitur
654 1183 877 1246 examinandum
897 1192 941 1246 est
959 1184 1161 1246 testimonium
1181 1183 1398 1256 Demosthenis,
1418 1184 1467 1263 qui

312 1283 341 1343 in
361 1282 492 1344 oratione
506 1291 560 1345 etr.
576 1284 749 1346 Aeschinem
766 1287 802 1347 de
816 1286 891 1347 male
905 1294 985 1364 gesta
1000 1286 1152 1366 legatione,
1168 1290 1196 1361 ἦ.
1213 1285 1284 1347 tet.
1301 1304 1330 1365 p.
1346 1284 1405 1346 431
1424 1285 1467 1359 ll,

310 1386 505 1448 adversarium
521 1387 624 1467 quevis
640 1387 729 1449 modo
744 1389 886 1450 invidiose
896 1389 1069 1463 detrectans,
1083 1388 1276 1452 Glaueotheae
1290 1406 1357 1449 eum
1374 1387 1464 1449 tilium

311 1489 442 1569 appellat,
457 1490 533 1563 eius,
550 1508 624 1570 quae
639 1491 750 1552 thiasos
767 1491 836 1551 olim
852 1491 1070 1571 congregaverit
1084 1508 1176 1570 eaque
1190 1509 1272 1553 sacra
1286 1490 1464 1561 factitaverit,

312 1611 436 1672 quorum
453 1610 540 1654 causa
561 1591 614 1653 alia
632 1595 774 1673 quaedam
795 1594 930 1656 sacerdos
951 1591 1094 1673 supplicio
1115 1593 1216 1655 allecta
1235 1592 1282 1653 sit.
1312 1592 1400 1654 Sacra
1419 1591 1464 1653 illa

311 1695 429 1756 Sabazia
445 1695 535 1756 luisse
554 1695 671 1758 aliunde
691 1704 873 1777 compertum
889 1696 1045 1758 hahemus:
1065 1694 1101 1756 de
1115 1694 1203 1757 altera
1217 1694 1368 1756 sacerdote
1382 1702 1464 1756 vetus

310 1798 455 1877 interpres
470 1797 570 1871 docet,
585 1798 676 1860 luisse
690 1818 753 1860 eam
768 1799 876 1860 Ninum
892 1799 1054 1878 quanmm,
1069 1815 1191 1876 eamque
1206 1814 1221 1857 a
1238 1796 1364 1857 hlenecle
1379 1814 1464 1858 aceu-

310 1909 403 1962 satam
418 1919 493 1974 esse,
507 1901 586 1980 quod
602 1901 707 1979 philtra
722 1900 954 1962 adolescentibus
969 1908 1097 1980 pararet:
1112 1893 1202 1980 λέγει
1225 1893 1271 1973 δὲ,
1285 1899 1392 1979 inquit,
1407 1895 1466 1983 τὴν

310 1994 410 2065 Νίνον
422 1996 610 2087 λεγομένην·
625 1997 830 2087 κατηγόρησε
843 1997 964 2088 ταύτης
977 1997 1147 2085 Μενεκλῆς
1157 1992 1203 2074 ὠς
1213 1992 1335 2085 φίλτρα
1346 1997 1466 2064 ποιού-

310 2121 370 2188 σης
382 2103 453 2178 τοῖς
466 2099 566 2179 adora:
582 2105 611 2167 id
626 2105 704 2185 quod
720 2122 781 2165 non
797 2125 831 2166 ex
847 2103 1099 2167 coniecturaaheo
1112 2103 1251 2181 positum,
1266 2102 1317 2164 sed
1332 2112 1463 2165 veterum

308 2214 569 2267 monumentorum
584 2207 641 2268 lide
656 2208 793 2270 traditum
808 2226 874 2270 esse
893 2207 975 2270 lacile
994 2205 1211 2285 agnosciturtl.
1241 2205 1360 2268 Videtur
1378 2206 1466 2284 igitur

273 2316 289 2365 e
310 2307 403 2370 Ninus
418 2327 479 2370 uon
494 2317 554 2370 tam
569 2319 691 2390 propter
705 2330 785 2372 sacra
797 2319 930 2373 accusata
942 2309 1134 2388 damnataque
1150 2326 1225 2379 esse,
1240 2326 1326 2386 quam
1342 2317 1465 2388 propter

309 2411 445 2472 veneficia
461 2430 614 2473 sacrorum
629 2413 748 2475 obtentu
766 2421 875 2493 perata.
905 2411 1018 2473 Scilicet
1033 2410 1137 2472 mulier
1150 2410 1275 2489 impura,
1291 2428 1349 2488 quo
1365 2410 1463 2490 plures

309 2512 433 2574 alliceret
450 2514 604 2589 thiasotas,
625 2514 780 2577 Sabazium
801 2534 889 2577 suum
908 2514 994 2576 ctiam
1014 2514 1073 2575 hoc
1093 2513 1214 2574 nomine
1229 2512 1462 2583 commendabat,

309 2615 388 2695 quod
403 2634 494 2696 quum
509 2616 560 2677 alia
575 2616 665 2677 multa
688 2615 850 2678 cultoribus
874 2616 936 2678 suis
951 2615 1089 2678 beneficia
1114 2614 1278 2694 praeheret,
1298 2623 1362 2677 tum
1377 2615 1462 2677 ctiam

307 2718 383 2779 hanc
401 2718 566 2781 amantibus
586 2736 673 2797 opem
688 2726 860 2797 praestaret,
881 2728 913 2781 ut
938 2739 992 2798 per
1010 2719 1220 2781 medicamenta
1240 2717 1381 2798 quaedam
1396 2737 1462 2779 eum

308 2821 371 2883 eius
390 2822 519 2884 numinis
539 2820 725 2882 invocatione
744 2821 888 2902 certisque
908 2821 1091 2884 caerimoniis
1111 2829 1211 2901 parata
1231 2840 1347 2893 eorum,
1366 2821 1463 2900 aqui·

375 3032 400 3095 l)
419 3031 530 3083 Extabat
542 3030 623 3080 oratio
636 3026 704 3080 acrei
718 3028 894 3087 Μενεκλέους
905 3024 1057 3099 ἀπαγωγῆς
1068 3046 1081 3081 a
1096 3029 1152 3081 Nini
1166 3030 1233 3081 illius
1246 3029 1299 3081 lilio
1312 3037 1399 3081 eontra
1411 3044 1463 3079 raa·

308 3118 354 3168 tris
366 3119 486 3184 quondam
498 3123 670 3167 accusatorem
680 3114 764 3166 hahita
777 3114 835 3177 (vid.
847 3114 952 3181 lliongs.
965 3117 996 3165 de
1009 3116 1125 3166 Dinareh
1138 3133 1160 3166 c.
1176 3116 1232 3180 ll.)‚
1246 3132 1277 3166 ex
1288 3132 1336 3183 qua
1348 3117 1463 3167 ondens

307 3211 351 3254 aut
371 3204 424 3270 ipse
445 3202 607 3264 scholiastes,
629 3207 673 3251 aut
691 3201 712 3251 is
726 3216 797 3265 quem
809 3202 849 3251 hic
860 3208 987 3252 auctorem
1000 3201 1126 3267 sequitur,
1144 3202 1241 3253 discere
1254 3201 1363 3251 fortasse
1382 3201 1463 3268 potuit

308 3304 370 3354 quae
382 3289 412 3338 de
425 3287 482 3338 Nini
496 3302 570 3337 causa
584 3285 671 3336 relert.
688 3286 804 3336 Ceterum
817 3287 940 3353 publicam
953 3288 1015 3335 huuc
1028 3287 1183 3336 sacerdotem
1197 3285 1275 3336 luisse
1287 3302 1357 3335 neme
1368 3286 1461 3349 credet,

308 3390 356 3423 oon
367 3374 446 3437 magis
459 3388 530 3441 quam
548 3371 737 3422 Glaurotheam:
757 3372 859 3442 ἱερείας
874 3371 996 3421 vocabulo
1010 3370 1069 3420 nihil
1083 3371 1129 3420 nisi
1143 3371 1283 3422 sacrificulo
1298 3370 1459 3434 significatur.

308 3459 340 3508 ev
357 3474 388 3507 oe
400 3458 463 3508 civis
476 3457 572 3525 quidem
586 3457 694 3507 tortasse
707 3456 765 3507 luit:
779 3465 848 3507 certe
859 3473 946 3508 nomeu
958 3457 1012 3506 eius
1022 3455 1226 3522 peregrinitatem
1237 3457 1344 3522 prodere
1352 3454 1460 3507 videtur.

307 3544 378 3609 Quod
399 3559 472 3610 quam
494 3543 560 3594 lilius
581 3543 648 3606 eius,
666 3542 688 3592 ia
704 3557 779 3608 aquo
797 3550 883 3609 postca
896 3542 1022 3594 Menecles
1038 3549 1170 3593 accusatos
1184 3549 1232 3605 est,
1245 3542 1308 3592 civis
1320 3542 1374 3591 sine
1387 3541 1461 3593 dubio

306 3630 391 3693 luerit,
404 3630 563 3680 statuendum
576 3630 631 3693 erit,
645 3629 708 3678 hune
717 3635 761 3678 out
772 3626 967 3697 δημοποίηιον
979 3626 1068 3690 luisse,
1079 3634 1124 3678 aut
1135 3635 1230 3694 patrem
1244 3629 1322 3679 civem
1335 3627 1460 3677 hahuisse.

306 3715 402 3765 Scimus
420 3716 484 3765 enim
502 3716 615 3781 proximo
631 3722 689 3765 ante
706 3714 891 3780 Aristophontis
909 3713 988 3775 legem
1006 3719 1033 3762 et
1048 3712 1176 3765 Euclidem
1192 3715 1336 3763 archootcm
1349 3720 1460 3780 tempore

306 3800 431 3850 civitatem
450 3800 524 3849 etiarn
543 3798 584 3865 ils,
601 3799 641 3865 qui
654 3805 749 3864 putrem
762 3804 857 3847 tantum
870 3798 962 3861 civem,
981 3804 1084 3847 nratrcm
1101 3798 1257 3864 peregrinam
1270 3798 1399 3860 haberent,
1413 3814 1460 3847 non

306 3884 450 3946 denegatum
469 3900 526 3932 osse
545 3884 607 3941 (vid.
627 3881 711 3947 Nuth.
730 3883 748 3932 l.
760 3898 783 3947 p.
803 3881 846 3931 Gr.
866 3898 888 3948 p.
910 3882 966 3933 198.
984 3883 1083 3933 Griech.
1102 3883 1211 3933 nttortu.
1232 3884 1280 3950 lp.
1294 3882 1367 3945 359.)
1381 3898 1459 3948 oeque

305 3968 434 4033 quidquam
448 3967 541 4033 obstat,
560 3983 607 4034 que
625 3968 704 4017 rninus
722 3968 767 4017 hoc
784 3973 895 4033 tempore
913 3968 981 4019 illum
994 3968 1051 4018 Nini
1066 3968 1141 4019 lilium
1156 3977 1237 4019 natum
1250 3985 1308 4019 csse
1320 3969 1458 4023 credamus,

304 4054 375 4104 cuius
387 4054 548 4104 adversamus
561 4053 689 4104 Menecles
701 4053 722 4102 si
736 4053 799 4103 idem
813 4052 868 4117 luit,
881 4056 912 4105 de
925 4055 995 4105 cuius
1008 4054 1148 4105 hereditate
1160 4059 1232 4104 extat
1243 4052 1307 4104 lsaei
1319 4054 1409 4115 oratio,
1422 4055 1459 4103 sic

304 4155 401 4205 quoque
422 4139 540 4205 temporis
563 4137 626 4188 cotio
648 4138 770 4202 congruit.
805 4137 867 4189 Nona
880 4140 944 4189 hune
956 4155 1016 4204 ego,
1035 4154 1121 4190 comm.
1135 4140 1158 4189 in
1171 4137 1233 4189 lsse.
1247 4155 1270 4205 p.
1287 4139 1346 4205 199,
1359 4141 1460 4190 circiter

304 4239 360 4274 aen.
370 4224 419 4274 360
428 4232 551 4275 mortuum
561 4239 617 4274 esse
628 4223 741 4273 ostendi:
752 4223 782 4273 ed
793 4240 910 4275 summam
920 4232 1073 4276 senectutem
1084 4226 1229 4292 pervenisse
1238 4241 1269 4276 er
1281 4226 1334 4292 ipsa
1345 4225 1458 4275 oratione

305 4313 477 4375 cognoscitur,
495 4308 652 4377 quamobrem
671 4315 743 4359 natus
760 4311 840 4360 videri
858 4311 933 4361 debet
950 4311 1009 4360 circ.
1025 4325 1083 4360 ann.
1097 4310 1146 4360 ⁴35
1159 4316 1202 4359 aut
1212 4310 1270 4373 llll,
1283 4310 1306 4359 h.
1319 4327 1342 4361 c.
1355 4310 1459 4373 triginta

303 4397 409 4462 amplius
421 4396 493 4446 annis
505 4402 563 4445 onte
581 4394 707 4444 Euclidem
725 4396 877 4447 archontcnr.
902 4395 960 4447 Nini
977 4402 1059 4445 nutem
1077 4408 1151 4445 caeso
1166 4411 1213 4445 oon
1226 4395 1311 4446 moltis
1324 4402 1382 4446 ante
1395 4397 1459 4446 hanc

303 4482 375 4532 annis
386 4488 443 4532 acta
455 4496 512 4531 esse
525 4479 631 4530 videtur.
