3276 5144
799 378 950 480 jot>—

495 560 583 631 sado
605 558 635 629 δ’
650 558 867 652 Ἀθηναίοισι
887 560 978 651 τᾶμτλ
1000 561 1143 655 δυστυχῆ

495 666 627 755 τελετήν
648 664 815 752 γενέσθαι,
837 661 918 734 κῖίτι
937 668 996 735 τὸν
1016 665 1117 752 νόμον
1137 666 1254 752 μένειν,

495 773 611 856 χοῆρις
632 763 732 856 ι’ίγγος
751 769 932 849 Παλλάδος
952 774 1054 854 τιμᾶν
1075 768 1168 851 λεών,

294 877 387 940 ritum
400 877 459 939 hoo
471 876 593 939 nomine
608 875 740 957 designat
753 876 785 938 in
800 877 909 940 choum
924 877 1001 940 festo
1018 876 1234 953 observatum*
1243 881 1273 956 λ)
1287 878 1458 959 religiosum

294 979 377 1042 illum
400 979 529 1061 quidem,
555 979 608 1040 sed
628 985 707 1042 certe
724 996 786 1041 non
805 997 956 1042 mannum.
986 980 1088 1061 Neque
1102 981 1255 1055 Pindarus,
1276 982 1393 1063 Olymp.
1408 982 1457 1055 lll,

295 1085 333 1146 41
351 1085 427 1160 (74),
446 1083 498 1145 ubi
511 1082 671 1143 Hieronem
691 1090 865 1163 ceterosque
879 1082 1069 1144 Emmenidas
1090 1082 1191 1146 laudat
1209 1093 1314 1167 utpote
1330 1076 1460 1163 εὐσεβεῖ

295 1179 408 1270 γνώμᾳ
429 1178 659 1269 φυλάσσοντας
679 1177 835 1268 μακάρων
855 1176 998 1259 τελετάς,
1020 1185 1098 1247 aliud
1114 1186 1184 1266 quid
1199 1187 1351 1267 significat,
1367 1206 1457 1268 quam

294 1283 354 1363 τὰς
368 1279 486 1370 ἑορτὰς
498 1281 566 1348 τῶν
579 1282 679 1361 θεῶν,
694 1284 945 1366 quemadmodum
960 1293 1040 1350 recte
1051 1288 1226 1351 scholiastes
1235 1289 1457 1374 interpretatur·

294 1392 369 1455 Item
380 1391 495 1473 Olymp.
508 1387 558 1460 Xl,
571 1390 610 1450 51
623 1388 690 1450 festi
701 1387 845 1469 Olympici
860 1388 956 1470 prima
971 1390 1137 1465 celebratio,
1154 1390 1184 1452 in
1200 1408 1257 1471 qua
1272 1393 1345 1455 nihil
1359 1392 1458 1456 arcani

295 1500 365 1567 erat,
392 1485 604 1576 πρωτόγονος
623 1486 739 1553 τιλιτᾶ
762 1491 882 1554 dicitur:
913 1492 1049 1573 ethth.
1071 1491 1121 1563 lh
1143 1493 1183 1556 98
1206 1489 1335 1557 τελεταὶ
1357 1488 1458 1577 ὥριαι

295 1590 472 1670 Παλλάδος
492 1595 694 1657 Panathenaea
713 1600 793 1666 sunt,
815 1612 890 1673 quae
904 1594 976 1658 item
991 1594 1077 1658 Nem.
1093 1594 1129 1668 X,
1146 1594 1188 1657 34
1207 1591 1338 1658 τελεταὶ
1350 1587 1459 1659 Ἀθα-

294 1697 394 1762 ναίων
414 1704 566 1771 rocantur,
589 1695 657 1758 licet
676 1713 782 1758 arcana
796 1695 1071 1760 Panathenaeorum
1086 1716 1168 1761 sacra
1182 1697 1262 1761 nulla
1275 1699 1368 1761 fuisse
1383 1716 1457 1762 oon·

294 1809 361 1865 stet
407 1801 466 1864 Sed
485 1799 564 1882 quod
583 1800 616 1861 in
635 1798 728 1861 altero
747 1797 890 1860 vocabulo
904 1792 1000 1873 τέλος
1016 1800 1129 1863 factum
1152 1819 1217 1863 esse
1236 1801 1404 1875 statuimus,
1425 1810 1459 1864 ut

294 1905 473 1969 tributorum
494 1903 576 1965 notio
596 1901 633 1964 ad
652 1900 793 1964 sacrificia
814 1902 1032 1976 transferretur,
1053 1902 1082 1965 id
1104 1903 1136 1965 in
1154 1898 1285 1985 τελετήν
1303 1921 1367 1965 non
1385 1904 1458 1966 item

295 2007 439 2089 quadrare
460 2004 660 2069 confitendum
680 2010 734 2077 est,
754 2002 994 2084 quandoquidem
1014 2004 1125 2067 tributa
1148 2022 1301 2086 nunquam
1322 2007 1382 2069 hoc
1400 2024 1457 2069 uo·

295 2110 375 2173 mino
390 2109 545 2189 designari,
565 2107 618 2171 sed
632 2105 787 2189 proprium
809 2106 872 2168 eius
891 2124 980 2168 usum
1000 2107 1030 2169 in
1051 2108 1143 2171 sacris
1163 2126 1229 2170 esse
1243 2107 1385 2171 ridemus.
1413 2109 1458 2171 hd

295 2211 499 2296 explicandum
515 2217 613 2272 autem
627 2210 708 2270 hunc
722 2226 812 2270 usum
827 2209 955 2271 maxime
970 2209 1127 2293 probabilis
1142 2209 1216 2273 haec
1230 2212 1275 2273 ria
1285 2211 1410 2285 ridetur,
1424 2220 1459 2274 ut

294 2315 516 2397 proficiscamur
530 2334 546 2376 a
558 2310 726 2395 perficiendi
741 2317 771 2372 ct
786 2312 1012 2374 consummandi
1027 2313 1158 2387 notione,
1174 2332 1260 2395 quae,
1274 2321 1309 2375 ut
1323 2313 1352 2375 iu
1368 2314 1458 2377 verbo

294 2414 406 2492 τελεῖν,
430 2417 472 2478 sic
491 2416 580 2478 etiam
600 2414 631 2476 iu
652 2412 760 2474 verbali
780 2412 901 2476 nomine
925 2416 1107 2496 agnoscenda
1129 2424 1182 2477 est
1216 2411 1354 2499 Τελετῆν
1368 2418 1457 2497 igitur

295 2521 414 2605 proprie
434 2520 506 2581 nihil
527 2517 604 2581 aliud
625 2536 714 2598 quam
736 2516 948 2596 perfectionem
964 2525 993 2579 et
1007 2518 1292 2580 consummationem
1307 2538 1458 2582 sacromm

295 2624 458 2704 significare
478 2622 610 2684 dicemus
622 2620 690 2694 nt:
713 2626 747 2679 ut
766 2625 866 2680 autem
886 2619 922 2681 de
942 2620 1055 2683 arcanis
1074 2621 1262 2701 potissimum
1283 2629 1313 2683 et
1327 2622 1458 2703 mysticis

296 2727 387 2789 sacris
403 2726 460 2788 hoc
475 2719 737 2787 consummationis
753 2720 927 2782 vocabulum
948 2733 1149 2806 usurparetur,
1171 2732 1325 2807 propterea
1346 2725 1458 2788 factum

296 2848 362 2892 esse
376 2829 511 2902 arbitror,
533 2825 611 2906 quod
627 2823 734 2886 horum
752 2841 856 2885 omues
870 2825 946 2885 ritus
961 2832 1049 2906 atque
1065 2826 1258 2889 caerimoniae
1272 2828 1459 2910 praecipuam

297 2932 446 3014 quandam
460 2927 686 2993 sanctimoniam
701 2926 808 2989 habero
824 2926 954 3006 nihilque
969 2945 1073 2989 eorum
1089 2931 1166 2992 satra
1177 2930 1315 3011 religione
1327 2938 1459 3013 praeter-

296 3035 373 3097 mitti
392 3052 496 3117 posse,
523 3031 576 3094 sod
598 3030 636 3093 ad
655 3029 943 3093 consummationem
965 3030 1075 3113 pariter
1096 3033 1195 3096 omnia
1214 3033 1377 3096 necessaria
1395 3052 1459 3095 esse

296 3138 474 3199 riderentur.
518 3134 593 3196 Nam
615 3131 646 3194 in
672 3132 736 3194 aliis
760 3132 852 3194 sacris
871 3132 965 3194 multa
981 3132 1070 3195 etiam
1090 3137 1190 3197 minus
1211 3137 1376 3198 necessaria
1397 3135 1460 3198 lieri

296 3239 440 3313 solebant,
466 3255 542 3319 quae
563 3246 666 3297 uuum
691 3235 828 3297 abessent
854 3251 892 3296 an
916 3232 1054 3296 adessent
1080 3237 1116 3298 ad
1141 3256 1290 3301 summam
1312 3256 1375 3299 rem
1397 3255 1460 3301 non

296 3359 474 3422 magnopere
494 3340 643 3402 intererat.
682 3337 718 3399 ln
743 3336 850 3418 quihus
873 3343 973 3399 autem
994 3337 1067 3398 nihil
1091 3356 1152 3400 noo
1178 3359 1296 3402 summa
1320 3340 1460 3422 religione

297 3443 524 3516 observandum,
540 3450 570 3503 ot
584 3459 712 3523 quorum
727 3439 806 3502 nulla
818 3458 884 3523 pars
900 3439 1023 3502 minoris
1038 3441 1073 3503 ad
1089 3442 1375 3504 consummationem
1391 3461 1459 3505 mo·

365 3628 407 3689 22)
426 3628 477 3681 llas
497 3635 559 3681 uota
578 3635 632 3693 ost,
653 3626 775 3693 inprimis
791 3642 807 3678 ο
823 3625 981 3679 Ρλιιιιοιλιιοο
999 3627 1064 3695 apntl
1079 3625 1236 3681 Athenaeum
1253 3627 1289 3694 Χ,
1306 3628 1341 3681 tt
1358 3643 1382 3695 p.
1399 3628 1459 3680 ld'l.

297 3712 381 3767 Schol.
395 3715 527 3781 Aristoph.
539 3714 602 3765 Aah.
615 3728 640 3764 τ.
654 3713 704 3764 att
717 3712 797 3778 (960).
822 3711 950 3765 Plutarch.
963 3728 1004 3780 qu.
1017 3728 1098 3781 symp.
1110 3712 1142 3779 ll,
1156 3714 1197 3766 to.

364 3801 407 3865 23)
426 3801 495 3852 liano
512 3800 720 3867 significationem
738 3800 817 3890 etiam
831 3801 863 3851 ab
879 3799 962 3852 altero
981 3799 1105 3853 vocabulo
1123 3800 1201 3857 τέλος
1219 3814 1268 3851 non
1281 3799 1390 3855 ahenam
1402 3816 1462 3854 csso

296 3887 341 3938 vix
357 3892 398 3937 est
414 3888 479 3953 qnod
497 3901 617 3938 moneam.
644 3887 723 3953 Quam
740 3886 772 3938 olt
784 3902 837 3939 rem
850 3902 899 3938 non
912 3880 1069 3951 mirabimur,
1081 3886 1156 3938 utinm
1168 3884 1231 3949 τέλη
1244 3900 1418 3954 nonuunquam
1430 3902 1461 3940 oa

296 3971 355 4034 dici,
367 3986 431 4036 quac
443 3970 507 4023 alins
519 3972 624 4024 τελιτσλ
636 3972 721 4038 potins
733 3971 782 4022 dici
794 3969 886 4036 solent,
898 3969 970 4022 velut
981 3987 1021 4039 ap.
1033 3967 1182 4036 Sophoclem
1195 3971 1256 4022 Ood.
1270 3967 1326 4021 Col.
1341 3987 1366 4023 v.
1381 3971 1459 4023 1052:

297 4042 332 4109 οὗ
351 4051 467 4107 πότνιαι
490 4054 581 4126 σεμνὰ
602 4058 784 4120 τιθηνοῦντιιι
804 4058 867 4122 τέλη
888 4060 1047 4119 θνατοῖσιν,
1073 4043 1112 4107 ὧν
1133 4055 1180 4106 καὶ
1196 4056 1307 4123 χρυσέα
1327 4052 1391 4126 τλῇς
1412 4053 1461 4108 ent

296 4136 411 4211 γλώσσᾳ
430 4142 529 4209 βέβακε
545 4137 722 4211 προσπόλων
734 4139 933 4212 Ελμσλττιιλιῖν,
946 4144 978 4194 ad
995 4158 1067 4210 ροισι
1084 4142 1167 4193 locun
1184 4141 1265 4192 schol.
1281 4139 1344 4205 τέλη
1364 4138 1395 4193 δὲ
1413 4140 1463 4201 ute

296 4222 417 4285 τιλττάςτ
434 4229 481 4278 καλ
493 4224 649 4296 Αλσχόλος·
668 4222 794 4296 ”Εφριξ’,
810 4224 866 4298 ipsi
884 4225 916 4280 dt
931 4227 1017 4280 rorida
1032 4226 1172 4297 μυστικοῦ
1184 4226 1285 4283 τέλους.
1311 4225 1372 4281 lton
1384 4228 1461 4295 δορὶ

296 4309 330 4364 fr.
346 4327 386 4380 ap.
401 4311 470 4365 l'lnt.
487 4314 518 4365 de
535 4315 592 4365 and.
609 4321 678 4381 poet.
698 4330 720 4366 o.
732 4314 762 4368 dr
778 4309 817 4371 ὥς
831 4310 986 4381 τρισόλβιοι
1002 4318 1090 4367 κεῖνοι
1103 4312 1220 4379 βροτῶν,
1238 4312 1268 4364 οἳ
1279 4314 1369 4368 ταῦτα
1381 4312 1463 4385 dtu·

298 4398 399 4455 θέντες
409 4399 472 4464 τέλη
481 4395 588 4469 pdtoo'
602 4398 631 4456 ἐς
640 4396 744 4451 Αἴδου.
