3164 5138
677 452 721 523 id

112 645 273 728 amplius
292 647 450 709 loturam
469 664 551 709 essa
567 647 758 710 actionem:
778 656 816 710 ut
830 647 915 712 llias
935 658 969 711 et
982 648 1139 731 Odyssea
1152 649 1279 711 multas

114 749 480 830 contineantpartes‚
500 766 588 830 quae
607 752 712 813 etiam
726 770 788 831 per
807 770 843 814 se
862 770 961 815 suam
977 752 1280 832 habeantmagni·

116 854 285 917 tudinem.
340 855 560 932 Quamquam
577 854 664 916 haec
681 861 857 934 poemata,
887 863 1054 935 quantum
1073 872 1182 935 genus
1202 855 1280 936 epi·

117 976 190 1020 cnm
210 955 371 1036 recipiat
388 955 495 1017 unius
515 956 667 1019 actionis
693 956 945 1031 imitationem,
973 958 1108 1038 optime
1133 976 1279 1039 compo-

120 1058 184 1122 sita
199 1058 305 1119 sint.“
361 1057 587 1120 Consideremus
612 1059 701 1139 igitur
724 1059 808 1139 ipsos
833 1059 994 1122 Aristotelis
1019 1061 1111 1122 locos.
1165 1060 1278 1122 Horum
1298 1068 1329 1120 ta

119 1162 250 1233 alterum,
265 1160 317 1239 qui
332 1169 378 1222 est
392 1179 455 1240 cap.
473 1160 523 1235 18,
538 1180 605 1223 cum
620 1162 672 1236 iis,
686 1178 759 1240 quae
773 1180 808 1223 eu
822 1180 884 1241 cap,
900 1161 941 1224 23
955 1163 1182 1242 proposuimus,
1200 1163 1280 1224 nullo

120 1264 207 1325 modo
217 1280 355 1343 pugnare
365 1262 448 1325 iacile
459 1262 638 1343 intelligetur.
669 1259 743 1348 Χρὴ
756 1258 800 1339 δέ,
815 1263 911 1344 inquit
920 1264 1099 1337 Aristoteles,
1113 1261 1159 1349 μή
1173 1264 1283 1328 ποιεῖν

120 1359 326 1428 ίποποιικόν
339 1358 492 1449 σύσσημα
511 1356 713 1450 τραγῳδίαν·
733 1359 938 1429 ίποποιικὸν
960 1360 1096 1448 δὲλέγω
1117 1363 1157 1429 τὸ
1179 1362 1279 1430 πολύ-

119 1469 243 1547 μσθσν,
269 1451 342 1529 οἷον
369 1457 405 1529 οἷ’
428 1485 482 1541 τις
505 1463 565 1529 σὸν
588 1468 649 1551 τῆς
671 1460 811 1543 Ἰλιάδος
838 1463 913 1532 ὅλον
936 1469 1035 1531 ποιοῖ
1058 1465 1176 1549 μῦθον.
1224 1469 1283 1532 Cur

119 1573 174 1632 ltoe
188 1587 254 1631 non
269 1569 384 1643 debeat,
398 1569 475 1632 lianc
488 1570 633 1632 rationem
647 1571 739 1645 alieri,
754 1573 833 1652 quod
848 1572 879 1634 iu
894 1572 1036 1652 epopoeia
1050 1579 1172 1653 propter
1187 1573 1281 1653 ipsam

120 1671 260 1735 carminis
284 1672 500 1752 longitudinem
525 1673 612 1735 etiam
642 1673 772 1753 singulae
796 1684 894 1755 partes
920 1675 1025 1736 iustam
1052 1675 1282 1755 magnitudinem

120 1776 226 1837 habere
240 1775 375 1855 possint,
393 1774 424 1837 id
442 1776 523 1855 quod
543 1775 573 1836 in
587 1776 735 1855 tragoedia
754 1785 855 1839 contra
870 1778 917 1839 sit.
960 1777 1096 1839 Patefieri
1114 1786 1210 1841 autem
1225 1780 1284 1841 hoc

120 1880 156 1940 ait
177 1878 316 1957 exe-plo
342 1869 558 1951 contaminor
580 1872 699 1962 πέρσιν
717 1870 813 1941 Ἰλίου
836 1871 914 1963 ὅλην
935 1871 1111 1966 ἐποίησαν,
1135 1882 1164 1943 h.
1186 1902 1210 1943 e.
1233 1881 1283 1962 qni

121 1998 177 2043 una
190 1980 343 2059 mgoedia
359 2000 392 2042 ea
413 1980 511 2042 omnia
526 1980 681 2061 complecti
698 1982 856 2055 voluerint,
871 2001 943 2062 quae
958 1991 1028 2046 sumt
1042 1984 1072 2044 iu
1086 1984 1140 2046 iliu
1154 1984 1282 2046 Perside.

123 2084 263 2145 Videmus
280 2082 370 2162 igitur
383 2083 570 2145 Aristotelem
589 2084 648 2146 hoc
666 2085 731 2145 ioco
751 2102 812 2146 non
827 2085 908 2165 loqui
923 2086 959 2146 de
979 2085 1115 2148 unitate
1129 2087 1282 2149 actionis

121 2188 172 2248 sed
187 2194 308 2249 tantum
323 2186 360 2246 de
375 2186 538 2248 carminum
553 2186 753 2267 magnitudine
766 2196 796 2248 et
809 2204 956 2248 mensura.
986 2187 1085 2267 ltaque
1099 2188 1169 2251 illud
1180 2182 1284 2251 πολύ-

121 2290 232 2369 μυθον
252 2289 433 2367 atragoedia
452 2297 530 2352 arcet
547 2306 609 2351 non
627 2296 796 2369 propterea,
816 2289 895 2370 quod
915 2288 1024 2351 multae
1043 2290 1153 2353 tabulae
1167 2299 1234 2372 apte
1248 2291 1283 2353 ad

121 2392 265 2453 unitatem
281 2391 445 2470 argttmenti
460 2391 598 2472 componi
613 2409 675 2453 non
690 2392 822 2471 possint,
839 2392 890 2454 sed
907 2394 996 2472 qnod,
1011 2402 1134 2474 propter
1147 2412 1283 2457 necessa·

122 2496 193 2556 riam
214 2492 383 2572 tragoediae
402 2494 585 2569 brevitatem,
611 2494 745 2574 explicari
765 2494 927 2556 commode
945 2506 1104 2577 nequeant,
1123 2515 1286 2575 rursusque

122 2597 213 2676 epicis
228 2595 410 2657 canninibus
428 2591 469 2658 cd
490 2591 688 2677 πολύμυθον
702 2597 835 2659 concedit
852 2615 914 2659 non
929 2607 1097 2677 propterea,
1118 2600 1197 2678 quod
1213 2598 1286 2660 iaci·

122 2699 178 2761 lius
197 2699 291 2760 etiam
312 2698 342 2758 in
361 2717 466 2777 magna
485 2698 671 2761 multitudine
691 2697 853 2761 fabularum
873 2701 1035 2779 arguunenti
1053 2700 1149 2762 unitas
1165 2702 1284 2773 servari,

123 2802 175 2863 sed
194 2801 279 2881 qnod
299 2800 375 2862 iusta
396 2819 546 2874 mensura,
570 2800 680 2863 iustum
701 2801 828 2881 spatium
849 2802 953 2882 cuique
971 2801 1082 2864 tabulae
1101 2802 1286 2882 explicandae

123 2902 211 2964 tribui
238 2902 345 2982 possit
393 2903 434 2963 lle
459 2902 686 2983 compositionis
711 2903 798 2982 igitur
817 2904 953 2978 artificio,
980 2906 1016 2966 de
1035 2905 1144 2966 unitate
1163 2904 1286 2966 actionis

124 3006 249 3077 tuenda,
271 3005 331 3066 hoc
353 3003 470 3083 quidem
493 3004 558 3066 loco
580 3004 653 3066 nihil
673 3006 856 3085 praecipitur.
900 3006 999 3069 Licere
1017 3015 1130 3069 mutum
1150 3007 1190 3069 ait
1203 3007 1286 3086 epico

122 3117 238 3188 poetae,
253 3107 334 3187 quod
349 3106 457 3186 tragico
473 3124 535 3168 nou
549 3107 640 3181 liceat,
655 3115 688 3169 ut
702 3108 808 3169 multas
824 3108 933 3171 fabulas
950 3111 1168 3189 complectatur.
1211 3109 1287 3171 Rec-

124 3219 191 3271 tene
206 3216 239 3270 et
259 3209 465 3271 convenienter
484 3226 521 3270 au
541 3227 627 3271 secus
647 3210 705 3271 hoc
723 3212 786 3284 liat,
806 3212 837 3272 in
857 3212 944 3273 unius
964 3211 1106 3292 cuiusque
1119 3218 1222 3292 poetae
1237 3213 1288 3274 in-

124 3311 211 3390 genio
227 3320 258 3371 et
277 3311 405 3373 sollertia
424 3311 554 3390 positum
570 3319 627 3385 est,
646 3320 802 3393 potestque
817 3313 960 3387 accidere,
976 3321 1018 3387 ut,
1034 3314 1113 3394 quod
1128 3314 1210 3375 liceat
1225 3314 1287 3376 lieri

123 3422 175 3475 aut
188 3413 279 3474 etiam
299 3432 418 3474 neeesse
435 3413 486 3487 sit,
501 3422 612 3487 tamem
634 3414 660 3474 si
675 3415 773 3477 minus
788 3423 867 3477 recte
881 3416 939 3488 liat,
955 3416 1227 3496 reprehendendum
1241 3416 1288 3481 sit.

125 3550 167 3559 —
181 3514 285 3575 Restat
302 3515 374 3577 alter
387 3516 485 3588 locus,
500 3517 549 3595 qui
564 3524 609 3578 est
623 3536 648 3578 c.
664 3516 715 3590 26,
729 3517 758 3578 6.
803 3518 1017 3599 Comparantur
1037 3518 1075 3579 ibi
1089 3517 1165 3581 inter
1180 3539 1213 3581 se
1227 3527 1287 3581 tra-

125 3618 189 3696 gica
215 3624 247 3677 et
270 3617 352 3697 epica
377 3618 491 3697 poesis,
517 3618 729 3700 exponiturque
749 3620 854 3699 quibus
880 3621 916 3683 de
941 3620 1036 3682 causis
1055 3620 1126 3682 haec
1145 3621 1183 3683 illi
1202 3628 1288 3701 post·

126 3718 268 3799 ponenda
282 3720 420 3780 rideatur.
447 3719 558 3782 ilerum
572 3738 631 3782 uua
652 3729 710 3793 est,
730 3723 810 3801 quod
829 3722 928 3784 miuus
943 3722 974 3784 in
989 3721 1131 3802 epopoeia
1154 3742 1242 3802 quam
1258 3724 1288 3785 in

126 3820 278 3901 tragoedia
302 3821 421 3883 nudatis
448 3821 501 3882 sit:
536 3808 636 3905 ἧττον
656 3816 719 3902 μία
739 3816 879 3908 μίμησις
900 3815 922 3908 ἦ
942 3820 1007 3886 τῶν
1027 3818 1211 3887 ἐποποιῶν.
1257 3826 1288 3887 ld

126 3924 185 3985 iam
194 3923 561 4003 comprobaturexemplo:
573 3924 709 4009 σημεῖον
723 3920 769 3987 δέ·
786 3918 822 3987 ἐν
837 3922 899 4011 γὰρ
913 3917 1101 3989 ὁποιασοῦν
1115 3919 1291 3989 ἐποποιῶν

126 4016 303 4108 μιμήσεως
324 4018 462 4098 πλείους
481 4019 669 4109 τραγῳδίαι
690 4018 849 4108 γίνονται,
882 4028 911 4089 li.
934 4047 959 4089 e.
982 4028 1095 4090 nullum
1111 4035 1158 4090 est
1172 4046 1290 4090 carmen

128 4129 258 4208 epicum,
274 4145 310 4187 ex
324 4146 382 4207 quo
398 4146 461 4189 non
472 4128 571 4208 plures
582 4129 747 4209 mgoeuiae
758 4130 836 4191 liant.
864 4129 992 4192 Necesse
1006 4138 1051 4192 est
1065 4130 1153 4210 igitur
1169 4138 1291 4209 propter

127 4230 205 4291 hanc
219 4230 316 4309 ipsam
328 4248 454 4303 causam,
469 4232 548 4311 quod
564 4233 662 4312 plures
678 4239 748 4293 sunt
759 4232 789 4292 iu
800 4231 884 4311 epicc
897 4231 1023 4294 carmine
1035 4232 1155 4303 tabulae,
1167 4249 1290 4311 quarum

128 4332 205 4394 nulla
226 4332 293 4393 sine
311 4332 426 4394 actione
444 4352 512 4397 esse
525 4342 633 4412 potest,
649 4335 739 4397 totius
756 4334 894 4396 carminis
910 4334 1050 4396 unitatem
1065 4332 1211 4394 minorem
1225 4331 1288 4392 fieri
1305 4340 1338 4389 ιο

11 4432 12 4483 ἒ
129 4442 178 4497 aut
190 4433 299 4497 rideri:
322 4427 380 4498 lav
401 4427 538 4511 πλείους
564 4427 711 4516 (μύθους
731 4433 887 4515 ποιῶσι),
914 4429 998 4518 λέγω
1021 4431 1059 4498 δὲ
1081 4419 1151 4496 οἷον
1172 4424 1231 4492 ἐὰν
1252 4424 1290 4494 ἐκ
