3178 5136
95 651 153 731 pari
167 668 232 712 non
245 649 382 712 modain.
409 650 501 711 totos
516 648 694 713 oonieoeram
710 646 804 731 παρὰ
813 650 885 726 τοῖς
899 658 1011 729 [σοφοῖς
1022 657 1132 724 πασῶν
1145 637 1261 733 εὐσχη-

96 748 299 838 μονεστιίτην
314 745 500 837 πρόσοδον,
520 752 642 817 totidem
661 753 857 834 supplementi
875 753 993 827 litteris3
1013 772 1113 816 reruni
1131 757 1261 815 omissum

96 857 331 919 tenetentum
346 855 525 917 hooluorum
536 855 707 919 Philodamo
716 873 778 918 non
789 854 879 917 videri
888 874 921 917 ea
932 875 1005 937 quae
1015 872 1084 918 mor
1099 863 1262 936 sequuntur

97 961 314 1023 demonstrant.
343 957 518 1020 Proximum
531 957 639 1029 lumin,
660 956 791 1038 quamvis
805 957 992 1033 lacunosum,
1007 967 1085 1021 oerta
1100 975 1260 1040 propemo-

97 1064 164 1126 duin
178 1061 300 1125 ratione
314 1060 388 1123 mihi
401 1059 502 1123 videor
516 1058 654 1140 supplere
667 1078 767 1140 posse.
791 1059 825 1125 ln
840 1059 1017 1123 editionibns
1029 1061 1102 1123 haee
1111 1060 1261 1140 leguntur:

98 1166 204 1242 ομγὰρ
217 1165 444 1243 εὐ]σχ[ή]μοκ[ες
456 1152 542 1234 qdod
560 1152 631 1224 ἀπὸ
649 1153 817 1237 συνοικίας
837 1155 896 1225 καί
917 1159 970 1225 dot
982 1206 1075 1225 .....
1088 1182 1106 1223 ν
1127 1155 1262 1241 [δούλιον

97 1268 180 1348 ponit
193 1267 266 1345 lael
295 1256 473 1351 ἐμπειρίας
491 1252 514 1347 ἢ
533 1258 591 1326 καί
608 1256 721 1343 τέχνας
739 1256 878 1344 ἐχόντων
890 1262 1066 1350 pqdopioilo]
1082 1256 1260 1348 ἅπροπεῖςτ

98 1370 258 1443 muntia,
278 1367 306 1429 si
321 1365 502 1430 lavaronium
523 1365 636 1441 audias,
657 1366 741 1429 hace:
766 1367 893 1429 doenum
912 1372 990 1430 enim
1007 1387 1097 1450 neque
1117 1386 1136 1429 ο
1155 1384 1261 1447 mopso

100 1476 241 1535 maritatas
261 1489 354 1552 sieque
377 1490 397 1532 α
420 1487 576 1533 seruorum
595 1472 705 1551 periuri
730 1479 758 1531 et
781 1470 914 1533 doctrino
935 1471 1048 1551 pendet.
1084 1469 1261 1532 Prudentius

100 1574 297 1654 Goottlmgius
318 1573 433 1654 sequid
448 1571 553 1634 dixerit
566 1571 755 1635 Philodemus
770 1590 831 1634 non
847 1579 910 1635 tuto
926 1572 1044 1654 assequi
1059 1574 1173 1645 latetur,
1187 1571 1262 1634 disi·

100 1695 187 1740 nasse
206 1683 308 1738 autem
327 1674 481 1754 aliquando
501 1674 598 1737 locum
619 1675 658 1736 ita
676 1673 790 1737 restitui
809 1693 911 1755 posse:
935 1665 967 1737 oi
987 1670 1049 1757 γὰρ
1068 1666 1263 1759 εὐσχήμονες

101 1771 177 1843 οὐδὲ
193 1770 268 1841 ἀπὸ
283 1769 461 1853 συνοικίας,
476 1770 534 1838 καὶ
549 1769 673 1851 δόντων
687 1768 866 1857 ἐμπειρίας
878 1765 901 1860 ἢ
915 1774 972 1840 καὶ
985 1770 1099 1855 τέχνας
1113 1770 1260 1854 ἐχόντων,

100 1876 267 1967 μηδαμῶς
281 1871 460 1965 ἀπρεπεῖς,
481 1888 514 1941 ut
529 1878 717 1958 significaret:
736 1882 848 1941 καοιιι·
867 1879 915 1941 uel
929 1884 1093 1961 proeti'coiii
1110 1879 1262 1943 utilitatem

99 1995 225 2066 spectus,
244 2000 423 2064 mopsopere
436 1981 530 2062 plorat
544 1979 764 2044 contubernalem
784 1980 971 2044 bonestorum
989 1986 1125 2045 uirorum
1140 1992 1262 2063 propter

100 2098 236 2149 mium
257 2088 462 2147 σοιοαιναιιαι
485 2086 680 2165 ιαμιοίιιιιίσι
703 2094 730 2146 et
753 2087 877 2157 aruum,
901 2084 1004 2166 quilius
1020 2084 1139 2165 polleat.
1175 2084 1261 2159 llaec,

101 2189 244 2270 quoniam
258 2187 295 2250 ab
309 2187 375 2268 ipso
390 2195 509 2249 auotom
524 2194 622 2267 spreta
636 2195 714 2262 sunt,
728 2205 745 2248 a
759 2206 807 2249 me
818 2204 898 2249 nuno
908 2187 1026 2249 relutari
1038 2186 1109 2249 iiiliil
1121 2205 1197 2268 opus
1208 2197 1261 2249 est.

101 2292 230 2355 Necesse
246 2298 402 2353 astantem
418 2289 618 2352 aPhilodenio
633 2296 704 2369 post
716 2290 778 2369 agri
793 2289 946 2361 emturum,
962 2289 998 2352 de
1012 2289 1170 2369 quamodo
1182 2288 1263 2364 dixit,

102 2395 176 2458 aliud
191 2401 333 2475 quaestus
348 2410 441 2473 genus
457 2401 718 2455 commemoratum
734 2411 814 2467 esse,
835 2392 913 2472 quod
929 2400 958 2454 at
976 2392 1073 2473 ipsum
1093 2407 1155 2454 non
1173 2391 1262 2453 inho-

102 2505 219 2561 nuituin
242 2495 392 2559 iudicaret.
428 2492 476 2556 iit
495 2493 572 2557 enim
592 2493 693 2574 pausis
712 2503 782 2574 post
799 2495 946 2571 versibus,
972 2485 1055 2558 atto
1077 2491 1182 2557 ταῦτα
1203 2489 1264 2575 μὲν

103 2595 243 2681 δεύτερα
256 2592 317 2660 καί
329 2589 441 2680 τρίτοι,
461 2596 603 2677 ponitque
617 2596 684 2659 dein
699 2614 766 2659 euni
782 2606 950 2678 quaestum,
969 2616 1057 2679 quem
1072 2598 1263 2678 praestantis·

101 2703 211 2765 simum
226 2700 332 2777 habet,
346 2708 376 2762 et
389 2717 460 2780 prae
474 2717 534 2779 quo
549 2698 614 2761 illos
628 2699 715 2774 duos,
730 2699 766 2763 de
781 2701 887 2782 quibus
901 2708 984 2764 antea
999 2700 1112 2775 dixerit,
1127 2700 1187 2779 agri
1202 2699 1263 2761 oul-

103 2814 197 2867 mm
213 2803 345 2883 illudque
354 2803 487 2874 alterum,
501 2802 581 2882 quod
593 2802 695 2865 laeana
707 2802 858 2878 subtranit,
873 2803 1004 2866 seeundo
1016 2813 1129 2866 tantuin
1140 2810 1169 2864 et
1179 2802 1264 2864 tertio

101 2906 166 2968 loco
182 2905 302 2968 oenseii
316 2904 385 2968 vult
415 2904 497 2966 Hane
512 2903 550 2966 ob
565 2922 681 2967 eausam
696 2903 735 2967 ita
748 2905 845 2967 loouin
861 2906 999 2987 suppleo:
1019 2905 1064 2977 otl
1075 2907 1134 2981 μὴν
1145 2905 1264 2981 etexit]-

103 3016 203 3088 μοήες
215 2997 298 3080 otdd‘
312 2998 348 3070 ui
360 2998 610 3082 intemeratae
620 2999 679 3069 καί
691 2998 737 3069 δι’
750 2999 900 3085 niteamus,
914 2999 1092 3089 ἐμπειρίας
1106 2996 1129 3093 ἢ
1142 3002 1200 3070 καί
1210 3002 1264 3071 τέ-

104 3130 179 3189 χνας
189 3103 334 3191 ἐχόντων
343 3105 504 3193 μηδαμῶς
515 3099 693 3194 dispansis:
707 3127 768 3172 noia
780 3110 1028 3173 ouumisboiteati
1036 3121 1103 3173 niet
1113 3128 1150 3173 tte
1162 3114 1186 3173 ii
1198 3115 1264 3192 μα’·

107 3213 168 3275 dent
181 3214 309 3288 redime,
328 3215 380 3293 qui
396 3230 435 3275 eoo
449 3210 566 3273 obesus
580 3210 699 3275 mtttm
710 3215 916 3293 percipiuntur
935 3223 962 3275 et
981 3232 1000 3275 ο
1019 3217 1111 3275 servia
1126 3217 1264 3295 peritiam

104 3325 269 3379 astartem
289 3313 419 3395 aliquam
438 3313 608 3377 tolosatis
627 3332 809 3396 κορκοριιοια
834 3325 956 3397 ntipeio.
992 3314 1108 3380 Servavi
1132 3323 1264 3379 aoourate

104 3415 275 3480 minarum
290 3415 396 3497 spatia,
417 3424 446 3478 et
459 3416 568 3479 litteras
583 3433 700 3497 quoque
715 3436 831 3491 omues,
849 3418 906 3481 nisi
928 3418 1006 3499 quod
1028 3409 1102 3481 οὐδ’
1122 3410 1157 3481 oi
1175 3419 1264 3499 posui

105 3537 161 3599 pro
171 3508 345 3583 middetdi'
357 3511 390 3581 οἱ
401 3514 905 3600 prodor-‚lenissimautiumque
912 3519 1081 3583 mutatione.
1101 3520 1264 3601 Repetitam

106 3630 177 3701 post
190 3612 229 3684 οὔ
244 3612 310 3704 μήν
322 3618 505 3699 negationem
522 3611 601 3683 οὐδὲ
616 3630 649 3683 ut
663 3621 856 3702 comprobem
875 3640 964 3687 neino
983 3623 1120 3703 requiret
1148 3622 1265 3686 Σονοι-

105 3714 181 3799 νίας
193 3730 303 3785 notiim
316 3731 363 3785 est
375 3722 488 3785 insulas
502 3722 559 3785 dici
575 3742 626 3785 seu
642 3724 726 3786 aedes
742 3725 914 3806 ampliores,
933 3745 1007 3808 quae
1027 3725 1160 3808 pluribus
1180 3726 1264 3788 habi·

107 3825 209 3888 tandae
225 3824 422 3887 elooabantur.
451 3824 560 3887 Harum
576 3846 592 3887 e
606 3826 722 3888 ionariis
737 3836 912 3908 proventum
932 3828 962 3890 in
982 3828 1104 3891 urbibus
1124 3828 1265 3891 oelabrio-

105 3925 195 4005 rdms,
208 3926 289 3990 velut
299 3927 430 4003 Athenis,
446 3947 504 4008 quo
517 3945 621 4007 inagna
632 3929 855 4008 peregrinorum
870 3929 1026 3995 multitudo
1041 3929 1205 3997 confluebat
1217 3940 1267 3995 aut

106 4026 239 4108 inquilini
259 4037 342 4091 erant
361 4031 540 4110 frequentes,
562 4030 668 4110 quibus
687 4031 824 4112 proprias
844 4033 930 4111 aedes
949 4033 1057 4097 habero
1074 4051 1137 4096 non
1154 4032 1267 4109 lioahat,

106 4131 180 4193 satis
192 4133 366 4213 plerumque
381 4148 521 4211 magnum
537 4132 628 4195 luisse
642 4132 673 4194 in
689 4142 790 4215 aperto
806 4142 859 4197 est.
886 4135 949 4199 Vid.
965 4154 1072 4198 oomm.
1087 4135 1119 4199 in
1133 4135 1205 4198 lsae
1221 4154 1266 4198 or.

106 4232 149 4296 de
164 4232 277 4297 llened.
294 4234 356 4296 bei.
372 4237 400 4310 ς.
417 4233 458 4295 27
473 4253 503 4314 p.
518 4233 590 4297 213.
615 4234 841 4317 Praeponebant
854 4245 952 4301 autem
963 4238 1011 4301 his
1022 4238 1142 4301 aedibus
1154 4236 1266 4298 domini

107 4335 313 4414 utplurimum
328 4354 445 4399 mirum
461 4336 586 4417 aliquem
602 4346 653 4400 aut
667 4339 756 4403 etiam
769 4339 915 4414 libertum,
930 4340 980 4420 qui
994 4359 1043 4403 eas
1059 4338 1221 4403 custodiret
1235 4356 1269 4400 ao

107 4447 248 4513 meam,
262 4438 426 4520 locatisque
438 4439 474 4503 ab
485 4439 712 4504 inhabitantibus
724 4442 882 4523 colligeret:
894 4440 976 4522 isque
987 4443 1064 4523 apud
1076 4436 1269 4503 Athenienses
