3266 5140
764 467 964 561 -.-alt

283 655 407 717 honoris
426 653 591 733 insignibus
611 654 831 716 condecoretur.
875 649 927 711 ilis
946 650 1031 713 dietis
1046 668 1188 714 coronam
1203 652 1289 732 capiti
1305 651 1367 713 eius
1383 638 1440 714 im·

283 758 368 838 ponit
382 755 527 829 ducalem,
548 755 734 835 giadinmque
749 752 836 815 tradit
850 770 984 826 ameum,
1007 753 1152 815 exrdtante
1165 761 1194 815 et
1208 740 1368 834 gratulante
1381 770 1444 834 ρο·Ι

283 858 353 939 puio
369 858 513 920 Romano.

370 960 446 1033 Quid
462 968 558 1021 autem
573 961 704 1033 referam,
720 975 807 1039 qnam
823 956 917 1019 simile
932 956 1083 1037 triumpho
1099 958 1243 1039 reliquum
1259 976 1314 1038 per
1330 957 1440 1021 italiam

232 1080 264 1133 35
285 1070 315 1125 et
329 1062 514 1124 Germaniam
529 1063 584 1123 iter
598 1058 705 1123 tuerit?
720 1067 832 1140 quanto
846 1061 944 1122 favore
959 1059 1321 1134 aCaesareidanimiiiano,
1335 1068 1441 1141 quanta

287 1165 405 1227 caritate
426 1184 442 1225 a
457 1161 766 1243 Norimberqensibus,
790 1168 899 1241 quanta
916 1161 1041 1241 denique
1054 1162 1159 1225 taetitia
1174 1171 1203 1224 et
1217 1161 1441 1243 gratulationes

285 1267 357 1341 suis,
372 1266 491 1341 civibus,
505 1284 604 1340 uxore,
618 1263 716 1327 tiberis
731 1272 868 1342 acceptus
883 1263 930 1325 sit
950 1297 987 1307 —
1002 1262 1102 1343 Neque
1117 1282 1184 1325 vero
1201 1263 1230 1326 in
1245 1263 1282 1325 iis
1297 1262 1369 1325 mihi
1383 1263 1441 1325 im·

285 1368 461 1431 morandum
477 1376 531 1441 est,
546 1385 621 1447 quae
634 1366 776 1447 posthoc
789 1375 907 1445 tempus
921 1367 996 1427 bene
1009 1373 1039 1426 et
1052 1364 1198 1444 praeclare
1212 1364 1374 1444 aBoqislao
1389 1383 1441 1443 qe·

286 1476 330 1531 sta
352 1478 430 1532 sunt
474 1468 615 1530 Virtutem
637 1468 716 1531 enim
735 1469 789 1530 riri
809 1488 845 1530 ex
863 1466 911 1529 his
925 1484 999 1547 quae
1012 1466 1107 1529 adhue
1121 1466 1196 1529 dieta
1211 1476 1282 1529 sunt
1303 1467 1373 1529 satis
1388 1485 1441 1528 co·

285 1589 429 1651 gnoscere
444 1570 590 1650 pennatis,
605 1588 701 1651 neque
715 1572 833 1632 suerunt
847 1587 921 1651 quae
934 1569 1060 1650 posthae
1073 1567 1140 1630 tecit
1154 1567 1191 1630 ab
1201 1568 1249 1631 his
1261 1587 1335 1650 qnae
1345 1567 1442 1631 adhuc

286 1674 393 1734 iecerat
407 1671 535 1734 diversa:
551 1679 580 1733 et
594 1673 730 1735 fortunae
744 1690 863 1753 quoque
878 1672 978 1733 favore
992 1669 1023 1731 in
1038 1688 1071 1731 re
1084 1668 1200 1749 publica
1212 1669 1441 1732 administranda

285 1783 345 1837 tam
360 1774 505 1835 constanti
520 1792 593 1836 usus
608 1783 663 1849 est,
680 1784 711 1837 nt
726 1774 836 1837 telieins
851 1791 939 1853 quam
954 1770 1082 1850 Boqislai
1095 1770 1253 1852 imperinm
1267 1770 1441 1837 Pomerania

284 1875 395 1938 nultum
410 1875 522 1938 viderit.
1383 1936 1387 1943 .

370 1978 505 2040 &noma
525 1979 644 2041 demam
659 1979 784 2061 Boqistai
800 1986 879 2041 aetas
893 1985 1094 2039 renascentem
1109 1974 1180 2038 ridit
1194 1975 1375 2059 euanqeiimo
1389 1996 1440 2039 ve-

285 2080 377 2142 ritatis
393 2082 498 2155 iareem,
513 2100 529 2142 a
544 2082 690 2144 diuturnis
704 2082 771 2155 iliis,
787 2100 861 2161 quas
875 2081 920 2142 vei
935 2082 1013 2142 trans
1028 2077 1184 2140 hominum
1198 2077 1243 2140 rei
1258 2077 1371 2141 inscitia
1386 2078 1441 2142 ob·

285 2183 403 2256 isserat,
423 2183 550 2245 tenebris
564 2184 684 2247 Lutheri
702 2185 823 2263 eiusque
838 2183 1001 2245 amioomm
1014 2179 1132 2241 solertia
1146 2187 1175 2241 et
1193 2179 1363 2243 fortitudine
1376 2181 1440 2243 rin·

287 2287 423 2350 dicatam:
447 2306 583 2366 quaeres
599 2297 725 2368 quantos
740 2295 810 2348 tnnc
824 2284 989 2346 animorum
1005 2287 1116 2354 motus,
1132 2289 1254 2360 quantas
1270 2281 1376 2365 ubique
1390 2302 1437 2346 se·

286 2389 411 2451 ditiones
427 2408 461 2451 ae
475 2388 807 2461 certaminaeoncitarit,
820 2404 882 2448 non
897 2403 973 2464 opus
988 2393 1033 2446 est
1047 2402 1288 2447 commemorare.
1333 2386 1440 2449 Verum

286 2491 316 2552 in
342 2490 389 2552 his
414 2508 530 2571 qnoque
548 2491 702 2570 Bagistana
727 2489 767 2551 ita
787 2495 919 2551 versatus
943 2496 1002 2562 est,
1025 2495 1058 2548 ut
1076 2494 1105 2548 et
1124 2486 1260 2566 pietatem
1280 2495 1443 2567 praestaret

286 2611 444 2667 summam,
460 2601 489 2655 et
503 2593 677 2673 aequitatem
690 2611 726 2655 ac
740 2591 969 2654 moderationem
986 2590 1068 2652 omni
1082 2589 1166 2652 made
1179 2589 1332 2652 maiorem.
1368 2590 1443 2654 Nam

286 2713 377 2775 mum
398 2695 545 2776 religionis
566 2704 595 2757 et
608 2695 735 2758 veritatis
749 2713 803 2776 per
818 2711 937 2755 omnem
953 2693 1041 2755 vitam
1056 2691 1277 2755 amantissimus
1293 2693 1360 2766 tut,
1380 2701 1443 2755 tom

286 2798 423 2860 ecciesiae
437 2798 587 2860 Romanae
600 2796 799 2860 auctoritatam
815 2796 933 2861 maximi
947 2796 1027 2868 tecit,
1043 2805 1072 2857 et
1086 2802 1321 2876 praeceptam,
1335 2795 1442 2875 quibus

286 2917 303 2961 a
329 2907 428 2961 tenera
450 2907 543 2962 aetate
567 2900 698 2962 imbutus
718 2896 823 2972 iuerat,
848 2901 878 2960 in
898 2906 1047 2961 senectute
1063 2897 1238 2960 memoriam
1253 2915 1315 2959 non
1329 2897 1443 2961 abierit

287 2999 401 3061 tiorum
419 2998 507 3080 igitur
525 3016 616 3080 quum
635 2998 746 3061 videret
759 3018 893 3080 magnam
908 3009 1020 3080 partem
1035 3019 1051 3061 a
1066 3000 1194 3062 liuthero
1210 2999 1389 3081 impugnari,
1415 3008 1444 3063 et

289 3100 410 3162 convelli
431 3100 631 3162 auctoritatem
653 3119 774 3175 eorum,
796 3121 871 3181 qnos
887 3104 951 3183 ipse
967 3101 1096 3165 venerari
1110 3119 1228 3182 semper
1243 3112 1442 3174 consueverat,

289 3202 354 3283 qnia
369 3200 530 3275 mirabitur,
545 3203 625 3281 qnod
640 3202 953 3268 nonsubitoassensns
969 3204 1129 3285 estquod,
1144 3222 1218 3284 qnae
1232 3222 1306 3284 puer
1319 3203 1443 3267 imbibe-

288 3313 346 3377 rat,
371 3321 462 3364 senex
480 3320 541 3364 non
561 3305 658 3364 stadm
677 3304 826 3366 dediscere
840 3305 957 3384 potnit?
990 3307 1089 3387 Neque
1103 3315 1200 3368 tamen
1214 3306 1253 3368 ita
1268 3307 1372 3368 vetans
1388 3307 1446 3368 do·

289 3406 398 3467 eminae
412 3415 499 3466 tenax
511 3413 582 3476 erat,
596 3414 630 3466 ut
643 3405 721 3471 iilam
735 3429 841 3473 noram
856 3427 978 3489 prorsus
993 3417 1211 3488 aspernaretur.
1248 3407 1374 3470 Mediam
1388 3408 1444 3471 sihi

288 3508 363 3568 viam
380 3506 559 3585 sequendam
575 3506 689 3581 statuit,
709 3520 743 3573 ot
757 3512 828 3573 nihil
841 3529 936 3588 neque
949 3510 1092 3590 arriperet
1106 3519 1228 3583 tamem,
1246 3526 1341 3589 neque
1354 3528 1444 3590 repn-

289 3608 388 3670 dtaret
410 3607 511 3688 ltaque
527 3627 617 3688 quum
632 3611 662 3672 in
679 3609 948 3674 wormaciensibus
962 3610 1026 3673 istis
1041 3610 1177 3683 comitiis,
1193 3610 1301 3691 quibus
1316 3610 1381 3691 ipse
1395 3612 1443 3677 in·

288 3709 400 3785 terioit,
420 3709 540 3772 Lntheri
554 3712 716 3775 doctrinam
732 3723 760 3773 et
779 3711 873 3792 ipsius
887 3712 1075 3792 imperatoris
1090 3722 1119 3775 et
1136 3713 1330 3793 plurimorum
1351 3715 1444 3777 eccie-

289 3811 349 3873 siae
369 3819 456 3893 atque
476 3813 592 3893 imperii
613 3814 778 3894 principum
802 3813 947 3892 suffragiis
966 3813 1188 3877 condemnatam
1203 3814 1328 3889 rideret,
1353 3816 1444 3879 libros

289 3914 353 3977 eius
367 3915 481 3995 publice
495 3915 683 3989 combustos,
699 3917 899 3998 proscriptum
914 3915 1011 3996 ipsum
1027 3924 1056 3977 et
1069 3916 1114 3977 vix
1130 3916 1364 3980 adversariorum
1379 3937 1444 3980 ma·

289 4014 538 4097 nibusereptum,
565 4017 602 4078 ita
618 4025 688 4079 tamo
702 4017 869 4081 Wormacia
883 4017 1031 4089 discessit,
1057 4025 1090 4079 nt
1105 4018 1241 4080 standum
1256 4020 1374 4099 quidem
1389 4018 1444 4083 sihi

290 4127 424 4180 censeret
439 4118 626 4179 comitiomm
640 4118 779 4191 decretis,
796 4136 891 4201 neque
905 4128 1001 4183 tamen
1016 4120 1176 4201 quidquam
1190 4128 1373 4195 contraeas,
1396 4123 1446 4202 qui

288 4218 492 4291 dissentirent,
512 4219 651 4281 violenter
670 4229 755 4302 atque
771 4221 1090 4307 hostiliterageadum.
1134 4222 1208 4285 Nam
1226 4223 1376 4287 veritatem
1392 4244 1446 4287 sna

288 4320 385 4402 ipsam
409 4330 513 4384 natura
531 4322 603 4384 satis
623 4332 715 4386 tutam
735 4334 821 4406 atque
841 4326 983 4397 monitam
1002 4314 1066 4386 scre
1086 4324 1266 4400 mandatas,
1292 4327 1328 4387 ab
1346 4344 1447 4389 errore

289 4431 385 4484 auen
400 4422 428 4483 u
442 4430 528 4504 aequa
542 4424 629 4487 mina
644 4426 783 4490 sanem
797 4444 859 4489 non
875 4426 986 4497 mrem
1000 4408 1115 4489 ammos
1130 4427 1295 4503 namnum,
1310 4429 1360 4492 aaa
1376 4448 1444 4510 par-
