<?xml version="1.0" encoding="UTF-8"?>
<!DOCTYPE html PUBLIC "-//W3C//DTD XHTML 1.0 Transitional//EN"
    "http://www.w3.org/TR/xhtml1/DTD/xhtml1-transitional.dtd">
<html xmlns="http://www.w3.org/1999/xhtml" xml:lang="en" lang="en">
 <head>
  <title>
</title>
<meta http-equiv="Content-Type" content="text/html;charset=utf-8" />
  <meta name='ocr-system' content='tesseract 3.04.00' />
  <meta name='ocr-capabilities' content='ocr_page ocr_carea ocr_par ocr_line ocrx_word'/>
</head>
<body>
  <div class='ocr_page' id='page_1' title='image "./opusculaacademi00schogoog_0298.png"; bbox 0 0 3154 5138; ppageno 0'>
   <div class='ocr_carea' id='block_1_1' title="bbox 750 226 769 263">
    <p class='ocr_par' dir='ltr' id='par_1_1' title="bbox 750 226 769 263">
     <span class='ocr_line' id='line_1_1' title="bbox 750 226 769 263; baseline 0 0"><span class='ocrx_word' id='word_1_1' title='bbox 750 226 769 263; x_wconf 68' lang='grc' dir='ltr'><em>Ι</em></span> 
     </span>
    </p>
   </div>
   <div class='ocr_carea' id='block_1_2' title="bbox 592 458 790 555">
    <p class='ocr_par' dir='ltr' id='par_1_2' title="bbox 592 458 790 555">
     <span class='ocr_line' id='line_1_2' title="bbox 592 458 790 555; baseline 0 0"><span class='ocrx_word' id='word_1_2' title='bbox 592 458 790 555; x_wconf 58' lang='grc' dir='ltr'><strong>,3.θί-</strong></span> 
     </span>
    </p>
   </div>
   <div class='ocr_carea' id='block_1_3' title="bbox 109 644 1315 3601">
    <p class='ocr_par' dir='ltr' id='par_1_3' title="bbox 109 644 1268 2161">
     <span class='ocr_line' id='line_1_3' title="bbox 112 644 1268 728; baseline 0 -19"><span class='ocrx_word' id='word_1_3' title='bbox 112 646 201 709; x_wconf 73' lang='lat' dir='ltr'><strong>nulus</strong></span> <span class='ocrx_word' id='word_1_4' title='bbox 221 664 289 710; x_wconf 84' lang='lat' dir='ltr'><strong>csse</strong></span> <span class='ocrx_word' id='word_1_5' title='bbox 306 654 424 711; x_wconf 70' lang='lat' dir='ltr'><strong>monica</strong></span> <span class='ocrx_word' id='word_1_6' title='bbox 445 645 590 723; x_wconf 74' lang='lat' dir='ltr'><strong>docuerit,</strong></span> <span class='ocrx_word' id='word_1_7' title='bbox 609 646 689 709; x_wconf 86' lang='lat' dir='ltr'><strong>alind</strong></span> <span class='ocrx_word' id='word_1_8' title='bbox 708 645 778 728; x_wconf 79' lang='lat' dir='ltr'><strong>quo</strong></span> <span class='ocrx_word' id='word_1_9' title='bbox 796 645 832 708; x_wconf 80' lang='lat' dir='ltr'><strong>do</strong></span> <span class='ocrx_word' id='word_1_10' title='bbox 851 644 956 711; x_wconf 85' lang='lat' dir='ltr'><strong>iisdem</strong></span> <span class='ocrx_word' id='word_1_11' title='bbox 975 646 1120 710; x_wconf 73' lang='lat' dir='ltr'><strong>dicturum</strong></span> <span class='ocrx_word' id='word_1_12' title='bbox 1138 666 1220 721; x_wconf 87' lang='lat' dir='ltr'><strong>esso,</strong></span> <span class='ocrx_word' id='word_1_13' title='bbox 1239 654 1268 709; x_wconf 90' lang='lat' dir='ltr'><strong>et</strong></span> 
     </span>
     <span class='ocr_line' id='line_1_4' title="bbox 113 748 1266 830; baseline -0.003 -16"><span class='ocrx_word' id='word_1_14' title='bbox 113 750 242 830; x_wconf 71' lang='lat' dir='ltr'><strong>uitem,</strong></span> <span class='ocrx_word' id='word_1_15' title='bbox 257 758 293 814; x_wconf 90' lang='lat' dir='ltr'><strong>ut</strong></span> <span class='ocrx_word' id='word_1_16' title='bbox 305 751 448 825; x_wconf 72' lang='lat' dir='ltr'><strong>arbitror,</strong></span> <span class='ocrx_word' id='word_1_17' title='bbox 463 750 536 814; x_wconf 86' lang='lat' dir='ltr'><strong>boc:</strong></span> <span class='ocrx_word' id='word_1_18' title='bbox 550 750 578 813; x_wconf 89' lang='lat' dir='ltr'><strong>si</strong></span> <span class='ocrx_word' id='word_1_19' title='bbox 587 749 714 813; x_wconf 65' lang='lat' dir='ltr'><strong>monmc</strong></span> <span class='ocrx_word' id='word_1_20' title='bbox 728 748 802 824; x_wconf 88' lang='lat' dir='ltr'><strong>sint,</strong></span> <span class='ocrx_word' id='word_1_21' title='bbox 815 748 907 813; x_wconf 82' lang='lat' dir='ltr'><strong>nihilo</strong></span> <span class='ocrx_word' id='word_1_22' title='bbox 921 749 1014 830; x_wconf 78' lang='lat' dir='ltr'><strong>magis</strong></span> <span class='ocrx_word' id='word_1_23' title='bbox 1029 759 1129 812; x_wconf 87' lang='lat' dir='ltr'><strong>tamen</strong></span> <span class='ocrx_word' id='word_1_24' title='bbox 1142 749 1172 811; x_wconf 85' lang='lat' dir='ltr'><strong>iu</strong></span> <span class='ocrx_word' id='word_1_25' title='bbox 1188 749 1266 829; x_wconf 82' lang='lat' dir='ltr'><strong>quod</strong></span> 
     </span>
     <span class='ocr_line' id='line_1_5' title="bbox 111 851 1267 935; baseline -0.001 -20"><span class='ocrx_word' id='word_1_26' title='bbox 111 851 267 917; x_wconf 70' lang='lat' dir='ltr'><strong>mesore</strong></span> <span class='ocrx_word' id='word_1_27' title='bbox 281 854 382 929; x_wconf 83' lang='lat' dir='ltr'><strong>velint,</strong></span> <span class='ocrx_word' id='word_1_28' title='bbox 396 855 485 917; x_wconf 75' lang='lat' dir='ltr'><strong>stutui</strong></span> <span class='ocrx_word' id='word_1_29' title='bbox 499 853 535 916; x_wconf 81' lang='lat' dir='ltr'><strong>tle</strong></span> <span class='ocrx_word' id='word_1_30' title='bbox 548 853 584 917; x_wconf 87' lang='lat' dir='ltr'><strong>iis</strong></span> <span class='ocrx_word' id='word_1_31' title='bbox 599 872 699 935; x_wconf 84' lang='lat' dir='ltr'><strong>posse.</strong></span> <span class='ocrx_word' id='word_1_32' title='bbox 727 851 837 915; x_wconf 81' lang='lat' dir='ltr'><strong>lleintle</strong></span> <span class='ocrx_word' id='word_1_33' title='bbox 851 860 1002 933; x_wconf 82' lang='lat' dir='ltr'><strong>postrema</strong></span> <span class='ocrx_word' id='word_1_34' title='bbox 1015 852 1114 927; x_wconf 79' lang='lat' dir='ltr'><strong>verbs,</strong></span> <span class='ocrx_word' id='word_1_35' title='bbox 1128 853 1176 915; x_wconf 86' lang='lat' dir='ltr'><strong>ita</strong></span> <span class='ocrx_word' id='word_1_36' title='bbox 1190 851 1267 915; x_wconf 89' lang='lat' dir='ltr'><strong>nul·</strong></span> 
     </span>
     <span class='ocr_line' id='line_1_6' title="bbox 110 954 1268 1036; baseline 0.002 -22"><span class='ocrx_word' id='word_1_37' title='bbox 110 954 172 1018; x_wconf 90' lang='lat' dir='ltr'><strong>lum</strong></span> <span class='ocrx_word' id='word_1_38' title='bbox 187 956 312 1031; x_wconf 78' lang='lat' dir='ltr'><strong>inane,</strong></span> <span class='ocrx_word' id='word_1_39' title='bbox 329 956 420 1020; x_wconf 89' lang='lat' dir='ltr'><strong>nihil</strong></span> <span class='ocrx_word' id='word_1_40' title='bbox 439 954 663 1020; x_wconf 81' lang='lat' dir='ltr'><strong>individuum</strong></span> <span class='ocrx_word' id='word_1_41' title='bbox 681 975 763 1018; x_wconf 88' lang='lat' dir='ltr'><strong>esse</strong></span> <span class='ocrx_word' id='word_1_42' title='bbox 780 963 915 1036; x_wconf 88' lang='lat' dir='ltr'><strong>potest,</strong></span> <span class='ocrx_word' id='word_1_43' title='bbox 934 955 1095 1019; x_wconf 85' lang='lat' dir='ltr'><strong>ostendunt</strong></span> <span class='ocrx_word' id='word_1_44' title='bbox 1114 955 1268 1035; x_wconf 85' lang='lat' dir='ltr'><strong>utriusque</strong></span> 
     </span>
     <span class='ocr_line' id='line_1_7' title="bbox 109 1056 1266 1140; baseline 0 -21"><span class='ocrx_word' id='word_1_45' title='bbox 109 1057 143 1119; x_wconf 87' lang='lat' dir='ltr'><strong>rei</strong></span> <span class='ocrx_word' id='word_1_46' title='bbox 154 1058 355 1139; x_wconf 68' lang='lat' dir='ltr'><strong>probationes</strong></span> <span class='ocrx_word' id='word_1_47' title='bbox 370 1058 540 1140; x_wconf 78' lang='lat' dir='ltr'><strong>propositos</strong></span> <span class='ocrx_word' id='word_1_48' title='bbox 553 1057 660 1133; x_wconf 81' lang='lat' dir='ltr'><strong>fuisse,</strong></span> <span class='ocrx_word' id='word_1_49' title='bbox 677 1076 753 1134; x_wconf 85' lang='lat' dir='ltr'><strong>son,</strong></span> <span class='ocrx_word' id='word_1_50' title='bbox 768 1066 801 1121; x_wconf 92' lang='lat' dir='ltr'><strong>ut</strong></span> <span class='ocrx_word' id='word_1_51' title='bbox 814 1058 1001 1121; x_wconf 83' lang='lat' dir='ltr'><strong>lleinclorlins</strong></span> <span class='ocrx_word' id='word_1_52' title='bbox 1016 1058 1121 1132; x_wconf 83' lang='lat' dir='ltr'><strong>voluit,</strong></span> <span class='ocrx_word' id='word_1_53' title='bbox 1135 1056 1266 1129; x_wconf 83' lang='lat' dir='ltr'><strong>alterum,</strong></span> 
     </span>
     <span class='ocr_line' id='line_1_8' title="bbox 109 1159 1268 1243; baseline -0.002 -20"><span class='ocrx_word' id='word_1_54' title='bbox 109 1166 249 1241; x_wconf 66' lang='lat' dir='ltr'><strong>taquam</strong></span> <span class='ocrx_word' id='word_1_55' title='bbox 268 1161 365 1243; x_wconf 86' lang='lat' dir='ltr'><strong>ipsam</strong></span> <span class='ocrx_word' id='word_1_56' title='bbox 383 1182 438 1243; x_wconf 82' lang='lat' dir='ltr'><strong>per</strong></span> <span class='ocrx_word' id='word_1_57' title='bbox 456 1180 489 1225; x_wconf 87' lang='lat' dir='ltr'><strong>ao</strong></span> <span class='ocrx_word' id='word_1_58' title='bbox 508 1161 707 1236; x_wconf 76' lang='lat' dir='ltr'><strong>manifestam,</strong></span> <span class='ocrx_word' id='word_1_59' title='bbox 730 1160 935 1225; x_wconf 82' lang='lat' dir='ltr'><strong>tantummodo</strong></span> <span class='ocrx_word' id='word_1_60' title='bbox 958 1160 1075 1223; x_wconf 74' lang='lat' dir='ltr'><strong>alterium</strong></span> <span class='ocrx_word' id='word_1_61' title='bbox 1099 1159 1268 1241; x_wconf 79' lang='lat' dir='ltr'><strong>probandae</strong></span> 
     </span>
     <span class='ocr_line' id='line_1_9' title="bbox 109 1262 1266 1346; baseline -0.001 -21"><span class='ocrx_word' id='word_1_62' title='bbox 109 1280 193 1326; x_wconf 69' lang='lat' dir='ltr'><strong>ausa</strong></span> <span class='ocrx_word' id='word_1_63' title='bbox 208 1273 404 1346; x_wconf 60' lang='lat' dir='ltr'><strong>asumptum</strong></span> <span class='ocrx_word' id='word_1_64' title='bbox 431 1265 531 1345; x_wconf 85' lang='lat' dir='ltr'><strong>ltaque</strong></span> <span class='ocrx_word' id='word_1_65' title='bbox 544 1281 636 1344; x_wconf 82' lang='lat' dir='ltr'><strong>quom</strong></span> <span class='ocrx_word' id='word_1_66' title='bbox 650 1263 775 1327; x_wconf 81' lang='lat' dir='ltr'><strong>drabitcri</strong></span> <span class='ocrx_word' id='word_1_67' title='bbox 791 1281 854 1327; x_wconf 92' lang='lat' dir='ltr'><strong>non</strong></span> <span class='ocrx_word' id='word_1_68' title='bbox 872 1262 968 1344; x_wconf 80' lang='lat' dir='ltr'><strong>possit</strong></span> <span class='ocrx_word' id='word_1_69' title='bbox 985 1263 1084 1327; x_wconf 89' lang='lat' dir='ltr'><strong>locum</strong></span> <span class='ocrx_word' id='word_1_70' title='bbox 1102 1262 1266 1325; x_wconf 84' lang='lat' dir='ltr'><strong>mutilatum</strong></span> 
     </span>
     <span class='ocr_line' id='line_1_10' title="bbox 109 1364 1267 1448; baseline -0.003 -19"><span class='ocrx_word' id='word_1_71' title='bbox 109 1384 182 1440; x_wconf 84' lang='lat' dir='ltr'><strong>asse,</strong></span> <span class='ocrx_word' id='word_1_72' title='bbox 213 1375 331 1448; x_wconf 86' lang='lat' dir='ltr'><strong>partem</strong></span> <span class='ocrx_word' id='word_1_73' title='bbox 359 1366 618 1448; x_wconf 71' lang='lat' dir='ltr'><strong>argumentationis</strong></span> <span class='ocrx_word' id='word_1_74' title='bbox 645 1367 783 1447; x_wconf 86' lang='lat' dir='ltr'><strong>supplere</strong></span> <span class='ocrx_word' id='word_1_75' title='bbox 808 1365 972 1446; x_wconf 80' lang='lat' dir='ltr'><strong>poterimus</strong></span> <span class='ocrx_word' id='word_1_76' title='bbox 999 1365 1094 1446; x_wconf 85' lang='lat' dir='ltr'><strong>ipsius</strong></span> <span class='ocrx_word' id='word_1_77' title='bbox 1119 1364 1267 1428; x_wconf 75' lang='lat' dir='ltr'><strong>Ciceronis</strong></span> 
     </span>
     <span class='ocr_line' id='line_1_11' title="bbox 110 1466 1267 1550; baseline -0.003 -19"><span class='ocrx_word' id='word_1_78' title='bbox 110 1468 218 1543; x_wconf 68' lang='lat' dir='ltr'><strong>verbm,</strong></span> <span class='ocrx_word' id='word_1_79' title='bbox 232 1470 321 1533; x_wconf 70' lang='lat' dir='ltr'><strong>trad.</strong></span> <span class='ocrx_word' id='word_1_80' title='bbox 337 1469 359 1543; x_wconf 85' lang='lat' dir='ltr'><strong>l,</strong></span> <span class='ocrx_word' id='word_1_81' title='bbox 375 1471 404 1543; x_wconf 83' lang='grc'><strong>7,</strong></span> <span class='ocrx_word' id='word_1_82' title='bbox 418 1470 473 1532; x_wconf 79' lang='lat'><strong>27:</strong></span> <span class='ocrx_word' id='word_1_83' title='bbox 488 1487 577 1550; x_wconf 84' lang='lat' dir='ltr'><strong>quae</strong></span> <span class='ocrx_word' id='word_1_84' title='bbox 591 1469 742 1549; x_wconf 86' lang='lat' dir='ltr'><strong>primum</strong></span> <span class='ocrx_word' id='word_1_85' title='bbox 757 1468 874 1531; x_wconf 88' lang='lat' dir='ltr'><strong>nullas</strong></span> <span class='ocrx_word' id='word_1_86' title='bbox 889 1474 987 1531; x_wconf 86' lang='lat' dir='ltr'><strong>sunt:</strong></span> <span class='ocrx_word' id='word_1_87' title='bbox 1002 1466 1091 1529; x_wconf 85' lang='lat' dir='ltr'><strong>nihil</strong></span> <span class='ocrx_word' id='word_1_88' title='bbox 1104 1476 1160 1530; x_wconf 88' lang='lat' dir='ltr'><strong>est</strong></span> <span class='ocrx_word' id='word_1_89' title='bbox 1174 1467 1267 1529; x_wconf 88' lang='lat' dir='ltr'><strong>enim</strong></span> 
     </span>
     <span class='ocr_line' id='line_1_12' title="bbox 109 1569 1267 1653; baseline 0.001 -23"><span class='ocrx_word' id='word_1_90' title='bbox 109 1572 138 1631; x_wconf 76' lang='lat' dir='ltr'><strong>is</strong></span> <span class='ocrx_word' id='word_1_91' title='bbox 150 1589 281 1634; x_wconf 71' lang='lat' dir='ltr'><strong>rerum</strong></span> <span class='ocrx_word' id='word_1_92' title='bbox 292 1581 428 1635; x_wconf 78' lang='lat' dir='ltr'><strong>ustura</strong></span> <span class='ocrx_word' id='word_1_93' title='bbox 439 1574 632 1643; x_wconf 75' lang='lat' dir='ltr'><strong>minimum,</strong></span> <span class='ocrx_word' id='word_1_94' title='bbox 648 1572 739 1653; x_wconf 78' lang='lat' dir='ltr'><strong>quoti</strong></span> <span class='ocrx_word' id='word_1_95' title='bbox 753 1572 867 1634; x_wconf 70' lang='lat' dir='ltr'><strong>ututur·</strong></span> <span class='ocrx_word' id='word_1_96' title='bbox 878 1580 1039 1651; x_wconf 65' lang='lat' dir='ltr'><strong>uegetum</strong></span> <span class='ocrx_word' id='word_1_97' title='bbox 1054 1569 1183 1650; x_wconf 84' lang='lat' dir='ltr'><strong>reliquae</strong></span> <span class='ocrx_word' id='word_1_98' title='bbox 1196 1587 1267 1648; x_wconf 89' lang='lat' dir='ltr'><strong>par-</strong></span> 
     </span>
     <span class='ocr_line' id='line_1_13' title="bbox 109 1670 1266 1754; baseline -0.004 -18"><span class='ocrx_word' id='word_1_99' title='bbox 109 1673 140 1736; x_wconf 90' lang='lat' dir='ltr'><strong>tis</strong></span> <span class='ocrx_word' id='word_1_100' title='bbox 154 1673 255 1754; x_wconf 80' lang='lat' dir='ltr'><strong>qualia</strong></span> <span class='ocrx_word' id='word_1_101' title='bbox 270 1674 414 1737; x_wconf 82' lang='lat' dir='ltr'><strong>sententis</strong></span> <span class='ocrx_word' id='word_1_102' title='bbox 428 1674 526 1749; x_wconf 84' lang='lat' dir='ltr'><strong>tuerit,</strong></span> <span class='ocrx_word' id='word_1_103' title='bbox 545 1672 734 1754; x_wconf 80' lang='lat' dir='ltr'><strong>probabiliter</strong></span> <span class='ocrx_word' id='word_1_104' title='bbox 747 1672 853 1737; x_wconf 77' lang='lat' dir='ltr'><strong>coniicr&#39;</strong></span> <span class='ocrx_word' id='word_1_105' title='bbox 865 1680 977 1753; x_wconf 88' lang='lat' dir='ltr'><strong>potest:</strong></span> <span class='ocrx_word' id='word_1_106' title='bbox 993 1671 1079 1733; x_wconf 82' lang='lat' dir='ltr'><strong>verba</strong></span> <span class='ocrx_word' id='word_1_107' title='bbox 1094 1670 1159 1750; x_wconf 86' lang='lat' dir='ltr'><strong>ipss</strong></span> <span class='ocrx_word' id='word_1_108' title='bbox 1178 1688 1266 1737; x_wconf 87' lang='lat' dir='ltr'><strong>nemo</strong></span> 
     </span>
     <span class='ocr_line' id='line_1_14' title="bbox 110 1772 1268 1857; baseline -0.001 -19"><span class='ocrx_word' id='word_1_109' title='bbox 110 1796 136 1838; x_wconf 84' lang='lat' dir='ltr'><strong>se</strong></span> <span class='ocrx_word' id='word_1_110' title='bbox 159 1775 320 1839; x_wconf 85' lang='lat' dir='ltr'><strong>restituere</strong></span> <span class='ocrx_word' id='word_1_111' title='bbox 341 1794 433 1856; x_wconf 84' lang='lat' dir='ltr'><strong>posse</strong></span> <span class='ocrx_word' id='word_1_112' title='bbox 456 1775 594 1857; x_wconf 68' lang='lat' dir='ltr'><strong>sperabit.</strong></span> <span class='ocrx_word' id='word_1_113' title='bbox 634 1776 691 1838; x_wconf 89' lang='lat' dir='ltr'><strong>Sed</strong></span> <span class='ocrx_word' id='word_1_114' title='bbox 718 1775 862 1856; x_wconf 87' lang='lat' dir='ltr'><strong>scriptum</strong></span> <span class='ocrx_word' id='word_1_115' title='bbox 889 1774 980 1837; x_wconf 76' lang='lat' dir='ltr'><strong>misse</strong></span> <span class='ocrx_word' id='word_1_116' title='bbox 1004 1772 1174 1837; x_wconf 86' lang='lat' dir='ltr'><strong>huiusmodi</strong></span> <span class='ocrx_word' id='word_1_117' title='bbox 1197 1773 1268 1854; x_wconf 77' lang='lat' dir='ltr'><strong>quic</strong></span> 
     </span>
     <span class='ocr_line' id='line_1_15' title="bbox 110 1878 1266 1959; baseline -0.001 -19"><span class='ocrx_word' id='word_1_118' title='bbox 110 1878 234 1941; x_wconf 71' lang='lat' dir='ltr'><strong>orlemr:</strong></span> <span class='ocrx_word' id='word_1_119' title='bbox 255 1879 394 1951; x_wconf 77' lang='lat' dir='ltr'><strong>deiude,</strong></span> <span class='ocrx_word' id='word_1_120' title='bbox 408 1890 447 1942; x_wconf 84' lang='lat' dir='ltr'><strong>ut</strong></span> <span class='ocrx_word' id='word_1_121' title='bbox 457 1883 542 1950; x_wconf 75' lang='lat' dir='ltr'><strong>stet,</strong></span> <span class='ocrx_word' id='word_1_122' title='bbox 556 1881 693 1941; x_wconf 80' lang='lat' dir='ltr'><strong>moveri</strong></span> <span class='ocrx_word' id='word_1_123' title='bbox 701 1896 768 1959; x_wconf 81' lang='lat' dir='ltr'><strong>per</strong></span> <span class='ocrx_word' id='word_1_124' title='bbox 781 1881 887 1942; x_wconf 76' lang='lat' dir='ltr'><strong>istane</strong></span> <span class='ocrx_word' id='word_1_125' title='bbox 900 1889 1138 1959; x_wconf 66' lang='lat' dir='ltr'><strong>conpescunt,</strong></span> <span class='ocrx_word' id='word_1_126' title='bbox 1153 1881 1266 1959; x_wconf 74' lang='lat' dir='ltr'><strong>sigui·</strong></span> 
     </span>
     <span class='ocr_line' id='line_1_16' title="bbox 110 1979 1264 2062; baseline 0.001 -20"><span class='ocrx_word' id='word_1_127' title='bbox 110 1981 472 2052; x_wconf 57' lang='lat' dir='ltr'><strong>dessiccabitur,</strong></span> <span class='ocrx_word' id='word_1_128' title='bbox 495 1982 589 2060; x_wconf 82' lang='lat' dir='ltr'><strong>quod</strong></span> <span class='ocrx_word' id='word_1_129' title='bbox 610 1989 711 2045; x_wconf 82' lang='lat' dir='ltr'><strong>vacet</strong></span> <span class='ocrx_word' id='word_1_130' title='bbox 730 1998 897 2062; x_wconf 86' lang='lat' dir='ltr'><strong>corpora:</strong></span> <span class='ocrx_word' id='word_1_131' title='bbox 917 1979 1130 2060; x_wconf 80' lang='lat' dir='ltr'><strong>corporibus</strong></span> <span class='ocrx_word' id='word_1_132' title='bbox 1150 1987 1264 2044; x_wconf 88' lang='lat' dir='ltr'><strong>sutem</strong></span> 
     </span>
     <span class='ocr_line' id='line_1_17' title="bbox 111 2083 739 2161; baseline 0.002 -16"><span class='ocrx_word' id='word_1_133' title='bbox 111 2084 226 2147; x_wconf 87' lang='lat' dir='ltr'><strong>omnis</strong></span> <span class='ocrx_word' id='word_1_134' title='bbox 242 2083 432 2146; x_wconf 77' lang='lat' dir='ltr'><strong>obsidetur</strong></span> <span class='ocrx_word' id='word_1_135' title='bbox 444 2084 559 2159; x_wconf 83' lang='lat' dir='ltr'><strong>locus3</strong></span> <span class='ocrx_word' id='word_1_136' title='bbox 574 2083 622 2146; x_wconf 90' lang='lat' dir='ltr'><strong>ita</strong></span> <span class='ocrx_word' id='word_1_137' title='bbox 635 2091 698 2147; x_wconf 82' lang='lat' dir='ltr'><strong>etc</strong></span> <span class='ocrx_word' id='word_1_138' title='bbox 709 2085 739 2161; x_wconf 77' lang='grc' dir='ltr'><strong>θ)</strong></span> 
     </span>
    </p>

    <p class='ocr_par' dir='ltr' id='par_1_4' title="bbox 111 2184 1315 3601">
     <span class='ocr_line' id='line_1_18' title="bbox 187 2184 1267 2265; baseline -0.002 -18"><span class='ocrx_word' id='word_1_139' title='bbox 187 2185 278 2260; x_wconf 80' lang='lat' dir='ltr'><strong>l,2‘l‚</strong></span> <span class='ocrx_word' id='word_1_140' title='bbox 290 2186 340 2247; x_wconf 81' lang='lat'><strong>77.</strong></span> <span class='ocrx_word' id='word_1_141' title='bbox 365 2186 533 2265; x_wconf 79' lang='lat' dir='ltr'><strong>Arripera</strong></span> <span class='ocrx_word' id='word_1_142' title='bbox 546 2186 638 2249; x_wconf 88' lang='lat' dir='ltr'><strong>onim</strong></span> <span class='ocrx_word' id='word_1_143' title='bbox 653 2186 738 2249; x_wconf 88' lang='lat' dir='ltr'><strong>milri</strong></span> <span class='ocrx_word' id='word_1_144' title='bbox 753 2184 920 2248; x_wconf 81' lang='lat' dir='ltr'><strong>videmini</strong></span> <span class='ocrx_word' id='word_1_145' title='bbox 936 2184 1039 2264; x_wconf 87' lang='lat' dir='ltr'><strong>quasi</strong></span> <span class='ocrx_word' id='word_1_146' title='bbox 1053 2192 1174 2248; x_wconf 88' lang='lat' dir='ltr'><strong>vestro</strong></span> <span class='ocrx_word' id='word_1_147' title='bbox 1189 2185 1267 2247; x_wconf 92' lang='lat' dir='ltr'><strong>iuro</strong></span> 
     </span>
     <span class='ocr_line' id='line_1_19' title="bbox 111 2285 1265 2367; baseline -0.002 -18"><span class='ocrx_word' id='word_1_148' title='bbox 111 2307 175 2351; x_wconf 85' lang='lat' dir='ltr'><strong>rem</strong></span> <span class='ocrx_word' id='word_1_149' title='bbox 193 2288 296 2351; x_wconf 89' lang='lat' dir='ltr'><strong>nullo</strong></span> <span class='ocrx_word' id='word_1_150' title='bbox 316 2287 421 2350; x_wconf 83' lang='lat' dir='ltr'><strong>modo</strong></span> <span class='ocrx_word' id='word_1_151' title='bbox 439 2287 661 2367; x_wconf 84' lang='lat' dir='ltr'><strong>probabilem</strong></span> <span class='ocrx_word' id='word_1_152' title='bbox 680 2287 846 2350; x_wconf 87' lang='lat' dir='ltr'><strong>omnium.</strong></span> <span class='ocrx_word' id='word_1_153' title='bbox 882 2286 1059 2361; x_wconf 76' lang='lat' dir='ltr'><strong>Quietem</strong></span> <span class='ocrx_word' id='word_1_154' title='bbox 1079 2306 1207 2351; x_wconf 88' lang='lat' dir='ltr'><strong>coecus</strong></span> <span class='ocrx_word' id='word_1_155' title='bbox 1230 2285 1265 2348; x_wconf 88' lang='lat' dir='ltr'><strong>in</strong></span> 
     </span>
     <span class='ocr_line' id='line_1_20' title="bbox 112 2389 1266 2472; baseline -0.002 -20"><span class='ocrx_word' id='word_1_156' title='bbox 112 2389 395 2471; x_wconf 77' lang='lat' dir='ltr'><strong>contemplandis</strong></span> <span class='ocrx_word' id='word_1_157' title='bbox 409 2389 517 2453; x_wconf 86' lang='lat' dir='ltr'><strong>robus</strong></span> <span class='ocrx_word' id='word_1_158' title='bbox 532 2408 684 2472; x_wconf 83' lang='lat' dir='ltr'><strong>unqusm</strong></span> <span class='ocrx_word' id='word_1_159' title='bbox 698 2389 779 2463; x_wconf 87' lang='lat' dir='ltr'><strong>luit,</strong></span> <span class='ocrx_word' id='word_1_160' title='bbox 793 2398 915 2451; x_wconf 88' lang='lat' dir='ltr'><strong>utnon</strong></span> <span class='ocrx_word' id='word_1_161' title='bbox 931 2389 1069 2452; x_wconf 86' lang='lat' dir='ltr'><strong>videret</strong></span> <span class='ocrx_word' id='word_1_162' title='bbox 1082 2398 1145 2453; x_wconf 90' lang='lat' dir='ltr'><strong>etc.</strong></span> <span class='ocrx_word' id='word_1_163' title='bbox 1177 2389 1266 2451; x_wconf 85' lang='lat' dir='ltr'><strong>Recte</strong></span> 
     </span>
     <span class='ocr_line' id='line_1_21' title="bbox 112 2488 1315 2573; baseline 0.003 -20"><span class='ocrx_word' id='word_1_164' title='bbox 112 2492 297 2556; x_wconf 84' lang='lat' dir='ltr'><strong>llsindorflus</strong></span> <span class='ocrx_word' id='word_1_165' title='bbox 310 2488 415 2572; x_wconf 73' lang='lat' dir='ltr'><strong>alique</strong></span> <span class='ocrx_word' id='word_1_166' title='bbox 428 2491 498 2554; x_wconf 85' lang='lat' dir='ltr'><strong>illud</strong></span> <span class='ocrx_word' id='word_1_167' title='bbox 513 2493 667 2556; x_wconf 89' lang='lat' dir='ltr'><strong>omnium</strong></span> <span class='ocrx_word' id='word_1_168' title='bbox 681 2510 777 2572; x_wconf 85' lang='lat' dir='ltr'><strong>nequo</strong></span> <span class='ocrx_word' id='word_1_169' title='bbox 789 2490 859 2553; x_wconf 81' lang='lat' dir='ltr'><strong>ferri</strong></span> <span class='ocrx_word' id='word_1_170' title='bbox 872 2491 903 2553; x_wconf 90' lang='lat' dir='ltr'><strong>in</strong></span> <span class='ocrx_word' id='word_1_171' title='bbox 917 2490 982 2567; x_wconf 77' lang='lat' dir='ltr'><strong>ista,</strong></span> <span class='ocrx_word' id='word_1_172' title='bbox 996 2510 1084 2573; x_wconf 83' lang='lat' dir='ltr'><strong>quam</strong></span> <span class='ocrx_word' id='word_1_173' title='bbox 1099 2491 1263 2573; x_wconf 87' lang='lat' dir='ltr'><strong>posuimus,</strong></span> <span class='ocrx_word' id='word_1_174' title='bbox 1282 2503 1315 2557; x_wconf 79' lang='lat'><strong>12</strong></span> 
     </span>
     <span class='ocr_line' id='line_1_22' title="bbox 112 2593 1264 2676; baseline -0.003 -18"><span class='ocrx_word' id='word_1_175' title='bbox 112 2594 357 2676; x_wconf 86' lang='lat' dir='ltr'><strong>interpunctione,</strong></span> <span class='ocrx_word' id='word_1_176' title='bbox 380 2612 476 2675; x_wconf 82' lang='lat' dir='ltr'><strong>nequo</strong></span> <span class='ocrx_word' id='word_1_177' title='bbox 494 2612 566 2657; x_wconf 85' lang='lat' dir='ltr'><strong>vero</strong></span> <span class='ocrx_word' id='word_1_178' title='bbox 589 2594 625 2656; x_wconf 83' lang='lat' dir='ltr'><strong>sd</strong></span> <span class='ocrx_word' id='word_1_179' title='bbox 644 2612 771 2675; x_wconf 87' lang='lat' dir='ltr'><strong>sequens</strong></span> <span class='ocrx_word' id='word_1_180' title='bbox 790 2593 957 2657; x_wconf 88' lang='lat' dir='ltr'><strong>membrum</strong></span> <span class='ocrx_word' id='word_1_181' title='bbox 977 2594 1054 2657; x_wconf 83' lang='lat' dir='ltr'><strong>trabi</strong></span> <span class='ocrx_word' id='word_1_182' title='bbox 1077 2613 1168 2675; x_wconf 87' lang='lat' dir='ltr'><strong>posse</strong></span> <span class='ocrx_word' id='word_1_183' title='bbox 1187 2593 1264 2655; x_wconf 89' lang='lat' dir='ltr'><strong>iudi-</strong></span> 
     </span>
     <span class='ocr_line' id='line_1_23' title="bbox 112 2696 1264 2777; baseline -0.006 -15"><span class='ocrx_word' id='word_1_184' title='bbox 112 2708 218 2762; x_wconf 84' lang='lat' dir='ltr'><strong>carunt.</strong></span> <span class='ocrx_word' id='word_1_185' title='bbox 249 2699 338 2773; x_wconf 80' lang='lat' dir='ltr'><strong>Quod</strong></span> <span class='ocrx_word' id='word_1_186' title='bbox 352 2706 450 2761; x_wconf 86' lang='lat' dir='ltr'><strong>autem</strong></span> <span class='ocrx_word' id='word_1_187' title='bbox 464 2697 496 2761; x_wconf 91' lang='lat' dir='ltr'><strong>iu</strong></span> <span class='ocrx_word' id='word_1_188' title='bbox 511 2698 610 2761; x_wconf 83' lang='lat' dir='ltr'><strong>codice</strong></span> <span class='ocrx_word' id='word_1_189' title='bbox 624 2697 659 2760; x_wconf 81' lang='lat' dir='ltr'><strong>n.</strong></span> <span class='ocrx_word' id='word_1_190' title='bbox 673 2698 781 2760; x_wconf 89' lang='lat' dir='ltr'><strong>lloseri</strong></span> <span class='ocrx_word' id='word_1_191' title='bbox 799 2704 911 2761; x_wconf 71' lang='lat' dir='ltr'><strong>mutato</strong></span> <span class='ocrx_word' id='word_1_192' title='bbox 927 2696 1031 2758; x_wconf 86' lang='lat' dir='ltr'><strong>ordine</strong></span> <span class='ocrx_word' id='word_1_193' title='bbox 1048 2696 1190 2777; x_wconf 88' lang='lat' dir='ltr'><strong>scriptum</strong></span> <span class='ocrx_word' id='word_1_194' title='bbox 1210 2705 1264 2770; x_wconf 86' lang='lat' dir='ltr'><strong>cst,</strong></span> 
     </span>
     <span class='ocr_line' id='line_1_24' title="bbox 113 2798 1265 2880; baseline -0.002 -17"><span class='ocrx_word' id='word_1_195' title='bbox 113 2801 193 2874; x_wconf 82' lang='lat' dir='ltr'><strong>Quis</strong></span> <span class='ocrx_word' id='word_1_196' title='bbox 205 2801 383 2874; x_wconf 90' lang='lat' dir='ltr'><strong>omnium,</strong></span> <span class='ocrx_word' id='word_1_197' title='bbox 398 2806 595 2863; x_wconf 83' lang='lat' dir='ltr'><strong>comectorem</strong></span> <span class='ocrx_word' id='word_1_198' title='bbox 607 2799 693 2880; x_wconf 85' lang='lat' dir='ltr'><strong>sapit,</strong></span> <span class='ocrx_word' id='word_1_199' title='bbox 706 2816 768 2862; x_wconf 90' lang='lat' dir='ltr'><strong>non</strong></span> <span class='ocrx_word' id='word_1_200' title='bbox 779 2799 877 2862; x_wconf 88' lang='lat' dir='ltr'><strong>miuus</strong></span> <span class='ocrx_word' id='word_1_201' title='bbox 889 2818 977 2880; x_wconf 78' lang='lat' dir='ltr'><strong>quam</strong></span> <span class='ocrx_word' id='word_1_202' title='bbox 989 2799 1069 2879; x_wconf 79' lang='lat' dir='ltr'><strong>quod</strong></span> <span class='ocrx_word' id='word_1_203' title='bbox 1080 2798 1265 2861; x_wconf 85' lang='lat' dir='ltr'><strong>lloiudorfius</strong></span> 
     </span>
     <span class='ocr_line' id='line_1_25' title="bbox 113 2900 1265 2983; baseline 0 -20"><span class='ocrx_word' id='word_1_204' title='bbox 113 2903 277 2967; x_wconf 86' lang='lat' dir='ltr'><strong>et0rellios</strong></span> <span class='ocrx_word' id='word_1_205' title='bbox 292 2924 308 2965; x_wconf 89' lang='lat' dir='ltr'><strong>s</strong></span> <span class='ocrx_word' id='word_1_206' title='bbox 324 2902 425 2967; x_wconf 82' lang='lat' dir='ltr'><strong>codice</strong></span> <span class='ocrx_word' id='word_1_207' title='bbox 439 2900 622 2982; x_wconf 82' lang='lat' dir='ltr'><strong>Glogurisnsi</strong></span> <span class='ocrx_word' id='word_1_208' title='bbox 643 2911 829 2983; x_wconf 86' lang='lat' dir='ltr'><strong>receperunt,</strong></span> <span class='ocrx_word' id='word_1_209' title='bbox 848 2902 993 2965; x_wconf 82' lang='lat' dir='ltr'><strong>Etenim.</strong></span> <span class='ocrx_word' id='word_1_210' title='bbox 1024 2902 1115 2965; x_wconf 81' lang='lat' dir='ltr'><strong>Veros</strong></span> <span class='ocrx_word' id='word_1_211' title='bbox 1132 2901 1265 2965; x_wconf 79' lang='lat' dir='ltr'><strong>lectiorus</strong></span> 
     </span>
     <span class='ocr_line' id='line_1_26' title="bbox 113 3004 1267 3087; baseline -0.004 -18"><span class='ocrx_word' id='word_1_212' title='bbox 113 3006 262 3087; x_wconf 60' lang='lat' dir='ltr'><strong>rotimum</strong></span> <span class='ocrx_word' id='word_1_213' title='bbox 277 3023 395 3069; x_wconf 75' lang='lat' dir='ltr'><strong>semme</strong></span> <span class='ocrx_word' id='word_1_214' title='bbox 413 3004 526 3069; x_wconf 82' lang='lat' dir='ltr'><strong>videtur</strong></span> <span class='ocrx_word' id='word_1_215' title='bbox 546 3005 696 3069; x_wconf 81' lang='lat' dir='ltr'><strong>cod.01t</strong></span> <span class='ocrx_word' id='word_1_216' title='bbox 718 3023 748 3067; x_wconf 89' lang='lat' dir='ltr'><strong>c:</strong></span> <span class='ocrx_word' id='word_1_217' title='bbox 768 3023 836 3069; x_wconf 86' lang='lat' dir='ltr'><strong>nam</strong></span> <span class='ocrx_word' id='word_1_218' title='bbox 856 3004 935 3085; x_wconf 78' lang='lat' dir='ltr'><strong>quod</strong></span> <span class='ocrx_word' id='word_1_219' title='bbox 953 3004 984 3067; x_wconf 92' lang='lat' dir='ltr'><strong>in</strong></span> <span class='ocrx_word' id='word_1_220' title='bbox 1004 3024 1040 3066; x_wconf 88' lang='lat' dir='ltr'><strong>eo</strong></span> <span class='ocrx_word' id='word_1_221' title='bbox 1060 3005 1201 3085; x_wconf 82' lang='lat' dir='ltr'><strong>scriptam</strong></span> <span class='ocrx_word' id='word_1_222' title='bbox 1221 3013 1267 3066; x_wconf 88' lang='lat' dir='ltr'><strong>est</strong></span> 
     </span>
     <span class='ocr_line' id='line_1_27' title="bbox 114 3105 1264 3189; baseline -0.003 -19"><span class='ocrx_word' id='word_1_223' title='bbox 114 3110 248 3184; x_wconf 86' lang='lat' dir='ltr'><strong>mirum,</strong></span> <span class='ocrx_word' id='word_1_224' title='bbox 268 3109 339 3189; x_wconf 83' lang='lat' dir='ltr'><strong>quid</strong></span> <span class='ocrx_word' id='word_1_225' title='bbox 358 3115 404 3170; x_wconf 89' lang='lat' dir='ltr'><strong>est</strong></span> <span class='ocrx_word' id='word_1_226' title='bbox 421 3108 501 3171; x_wconf 84' lang='lat' dir='ltr'><strong>aliud</strong></span> <span class='ocrx_word' id='word_1_227' title='bbox 520 3126 609 3188; x_wconf 88' lang='lat' dir='ltr'><strong>quam</strong></span> <span class='ocrx_word' id='word_1_228' title='bbox 627 3105 816 3171; x_wconf 73' lang='lat' dir='ltr'><strong>nimirum?</strong></span> <span class='ocrx_word' id='word_1_229' title='bbox 836 3107 920 3170; x_wconf 82' lang='lat' dir='ltr'><strong>cuim</strong></span> <span class='ocrx_word' id='word_1_230' title='bbox 939 3106 1034 3188; x_wconf 86' lang='lat' dir='ltr'><strong>prima</strong></span> <span class='ocrx_word' id='word_1_231' title='bbox 1052 3106 1158 3189; x_wconf 71' lang='lat' dir='ltr'><strong>syllaba</strong></span> <span class='ocrx_word' id='word_1_232' title='bbox 1178 3124 1264 3187; x_wconf 77' lang='lat' dir='ltr'><strong>quum</strong></span> 
     </span>
     <span class='ocr_line' id='line_1_28' title="bbox 113 3209 1267 3293; baseline -0.005 -18"><span class='ocrx_word' id='word_1_233' title='bbox 113 3211 188 3275; x_wconf 76' lang='lat' dir='ltr'><strong>neue</strong></span> <span class='ocrx_word' id='word_1_234' title='bbox 199 3213 280 3274; x_wconf 78' lang='lat' dir='ltr'><strong>mter</strong></span> <span class='ocrx_word' id='word_1_235' title='bbox 294 3212 368 3274; x_wconf 85' lang='lat' dir='ltr'><strong>duas</strong></span> <span class='ocrx_word' id='word_1_236' title='bbox 383 3230 413 3273; x_wconf 95' lang='lat' dir='ltr'><strong>m</strong></span> <span class='ocrx_word' id='word_1_237' title='bbox 428 3210 597 3274; x_wconf 83' lang='lat' dir='ltr'><strong>delitescere</strong></span> <span class='ocrx_word' id='word_1_238' title='bbox 612 3210 754 3293; x_wconf 86' lang='lat' dir='ltr'><strong>potuerit,</strong></span> <span class='ocrx_word' id='word_1_239' title='bbox 769 3210 801 3272; x_wconf 92' lang='lat' dir='ltr'><strong>in</strong></span> <span class='ocrx_word' id='word_1_240' title='bbox 815 3218 916 3290; x_wconf 83' lang='lat' dir='ltr'><strong>aperto</strong></span> <span class='ocrx_word' id='word_1_241' title='bbox 931 3218 984 3273; x_wconf 84' lang='lat' dir='ltr'><strong>ost</strong></span> <span class='ocrx_word' id='word_1_242' title='bbox 1014 3209 1114 3290; x_wconf 87' lang='lat' dir='ltr'><strong>Neque</strong></span> <span class='ocrx_word' id='word_1_243' title='bbox 1129 3209 1267 3272; x_wconf 78' lang='lat' dir='ltr'><strong>obhorret</strong></span> 
     </span>
     <span class='ocr_line' id='line_1_29' title="bbox 113 3311 1268 3393; baseline -0.006 -16"><span class='ocrx_word' id='word_1_244' title='bbox 113 3314 164 3377; x_wconf 87' lang='lat' dir='ltr'><strong>boc</strong></span> <span class='ocrx_word' id='word_1_245' title='bbox 180 3313 356 3377; x_wconf 66' lang='lat' dir='ltr'><strong>susubium</strong></span> <span class='ocrx_word' id='word_1_246' title='bbox 374 3311 410 3376; x_wconf 81' lang='lat' dir='ltr'><strong>ul)</strong></span> <span class='ocrx_word' id='word_1_247' title='bbox 428 3312 598 3376; x_wconf 81' lang='lat' dir='ltr'><strong>huiusmodi</strong></span> <span class='ocrx_word' id='word_1_248' title='bbox 617 3312 845 3393; x_wconf 70' lang='lat' dir='ltr'><strong>interrogatione</strong></span> <span class='ocrx_word' id='word_1_249' title='bbox 863 3314 996 3393; x_wconf 77' lang='lat' dir='ltr'><strong>figmata,</strong></span> <span class='ocrx_word' id='word_1_250' title='bbox 1021 3330 1096 3392; x_wconf 82' lang='lat' dir='ltr'><strong>quae</strong></span> <span class='ocrx_word' id='word_1_251' title='bbox 1119 3313 1220 3374; x_wconf 85' lang='lat' dir='ltr'><strong>certae&#39;</strong></span> <span class='ocrx_word' id='word_1_252' title='bbox 1232 3319 1268 3371; x_wconf 79' lang='lat' dir='ltr'><strong>et</strong></span> 
     </span>
     <span class='ocr_line' id='line_1_30' title="bbox 115 3415 1264 3497; baseline -0.004 -16"><span class='ocrx_word' id='word_1_253' title='bbox 115 3416 289 3481; x_wconf 68' lang='lat' dir='ltr'><strong>nmmum</strong></span> <span class='ocrx_word' id='word_1_254' title='bbox 301 3416 462 3496; x_wconf 72' lang='lat' dir='ltr'><strong>negationis</strong></span> <span class='ocrx_word' id='word_1_255' title='bbox 476 3416 569 3479; x_wconf 81' lang='lat' dir='ltr'><strong>instar</strong></span> <span class='ocrx_word' id='word_1_256' title='bbox 582 3426 641 3489; x_wconf 86' lang='lat' dir='ltr'><strong>est,</strong></span> <span class='ocrx_word' id='word_1_257' title='bbox 667 3415 751 3497; x_wconf 88' lang='lat' dir='ltr'><strong>qussi</strong></span> <span class='ocrx_word' id='word_1_258' title='bbox 769 3415 864 3479; x_wconf 78' lang='lat' dir='ltr'><strong>clima:</strong></span> <span class='ocrx_word' id='word_1_259' title='bbox 888 3415 1054 3477; x_wconf 88' lang='lat' dir='ltr'><strong>nimirum</strong></span> <span class='ocrx_word' id='word_1_260' title='bbox 1075 3432 1177 3477; x_wconf 89' lang='lat' dir='ltr'><strong>nomo</strong></span> <span class='ocrx_word' id='word_1_261' title='bbox 1196 3421 1264 3476; x_wconf 84' lang='lat' dir='ltr'><strong>tam</strong></span> 
     </span>
     <span class='ocr_line' id='line_1_31' title="bbox 116 3514 1266 3601; baseline -0.003 -21"><span class='ocrx_word' id='word_1_262' title='bbox 116 3537 235 3583; x_wconf 87' lang='lat' dir='ltr'><strong>coecus</strong></span> <span class='ocrx_word' id='word_1_263' title='bbox 250 3520 333 3582; x_wconf 87' lang='lat' dir='ltr'><strong>luit:</strong></span> <span class='ocrx_word' id='word_1_264' title='bbox 352 3518 560 3601; x_wconf 82' lang='lat' dir='ltr'><strong>quamobrem,</strong></span> <span class='ocrx_word' id='word_1_265' title='bbox 578 3518 645 3582; x_wconf 89' lang='lat' dir='ltr'><strong>licet</strong></span> <span class='ocrx_word' id='word_1_266' title='bbox 658 3518 763 3582; x_wconf 88' lang='lat' dir='ltr'><strong>similia</strong></span> <span class='ocrx_word' id='word_1_267' title='bbox 778 3519 909 3601; x_wconf 68' lang='lat' dir='ltr'><strong>exemplo</strong></span> <span class='ocrx_word' id='word_1_268' title='bbox 922 3535 1002 3581; x_wconf 78' lang='lat' dir='ltr'><strong>num</strong></span> <span class='ocrx_word' id='word_1_269' title='bbox 1016 3516 1134 3597; x_wconf 80' lang='lat' dir='ltr'><strong>quidem</strong></span> <span class='ocrx_word' id='word_1_270' title='bbox 1153 3532 1216 3577; x_wconf 89' lang='lat' dir='ltr'><strong>uon</strong></span> <span class='ocrx_word' id='word_1_271' title='bbox 1235 3514 1266 3576; x_wconf 88' lang='lat' dir='ltr'><strong>in</strong></span> 
     </span>
    </p>
   </div>
   <div class='ocr_carea' id='block_1_4' title="bbox 117 3617 1266 4114">
    <p class='ocr_par' dir='ltr' id='par_1_5' title="bbox 117 3617 1266 4114">
     <span class='ocr_line' id='line_1_32' title="bbox 117 3617 1266 3706; baseline -0.003 -23"><span class='ocrx_word' id='word_1_272' title='bbox 117 3633 249 3706; x_wconf 85' lang='lat' dir='ltr'><strong>promptu</strong></span> <span class='ocrx_word' id='word_1_273' title='bbox 265 3622 339 3699; x_wconf 88' lang='lat' dir='ltr'><strong>sint,</strong></span> <span class='ocrx_word' id='word_1_274' title='bbox 357 3629 469 3699; x_wconf 74' lang='lat' dir='ltr'><strong>umen,</strong></span> <span class='ocrx_word' id='word_1_275' title='bbox 485 3620 600 3686; x_wconf 86' lang='lat' dir='ltr'><strong>ratione</strong></span> <span class='ocrx_word' id='word_1_276' title='bbox 614 3623 721 3695; x_wconf 76' lang='lat' dir='ltr'><strong>buce,</strong></span> <span class='ocrx_word' id='word_1_277' title='bbox 738 3621 942 3703; x_wconf 82' lang='lat' dir='ltr'><strong>reponendum</strong></span> <span class='ocrx_word' id='word_1_278' title='bbox 956 3638 1023 3683; x_wconf 88' lang='lat' dir='ltr'><strong>esse</strong></span> <span class='ocrx_word' id='word_1_279' title='bbox 1036 3617 1204 3681; x_wconf 89' lang='lat' dir='ltr'><strong>nimirum</strong></span> <span class='ocrx_word' id='word_1_280' title='bbox 1218 3636 1266 3679; x_wconf 84' lang='lat' dir='ltr'><strong>ar-</strong></span> 
     </span>
     <span class='ocr_line' id='line_1_33' title="bbox 118 3722 1265 3906; baseline -0.005 -13"><span class='ocrx_word' id='word_1_281' title='bbox 118 3722 216 3901; x_wconf 56' lang='lat' dir='ltr'><strong>buori,</strong></span> <span class='ocrx_word' id='word_1_282' title='bbox 230 3827 283 3901; x_wconf 73' lang='lat'><strong>29,</strong></span> <span class='ocrx_word' id='word_1_283' title='bbox 299 3827 349 3891; x_wconf 81' lang='lat'><strong>82</strong></span> <span class='ocrx_word' id='word_1_284' title='bbox 380 3827 469 3901; x_wconf 82' lang='lat' dir='ltr'><strong>Quid</strong></span> <span class='ocrx_word' id='word_1_285' title='bbox 484 3825 594 3906; x_wconf 87' lang='lat' dir='ltr'><strong>igitur</strong></span> <span class='ocrx_word' id='word_1_286' title='bbox 614 3824 764 3890; x_wconf 74' lang='lat' dir='ltr'><strong>censos?</strong></span> <span class='ocrx_word' id='word_1_287' title='bbox 792 3824 883 3906; x_wconf 77' lang='lat' dir='ltr'><strong>Apio</strong></span> <span class='ocrx_word' id='word_1_288' title='bbox 896 3825 1009 3901; x_wconf 90' lang='lat' dir='ltr'><strong>illum,</strong></span> <span class='ocrx_word' id='word_1_289' title='bbox 1027 3834 1189 3888; x_wconf 83' lang='lat' dir='ltr'><strong>sanctum</strong></span> <span class='ocrx_word' id='word_1_290' title='bbox 1202 3825 1265 3887; x_wconf 76' lang='lat' dir='ltr'><strong>Ae-</strong></span> 
     </span>
     <span class='ocr_line' id='line_1_34' title="bbox 120 3924 1265 4010; baseline -0.003 -16"><span class='ocrx_word' id='word_1_291' title='bbox 120 3929 312 4008; x_wconf 70' lang='lat' dir='ltr'><strong>gyptiorum</strong></span> <span class='ocrx_word' id='word_1_292' title='bbox 341 3930 482 4005; x_wconf 82' lang='lat' dir='ltr'><strong>bosam,</strong></span> <span class='ocrx_word' id='word_1_293' title='bbox 511 3945 633 3991; x_wconf 91' lang='lat' dir='ltr'><strong>nonne</strong></span> <span class='ocrx_word' id='word_1_294' title='bbox 664 3929 765 3993; x_wconf 81' lang='lat' dir='ltr'><strong>deum</strong></span> <span class='ocrx_word' id='word_1_295' title='bbox 793 3928 906 3993; x_wconf 78' lang='lat' dir='ltr'><strong>rideri</strong></span> <span class='ocrx_word' id='word_1_296' title='bbox 934 3924 1145 4010; x_wconf 74' lang='lat' dir='ltr'><strong>Aegyptiis?</strong></span> <span class='ocrx_word' id='word_1_297' title='bbox 1184 3928 1265 3991; x_wconf 81' lang='lat' dir='ltr'><strong>Tam</strong></span> 
     </span>
     <span class='ocr_line' id='line_1_35' title="bbox 121 4027 1265 4114; baseline 0.005 -25"><span class='ocrx_word' id='word_1_298' title='bbox 121 4027 230 4097; x_wconf 80' lang='lat' dir='ltr'><strong>hercle</strong></span> <span class='ocrx_word' id='word_1_299' title='bbox 249 4051 354 4114; x_wconf 77' lang='lat' dir='ltr'><strong>quom</strong></span> <span class='ocrx_word' id='word_1_300' title='bbox 377 4031 443 4097; x_wconf 88' lang='lat' dir='ltr'><strong>tibi</strong></span> <span class='ocrx_word' id='word_1_301' title='bbox 464 4031 559 4095; x_wconf 86' lang='lat' dir='ltr'><strong>illam</strong></span> <span class='ocrx_word' id='word_1_302' title='bbox 580 4038 742 4096; x_wconf 88' lang='lat' dir='ltr'><strong>nostram</strong></span> <span class='ocrx_word' id='word_1_303' title='bbox 764 4031 959 4114; x_wconf 80' lang='lat' dir='ltr'><strong>Sospitam,</strong></span> <span class='ocrx_word' id='word_1_304' title='bbox 987 4049 1088 4112; x_wconf 82' lang='lat' dir='ltr'><strong>quam</strong></span> <span class='ocrx_word' id='word_1_305' title='bbox 1117 4039 1152 4094; x_wconf 91' lang='lat' dir='ltr'><strong>tu</strong></span> <span class='ocrx_word' id='word_1_306' title='bbox 1178 4049 1265 4095; x_wconf 90' lang='lat' dir='ltr'><strong>nun·</strong></span> 
     </span>
    </p>
   </div>
   <div class='ocr_carea' id='block_1_5' title="bbox 121 4292 1266 4548">
    <p class='ocr_par' dir='ltr' id='par_1_6' title="bbox 121 4292 1266 4548">
     <span class='ocr_line' id='line_1_36' title="bbox 130 4292 1264 4371; baseline -0.001 -26"><span class='ocrx_word' id='word_1_307' title='bbox 130 4356 138 4371; x_wconf 33' lang='lat'><strong><em>³</em></strong></span> <span class='ocrx_word' id='word_1_308' title='bbox 181 4294 205 4359; x_wconf 79' lang='grc'><strong>8)</strong></span> <span class='ocrx_word' id='word_1_309' title='bbox 222 4294 293 4347; x_wconf 80' lang='lat' dir='ltr'><strong>conl.</strong></span> <span class='ocrx_word' id='word_1_310' title='bbox 307 4295 384 4347; x_wconf 84' lang='lat' dir='ltr'><strong>etiam</strong></span> <span class='ocrx_word' id='word_1_311' title='bbox 394 4294 506 4347; x_wconf 85' lang='lat' dir='ltr'><strong>erbln.</strong></span> <span class='ocrx_word' id='word_1_312' title='bbox 518 4294 549 4345; x_wconf 74' lang='lat' dir='ltr'><strong>uel</strong></span> <span class='ocrx_word' id='word_1_313' title='bbox 561 4292 665 4346; x_wconf 86' lang='lat' dir='ltr'><strong>Lnorct.</strong></span> <span class='ocrx_word' id='word_1_314' title='bbox 680 4293 707 4360; x_wconf 89' lang='lat'><strong>1,</strong></span> <span class='ocrx_word' id='word_1_315' title='bbox 720 4292 770 4345; x_wconf 74' lang='grc'><strong>260</strong></span> <span class='ocrx_word' id='word_1_316' title='bbox 783 4309 806 4360; x_wconf 87' lang='lat' dir='ltr'><strong>p.</strong></span> <span class='ocrx_word' id='word_1_317' title='bbox 823 4293 865 4358; x_wconf 87' lang='grc'><strong>47,</strong></span> <span class='ocrx_word' id='word_1_318' title='bbox 875 4292 916 4361; x_wconf 76' lang='lat' dir='ltr'><strong>qai</strong></span> <span class='ocrx_word' id='word_1_319' title='bbox 928 4293 1010 4345; x_wconf 84' lang='lat' dir='ltr'><strong>locum</strong></span> <span class='ocrx_word' id='word_1_320' title='bbox 1022 4293 1060 4345; x_wconf 87' lang='lat' dir='ltr'><strong>sio</strong></span> <span class='ocrx_word' id='word_1_321' title='bbox 1072 4292 1172 4345; x_wconf 81' lang='lat' dir='ltr'><strong>scribit:</strong></span> <span class='ocrx_word' id='word_1_322' title='bbox 1186 4308 1264 4360; x_wconf 82' lang='lat' dir='ltr'><strong>quac</strong></span> 
     </span>
     <span class='ocr_line' id='line_1_37' title="bbox 122 4376 1266 4463; baseline 0 -35"><span class='ocrx_word' id='word_1_323' title='bbox 122 4377 235 4441; x_wconf 76' lang='lat' dir='ltr'><strong>prinam</strong></span> <span class='ocrx_word' id='word_1_324' title='bbox 254 4380 362 4432; x_wconf 77' lang='lat' dir='ltr'><strong>anllte</strong></span> <span class='ocrx_word' id='word_1_325' title='bbox 379 4385 467 4463; x_wconf 24' lang='lat' dir='ltr'><strong>leant:</strong></span> <span class='ocrx_word' id='word_1_326' title='bbox 487 4378 569 4430; x_wconf 86' lang='lat' dir='ltr'><strong>nibil</strong></span> <span class='ocrx_word' id='word_1_327' title='bbox 588 4387 639 4432; x_wconf 83' lang='lat' dir='ltr'><strong>cst</strong></span> <span class='ocrx_word' id='word_1_328' title='bbox 655 4380 736 4431; x_wconf 84' lang='lat' dir='ltr'><strong>enim</strong></span> <span class='ocrx_word' id='word_1_329' title='bbox 755 4378 918 4431; x_wconf 78' lang='lat' dir='ltr'><strong>minimum.</strong></span> <span class='ocrx_word' id='word_1_330' title='bbox 942 4378 1058 4432; x_wconf 77' lang='lat' dir='ltr'><strong>tetrus</strong></span> <span class='ocrx_word' id='word_1_331' title='bbox 1078 4376 1197 4430; x_wconf 84' lang='lat' dir='ltr'><strong>nullum</strong></span> <span class='ocrx_word' id='word_1_332' title='bbox 1217 4385 1266 4429; x_wconf 89' lang='lat' dir='ltr'><strong>est</strong></span> 
     </span>
     <span class='ocr_line' id='line_1_38' title="bbox 121 4462 879 4548; baseline 0.005 -37"><span class='ocrx_word' id='word_1_333' title='bbox 121 4462 809 4548; x_wconf 71' lang='lat' dir='ltr'><strong>transcribitenimastqnotlvuoetcorporc.</strong></span> <span class='ocrx_word' id='word_1_334' title='bbox 822 4469 879 4516; x_wconf 88' lang='lat' dir='ltr'><strong>ete.</strong></span> 
     </span>
    </p>
   </div>
   <div class='ocr_carea' id='block_1_6' title="bbox 0 0 1590 5138">
    <p class='ocr_par' dir='ltr' id='par_1_7' title="bbox 0 0 1590 5138">
     <span class='ocr_line' id='line_1_39' title="bbox 0 0 1590 5138; baseline 0 0"><span class='ocrx_word' id='word_1_335' title='bbox 0 0 1590 5138; x_wconf 95' lang='lat' dir='ltr'><strong> </strong></span> 
     </span>
    </p>
   </div>
  </div>
 </body>
</html>
