3276 5144
832 484 981 581 -.-ltu

325 676 357 738 in
372 674 511 760 Opuscul.
532 692 576 736 ac.
597 672 646 748 lll,
666 692 695 754 p.
713 672 819 750 416⁷).
865 673 973 735 Nostro
993 678 1093 735 autem
1113 672 1193 745 loeo,
1213 669 1265 732 ubi
1284 665 1487 752 proindein

326 778 410 840 oodd.
427 777 548 859 legitur,
565 776 762 857 comparativa
777 775 948 855 significatio
963 774 1046 838 facile
1061 772 1243 854 agnoscitur,
1260 771 1328 834 lieet
1343 788 1403 851 quo
1418 787 1487 851 per·

325 879 417 942 lineat
436 880 509 941 haee
527 879 707 959 comparatio
728 895 789 941 nou
810 878 919 941 diserte
933 877 1093 949 indicetur,
1114 875 1165 938 sed
1180 874 1416 937 subaudiendum
1432 873 1485 935 sit:

324 982 435 1045 scilicet
449 999 530 1043 mare
540 981 743 1044 Britannicum
754 997 815 1043 nou
830 980 952 1063 proinde
969 997 1073 1061 quam
1089 978 1161 1040 alia
1175 977 1269 1040 uentis
1280 976 1390 1039 attolli:
1406 975 1485 1056 quod

324 1102 417 1166 genus
435 1085 580 1169 ellipseos,
607 1084 695 1145 etiam
714 1082 792 1164 apud
813 1084 949 1156 Graecos,
972 1082 1022 1163 qui
1042 1072 1101 1158 οὐχ
1124 1072 1250 1160 ὁμοίως
1270 1079 1377 1143 eodem
1397 1077 1486 1141 modo

218 1266 221 1273 .
324 1195 479 1268 usurpant,
501 1188 585 1268 longe
603 1185 888 1266 frequentissimum,
911 1202 1003 1265 quum
1024 1183 1135 1245 dudum
1151 1202 1167 1245 a
1182 1181 1283 1243 multis
1299 1181 1485 1243 obseruatum

324 1290 455 1371 satisque
468 1289 644 1351 illustratum
660 1290 706 1362 sit,
725 1288 859 1369 pluribus
879 1304 960 1349 nuno
973 1287 1010 1348 de
1024 1304 1060 1348 eo
1082 1285 1223 1366 disputari
1238 1284 1312 1345 nihil
1332 1302 1409 1364 opus
1428 1289 1483 1344 est

324 1392 389 1454 Hoc
401 1410 495 1454 unum
510 1391 655 1464 addimus,
670 1392 759 1453 etiam
771 1391 803 1452 iu
817 1411 864 1467 eo,
880 1389 960 1471 quod
976 1388 1104 1451 Kritzius
1119 1406 1173 1470 pro
1188 1387 1324 1467 exemplo
1338 1384 1485 1448 adhibuit:

324 1492 427 1570 „valde
442 1501 565 1557 onustos
582 1508 701 1567 currus,
722 1493 773 1555 ubi
789 1494 919 1555 iumenta
933 1491 987 1553 niti
1008 1491 1170 1572 coeperint,
1191 1507 1252 1552 non
1272 1489 1396 1572 proinde
1418 1507 1485 1550 mo-

325 1597 398 1671 veri,
420 1597 472 1660 sed
491 1597 642 1677 paullatim
663 1595 783 1656 demum
805 1594 961 1656 incitari:“
986 1592 1060 1654 nihil
1080 1592 1212 1665 obstare,
1233 1591 1393 1669 quominus
1414 1588 1485 1652 illud

325 1715 398 1761 non
412 1699 577 1780 proinde,
593 1704 695 1760 eontra
710 1697 802 1777 ipsius
816 1696 1009 1767 sententium,
1026 1694 1257 1776 comparativum
1273 1713 1337 1756 esse
1353 1693 1485 1755 dicemus

323 1811 355 1865 et
374 1804 552 1884 significare,
572 1821 644 1866 non
663 1803 714 1864 ita
733 1800 776 1861 vel
797 1818 869 1862 uon
889 1808 958 1862 tam
979 1800 1053 1861 cito
1074 1817 1179 1861 curuis
1198 1797 1311 1860 moveri
1324 1814 1415 1878 quam
1430 1815 1485 1878 pro

324 1906 392 1969 uisu
405 1906 608 1968 iumentorum
623 1904 828 1989 expectaveris.

410 2009 478 2089 Cap.
495 2009 544 2083 xt,
560 2010 589 2070 4.
619 2009 752 2071 Eorum
778 2025 881 2070 sacra
903 2005 1155 2088 deprehendas
1173 2003 1484 2085 superstitionum

323 2112 578 2193 persuasione.
622 2112 705 2174 Hanc
731 2111 866 2173 codicum
892 2110 1046 2172 lectionem
1068 2107 1187 2169 Werius
1205 2108 1330 2186 eiusque
1350 2107 1484 2190 exemplo

324 2213 452 2278 Kritaius
471 2234 532 2278 non
547 2215 699 2281 ferendam
720 2215 777 2278 rati
795 2213 978 2296 scripserunt
996 2210 1309 2291 superstitionum
1329 2228 1485 2291 persua-

324 2318 468 2389 siones,
484 2319 634 2400 espndeto,
653 2323 688 2379 ut
702 2317 788 2379 nobis
803 2315 922 2397 quidem
938 2312 1061 2386 videtur,
1082 2330 1224 2395 perquam
1240 2313 1315 2375 duro
1330 2319 1361 2374 et
1375 2312 1421 2375 vir
1437 2318 1484 2374 to·

324 2419 450 2495 lerabili,
476 2421 683 2502 quamobrem,
710 2420 735 2481 si
754 2425 903 2482 constaret
923 2417 959 2478 de
979 2416 1153 2479 necessitate
1168 2416 1327 2479 mutandae
1340 2415 1483 2491 lectionis,

323 2522 412 2585 etiam
427 2525 563 2604 copulam
579 2533 617 2585 et
630 2522 676 2585 vel
691 2542 731 2585 ac
745 2522 884 2584 insertam
900 2519 1064 2582 maluerim.
1095 2520 1152 2582 Sed
1173 2521 1243 2601 quid
1258 2498 1440 2585 tandem'est
1454 2523 1485 2584 in

323 2625 459 2687 codicum
474 2624 600 2687 lectione
613 2643 675 2688 non
690 2620 872 2687 terendum?
900 2622 1064 2697 Ablativus,
1081 2623 1177 2699 aiunt,
1198 2625 1288 2689 verbo
1302 2626 1345 2689 sie
1359 2633 1484 2708 postpo-

323 2726 407 2799 situs,
429 2734 463 2789 ut
477 2746 546 2790 oum
559 2718 598 2789 'eo
612 2727 701 2789 etiam
718 2726 938 2790 constructione
952 2726 1110 2789 cohaerere
1127 2727 1265 2790 rideatur.
1288 2728 1363 2791 Nam
1379 2729 1484 2809 depre-

323 2828 452 2892 hendere
467 2829 575 2912 aliquid
590 2831 685 2911 aliqua
700 2849 732 2892 re
746 2830 789 2893 sic
802 2830 922 2891 demum
939 2828 995 2889 dici
1009 2836 1116 2912 potest,
1131 2829 1156 2892 si
1171 2849 1206 2892 ea
1220 2848 1268 2892 res
1283 2850 1338 2914 pro
1353 2840 1424 2893 nota
1438 2838 1484 2893 at·

324 2948 382 3011 que
402 2931 509 2994 indicio
529 2933 583 3006 sit,
603 2934 682 2995 unde
704 2932 773 2995 illud
794 2931 919 2992 alterum
941 2938 1141 3011 cognoscatur.
1173 2933 1228 3006 „ld
1247 2938 1368 2995 autem“
1389 2933 1485 3013 iuquit

323 3032 444 3095 chius
459 3033 571 3114 Proleg.
587 3054 616 3116 p.
630 3036 681 3108 70,
697 3050 778 3108 „nou
794 3033 898 3094 eadere
913 3033 943 3094 in
958 3044 1094 3096 nostrum
1110 3034 1208 3099 locum
1224 3035 1413 3097 manifestum
1428 3042 1483 3108 est,

325 3153 418 3215 quum
439 3154 520 3198 sacra
535 3153 597 3198 non
612 3156 648 3199 ex
664 3135 888 3218 superstitione,
910 3136 961 3197 sed
976 3137 1147 3219 superstitio
1162 3138 1260 3217 potius
1274 3157 1310 3199 ex
1325 3136 1416 3199 sacris
1431 3156 1486 3200 co·

321 3243 510 3317 gnoscatur.“
534 3239 644 3300 Eodem
661 3237 750 3299 modo
765 3237 852 3299 etiam
865 3237 1007 3300 liritzius:
1023 3257 1078 3302 nec
1091 3238 1174 3301 facile
1190 3239 1345 3321 quisquam
1358 3239 1440 3301 aliter
1451 3258 1484 3302 se

322 3356 385 3400 reru
401 3338 508 3403 habere
524 3341 637 3403 dixerit.
667 3341 705 3402 Et
724 3347 824 3402 tamen
840 3340 876 3401 de
891 3340 1063 3403 mutationis
1078 3341 1249 3403 necessitate
1264 3342 1397 3404 dubitare
1412 3341 1484 3404 lice·

322 3439 374 3503 bit.
419 3441 534 3523 Quippe
552 3443 605 3504 riri
625 3442 800 3513 doctissimi,
821 3443 892 3504 dum
908 3441 1019 3522 singula
1036 3442 1122 3505 rerba
1137 3461 1300 3525 eorumque
1314 3443 1483 3506 collocatio·

321 3560 391 3606 uem
407 3543 570 3619 intuentur,
589 3545 754 3608 universam
770 3544 980 3607 enuntiationis
993 3546 1169 3608 seutentiam
1185 3546 1282 3609 mincis
1296 3553 1483 3627 reputarunt

322 3644 396 3707 Nam
411 3665 504 3726 quum
519 3647 667 3709 Gallorum
683 3649 761 3730 apud
776 3648 933 3711 Britannos
951 3666 1033 3709 saera
1049 3648 1227 3728 deprehendi
1242 3650 1391 3722 dicuntur,
1412 3649 1484 3731 quid

320 3747 378 3810 hoc
402 3747 478 3813 aliud
503 3747 655 3828 signifieat,
681 3767 770 3830 quam
798 3750 978 3833 deprehendi
1001 3751 1150 3815 Gallorum
1171 3770 1253 3814 sacra
1278 3751 1314 3814 ab
1339 3751 1376 3815 iis
1402 3749 1482 3815 colii

321 3868 473 3932 quumque
488 3851 606 3914 additur
619 3853 932 3936 superstitionum
952 3854 1207 3935 persuasione,
1228 3855 1385 3917 ablativum
1404 3855 1484 3918 hune

321 3952 468 4016 casualem
481 3972 548 4016 esse
562 3971 660 4036 noque
682 3955 718 4017 ad
738 3953 860 4017 verbum
883 3957 1063 4037 proximum,
1084 3957 1359 4038 deprehendas,
1378 3958 1431 4021 sed
1445 3955 1483 4021 ad

390 4207 416 4270 i)
433 4206 508 4261 Dixit
525 4224 606 4277 nuper
621 4210 652 4262 de
663 4209 704 4261 his
716 4208 805 4262 iorruis
818 4208 849 4263 G.
863 4209 992 4263 Friedleio
1006 4212 1030 4263 in
1043 4209 1144 4278 libello,
1160 4227 1208 4279 qno
1220 4210 1263 4263 Fr.
1275 4210 1425 4264 'l‘hiersebio
1436 4212 1484 4264 bo·

316 4307 403 4345 nerem
415 4295 482 4347 doct.
500 4302 559 4347 anm
571 4294 594 4346 t.
605 4311 687 4347 annos
699 4303 830 4363 acceptum
842 4299 969 4366 gymnasii
982 4296 1086 4364 Erlang.
1099 4298 1198 4350 nornine
1210 4297 1355 4364 gratulatos
1367 4306 1419 4350 osta
1437 4298 1484 4350 sed

315 4380 347 4430 de
365 4380 420 4431 eins
432 4380 603 4448 disputatione
616 4383 728 4434 indicare
742 4398 789 4433 nou
802 4399 918 4451 possum,
935 4398 1009 4452 quotu
1021 4384 1101 4451 ipsum
1114 4381 1226 4435 libellum
1239 4401 1288 4435 non
1301 4385 1421 4450 viderim,
1437 4385 1484 4437 teti

317 4470 416 4517 uatum
429 4480 463 4516 ex
475 4465 567 4518 Annal.
579 4465 644 4519 Phil.
656 4476 683 4520 et
695 4467 771 4520 Pned.
785 4484 808 4519 ι.
825 4468 891 4521 tuse
905 4485 929 4536 p
943 4469 992 4521 809
1004 4476 1031 4521 et
1043 4468 1109 4521 1859
1122 4484 1146 4536 p.
1160 4470 1209 4522 tub
1221 4471 1252 4522 tle
1263 4485 1294 4525 eo
1304 4473 1453 4539 acceperim
