3276 5144
824 496 976 597 ..Q-

315 686 486 751 carhonario
506 695 646 767 tanquam
662 685 756 749 ohsidi
771 685 925 748 interitum
940 683 1121 767 Dicaeopolis
1136 683 1299 757 minitetur,
1314 671 1361 757 ὥς
1380 672 1476 744 ἄνεω·

315 785 483 870 temore,
517 792 693 864 exclamant,
729 780 748 850 ὁ
781 782 901 869 λάρκος
934 780 1077 873 δημότης
1111 776 1166 848 dd'
1196 775 1262 847 ἔστ’
1289 778 1384 863 epea:
1415 801 1476 846 rae

317 892 443 955 nohis:
471 893 651 975 cophinus
676 892 737 953 ilie
758 909 916 974 paganus
937 908 1040 953 meus
1060 897 1135 952 est:
1163 907 1238 972 quae
1258 886 1430 951 exclamatio
1450 886 1476 949 ei

315 1012 379 1056 rem
399 995 541 1056 Acharnis
568 995 614 1073 agi
638 1001 779 1075 putamus
800 994 941 1067 absurda,
968 1000 1049 1056 recta
1069 1001 1168 1055 autem
1189 999 1220 1054 et
1239 989 1415 1054 conveniens
1434 989 1477 1053 sic

314 1096 435 1158 demum
450 1104 503 1169 est
520 1096 547 1157 si
560 1096 591 1158 in
607 1096 701 1158 alieno
715 1115 789 1180 pago
802 1114 947 1180 paganum
958 1114 1048 1158 suurn
1059 1095 1254 1174 conspiciunt.
1280 1092 1366 1166 Quod
1377 1100 1475 1156 autem

315 1198 351 1261 ad
374 1199 525 1280 superiora
545 1198 592 1260 ilia
613 1198 825 1282 Dicaeopolidis
848 1199 935 1260 verba
955 1198 1072 1271 attinet,
1093 1196 1144 1259 uhi
1164 1198 1241 1259 inter
1259 1195 1328 1267 alia,
1350 1193 1476 1274 quaein

314 1319 388 1382 pago
403 1319 458 1363 suo
473 1318 534 1363 non
548 1300 708 1373 audiantur,
725 1302 813 1363 etiam
828 1300 898 1362 iilud
915 1290 1084 1383 ἄνθρακας
1099 1298 1187 1381 πρίω
1198 1305 1354 1371 memorat,
1370 1297 1475 1359 rectis-

316 1403 391 1466 sime
406 1405 442 1466 de
457 1405 502 1466 his
518 1423 534 1466 a
551 1403 655 1466 Woitio
671 1403 829 1466 iudicatum
845 1408 903 1475 eet,
921 1402 971 1482 qui
986 1420 1106 1465 omnem
1121 1420 1190 1464 eum
1206 1402 1305 1464 iocum
1321 1419 1474 1480 compara·

314 1506 354 1568 rit
381 1524 449 1569 cum
474 1507 583 1569 usitato
607 1506 751 1585 hodieque
778 1506 856 1567 ruris
882 1511 1049 1567 amatorum
1068 1522 1219 1577 sermone,
1246 1521 1340 1585 quum
1359 1504 1473 1567 dicunt:

314 1607 386 1672 Aui
403 1609 481 1671 dem
497 1608 617 1671 Laude
638 1609 776 1672 wdehst
795 1608 913 1670 einem
936 1606 1028 1671 alles
1044 1626 1100 1671 zu:
1124 1625 1206 1670 man
1224 1607 1378 1671 hraucht
1393 1624 1473 1669 zum

314 1711 596 1775 Lehenshedari
617 1729 681 1791 gar
706 1711 828 1773 niehts
853 1728 895 1772 zu
920 1708 1068 1772 hausen:
1101 1728 1175 1791 quae
1197 1710 1284 1773 rerba
1302 1729 1392 1775 nemo
1412 1717 1474 1773 tun

314 1814 422 1876 stultns
436 1822 492 1888 est,
507 1822 542 1876 ut
555 1832 679 1895 prorsus
694 1814 730 1875 ad
744 1813 897 1875 veritatem
913 1814 1013 1877 omnia
1026 1813 1084 1877 dici
1097 1813 1254 1876 existimet.
1285 1814 1387 1895 itaque
1403 1812 1474 1875 nihil

313 1917 390 1980 aliud
406 1936 441 1979 ex
456 1936 482 1978 v.
500 1917 540 1978 34
555 1917 618 1978 inre
633 1915 726 1996 colligi
741 1934 827 1998 posse
842 1915 983 1990 dicemus,
999 1916 1057 1977 nisi
1068 1916 1210 1978 carbones
1221 1916 1251 1978 in
1263 1915 1474 1997 Dicaeopoiidis

311 2039 396 2102 pago,
405 2021 473 2083 licet
483 2037 544 2083 non
555 2020 595 2082 ihi
605 2027 733 2100 paratos,
748 2037 808 2081 non
821 2024 921 2081 tamen
928 2027 988 2080 tam
999 2016 1125 2080 molesto
1135 2017 1324 2080 vendentium
1335 2018 1472 2091 clamore,

313 2140 402 2202 quam
422 2123 453 2184 in
473 2123 560 2195 urhe,
583 2121 759 2203 proclamari
778 2123 881 2185 solitos
901 2141 976 2184 esee.
1006 2122 1154 2184 Achamas
1177 2140 1244 2184 vero
1265 2121 1346 2184 hunc
1365 2139 1473 2204 pagum

312 2241 373 2287 non
388 2244 451 2288 esse
471 2226 559 2289 etiam
574 2226 636 2287 aliie
652 2225 766 2287 indiciis
781 2225 978 2287 demonstrari
993 2231 1099 2306 potest
1129 2224 1264 2289 Primum
1278 2242 1342 2286 non
1355 2225 1472 2305 ignora·

311 2328 362 2392 hat
377 2328 557 2412 Dicaeopoiis
572 2335 753 2411 quantopere
768 2328 970 2391 Acharnenses
989 2335 1113 2410 propter
1125 2346 1228 2408 pacem
1243 2347 1312 2390 cum
1327 2328 1473 2391 Lacedae·

311 2432 421 2494 moniis
434 2433 542 2495 factam
557 2430 623 2493 irati
637 2439 752 2494 essent:
768 2431 797 2493 id
813 2433 893 2494 enim
908 2450 944 2493 er
958 2431 1138 2512 Amphitheo
1153 2439 1337 2512 cognoverat,
1350 2451 1378 2493 v.
1396 2432 1472 2508 1803

312 2553 409 2615 neque
422 2553 491 2598 vero
506 2535 606 2597 fallere
621 2552 688 2597 eum
703 2539 829 2617 poterat,
845 2534 921 2597 hanc
933 2533 1008 2596 iram
1024 2550 1085 2596 non
1099 2535 1189 2597 modo
1203 2535 1234 2597 in
1248 2534 1471 2617 Amphitheum‚

312 2638 396 2700 euius
410 2638 473 2718 ipse
488 2637 652 2699 ministerio
666 2655 738 2698 usus
753 2645 824 2709 erat,
840 2637 891 2698 sed
907 2636 999 2716 magis
1015 2635 1103 2698 etiam
1118 2637 1147 2698 in
1158 2656 1222 2699 sese
1234 2637 1385 2701 incensam
1396 2658 1471 2713 esse,

311 2739 340 2801 id
362 2739 441 2818 quod
462 2757 532 2800 mox
547 2757 579 2800 re
594 2738 656 2819 ipsa
671 2739 895 2820 comprohatum
911 2738 1054 2811 videmus,
1074 2759 1102 2799 v.
1117 2739 1179 2801 239
1194 2745 1225 2801 et
1240 2739 1301 2801 280
1316 2760 1382 2822 sqq.
1411 2742 1471 2804 ita-

313 2860 369 2921 que
389 2841 414 2903 si
434 2850 550 2915 tamen,
571 2860 664 2922 quum
683 2861 717 2903 ex
737 2841 811 2903 urhe
831 2859 883 2902 rus
904 2859 993 2903 suum
1014 2849 1118 2925 petens
1133 2842 1217 2914 abiit,
1239 2842 1386 2906 Acharnae
1401 2863 1471 2908 eum

310 2943 416 3006 abiisse
429 2943 575 3016 volumus,
591 2942 662 3024 quid
676 2943 755 3005 aliud
767 2960 855 3023 quam
867 2942 897 3003 in
907 2961 975 3005 eum
986 2962 1093 3027 pagum
1103 2943 1364 3019 ahiisserolumus,
1379 2965 1470 3027 quem

312 3045 446 3107 omnium
462 3045 589 3107 maxime
605 3044 660 3106 sihi
676 3045 827 3117 infestum,
843 3045 968 3126 ideoque
982 3045 1133 3108 vitandum
1147 3047 1247 3128 potius
1262 3066 1351 3128 quam
1366 3057 1472 3132 peten-

311 3149 383 3210 dum
410 3167 474 3211 esee
501 3144 629 3210 scireti‘
647 3147 739 3209 Porro
758 3147 783 3209 si
805 3147 985 3229 Dicaeopoiis
1005 3148 1147 3210 Achamis
1167 3155 1226 3223 est,
1252 3151 1360 3213 ibidem
1382 3153 1472 3215 etiam

311 3251 435 3313 chorum
450 3250 517 3313 inde
532 3270 557 3313 a.
573 3269 600 3311 r.
617 3250 859 3312 necromantem
874 3250 993 3330 cogitari
1007 3268 1127 3312 necesse
1142 3257 1196 3312 est.
1224 3252 1357 3316 Accurrit
1372 3263 1473 3318 autem

310 3351 351 3415 ihi
371 3353 477 3415 chorus
492 3352 705 3437 Amphitheam
725 3351 885 3433 fugientem
905 3370 1095 3433 persequens.
1127 3352 1204 3425 Quid
1227 3354 1341 3434 igitur?
1360 3358 1473 3421 adeone

311 3454 418 3518 stultos
439 3456 495 3517 hos
509 3455 647 3516 homines
661 3453 753 3517 fuisse
767 3454 967 3523 censebimus,
987 3461 1022 3516 ut
1036 3454 1120 3516 illum
1134 3457 1354 3538 eo-coniugisse
1369 3460 1470 3523 crede-

309 3566 390 3631 rent,
414 3557 463 3620 ubi
485 3555 613 3619 maxime
632 3555 792 3619 verendum
808 3564 938 3619 essetne
953 3555 1033 3640 ipsis,
1048 3558 1198 3621 acerrimis
1213 3561 1275 3623 suis
1290 3561 1470 3635 adversariis,

311 3657 500 3723 occurreret?
534 3660 629 3721 immo
651 3660 694 3722 sic
712 3659 812 3743 potius
832 3676 896 3720 rem
917 3678 949 3721 se
964 3659 1071 3721 habere
1091 3660 1233 3725 dicemus.
1267 3663 1470 3725 Acharnensee

310 3762 351 3824 iiii
376 3762 538 3824 carbonarii
563 3781 598 3825 er
619 3781 694 3845 pago
716 3780 787 3835 sno,
806 3762 965 3834 Acharnis,
985 3761 1196 3846 Amphitheam
1218 3764 1382 3845 fugientem
1400 3783 1470 3848 per·

310 3871 468 3945 sequentes
482 3882 542 3926 non
558 3864 706 3927 Acharnas
721 3871 917 3936 revertuntur,
933 3862 985 3926 uhi
999 3883 1031 3926 se
1046 3882 1114 3926 eum
1124 3865 1297 3945 inventuros
1312 3887 1378 3931 esse
1387 3868 1472 3932 nullo

309 3967 400 4029 modo
420 3985 537 4050 sperare
551 3974 702 4049 poterant,
723 3967 774 4029 sed
794 3967 883 4028 alium
906 3966 1074 4048 quempiam
1093 3968 1192 4030 iocum
1207 3977 1326 4053 petunt,
1346 3990 1407 4052 qno
1421 3971 1471 4034 iile

308 4068 434 4132 domasse
450 4068 608 4150 coningere
622 4069 760 4152 potuerit,
781 4068 880 4150 ibique
896 4085 988 4150 quum
1003 4068 1190 4153 Dicaeopolin
1205 4070 1362 4147 inveniant,
1379 4092 1471 4155 quent

309 4171 350 4234 iili
365 4172 444 4254 pacis
459 4171 608 4235 faciendae
622 4178 771 4234 auctorem
782 4170 875 4233 fuisse
885 4188 947 4233 non
958 4171 1101 4251 ignorent,
1117 4171 1175 4234 iam
1187 4175 1278 4239 misso
1290 4176 1470 4256 Amphithoe

309 4274 500 4337 vehementer
514 4275 544 4336 in
558 4276 639 4338 hune
653 4274 841 4337 invehuntur.
866 4273 894 4336 is
909 4281 1008 4336 autem
1023 4273 1107 4337 locus
1122 4285 1156 4339 ut
1169 4277 1242 4341 alius
1258 4296 1348 4360 quam
1359 4277 1470 4342 Choiii·

311 4377 417 4441 darum
432 4396 524 4461 pagus
539 4395 602 4438 esse
617 4378 756 4440 credatur
768 4377 849 4439 nulla
862 4377 995 4460 proiecto
1010 4366 1098 4441 cansa
1112 4387 1167 4441 est

394 4479 489 4543 Scrib.
506 4479 751 4564 Gryphiswaidiae
765 4497 869 4543 menso
883 4479 1368 4548 Decembrinnn.h1DCCCthss.
