3154 5138
257 2441 273 2493 8

837 388 900 455 330

290 584 385 659 luerit,
399 591 463 646 turn
479 579 605 643 celerem
619 578 742 641 insitum
753 578 784 639 in
797 576 894 652 terris,
910 577 969 641 bec
983 588 1037 657 est,
1053 578 1168 662 opinor,
1182 597 1243 643 non
1253 580 1338 645 alium
1352 601 1434 665 qnam

289 693 384 748 semet
396 685 506 766 ipsum,
521 681 682 745 continebit
696 679 814 744 metius.

374 786 443 869 Gap.
458 785 532 861 rut,
549 783 599 847 36.
628 782 659 846 la
674 795 770 847 cutem
782 793 822 846 cu
835 785 956 864 modae,
971 789 1003 847 ia
1015 803 1070 867 paco
1084 788 1325 849 roccaromana
1333 797 1437 851 aalma

285 895 417 973 perdar.
460 887 568 950 belrius
583 887 619 949 id
634 887 665 949 C.
681 888 717 949 de
731 886 818 966 legg.
833 905 862 967 p.
879 888 939 949 451
956 888 1075 951 rescribi
1088 887 1149 952 vult
1166 906 1269 952 rerum
1283 894 1373 954 eecce
1384 910 1439 953 ea·

289 1004 371 1056 tare:
386 1011 443 1073 qua
458 990 638 1054 correctione
652 1007 713 1051 non
728 1008 804 1070 opus
820 1008 886 1051 esse
900 990 1034 1053 arbitror.
1078 991 1165 1066 Quod
1180 991 1260 1054 enim
1273 991 1320 1055 ille
1333 993 1439 1057 uniru-

290 1114 347 1176 que
370 1092 551 1176 loquutionia
578 1092 736 1155 discrimen
761 1110 827 1153 esse
852 1091 906 1167 ait,
931 1102 965 1155 nt
990 1095 1084 1156 amaia
1102 1111 1205 1155 rerum
1221 1095 1443 1176 anmoipsem

288 1199 431 1261 mundum
451 1197 610 1276 significet,
631 1197 759 1257 omnium
778 1212 881 1257 rerem
899 1207 1011 1259 uetare
1029 1197 1059 1259 in
1080 1197 1302 1259 enumeratione
1320 1196 1442 1280 panium

289 1300 415 1375 dicatum
435 1318 489 1379 ego
509 1298 609 1378 potius
630 1297 673 1359 aie
692 1296 954 1367 dianimiuandum
974 1317 1041 1361 esse
1059 1298 1171 1375 iudico,
1190 1307 1225 1362 ut
1238 1304 1334 1363 omia
1347 1318 1446 1363 reram

288 1413 400 1465 eutero
412 1420 475 1464 non
491 1402 604 1464 dicatur
617 1400 675 1462 uisi
690 1399 727 1462 de
741 1418 838 1462 rerum
854 1400 1054 1476 universitate,
1074 1411 1176 1464 contra
1195 1406 1329 1465 emebat
1347 1421 1446 1467 rerum

288 1515 398 1568 notare
411 1504 578 1583 ambiguam
594 1502 836 1583 significationem
852 1501 966 1578 babeat,
981 1511 1071 1584 prout
1085 1521 1184 1567 encres
1197 1523 1249 1566 rea
1265 1514 1316 1568 aut
1329 1509 1448 1568 meer-

290 1626 340 1671 ece
354 1607 496 1681 dicantur,
510 1614 561 1670 aut
574 1625 637 1668 uno
651 1623 787 1687 quaeqae,
802 1605 831 1666 id
848 1604 927 1686 qued
940 1624 975 1667 er
991 1606 1132 1687 cuiusque
1142 1604 1201 1669 loci
1216 1614 1359 1671 contextu
1369 1607 1448 1671 facila

290 1710 490 1791 cognoscitur.
533 1709 626 1773 Veluti
646 1709 722 1787 apud
743 1708 913 1771 Ciceronem
932 1707 969 1770 de
983 1708 1033 1773 Or.
1053 1709 1093 1786 ll,
1109 1709 1164 1783 78,
1181 1709 1262 1772 317:
1277 1710 1409 1775 scililcet
1420 1715 1451 1773 ia

289 1824 401 1876 actare
414 1814 545 1875 omniane
558 1829 668 1886 renem,
683 1811 760 1892 qaod
773 1829 803 1872 re
816 1813 987 1873 univercum
999 1813 1173 1893 mosacum,
1188 1812 1376 1893 eigrrifieatur
1388 1813 1450 1876 sine

289 1914 391 1990 dubio,
406 1914 478 1976 nibil
493 1912 638 1976 eiusmodi
652 1930 718 1973 esse
736 1912 767 1974 iu
787 1931 886 1975 rerum
903 1913 1089 1976 universitate
1103 1914 1133 1975 b.
1148 1933 1174 1975 e.
1188 1914 1222 1975 in
1239 1915 1371 1979 mundo:
1385 1932 1452 1978 nam

288 2018 325 2081 de
340 2016 462 2098 singulis
476 2015 565 2078 rebus
580 2014 735 2078 dicendum
751 2014 870 2077 suisset:
884 2014 960 2077 m'bil
972 2026 1013 2077 eat
1025 2019 1058 2077 ia
1070 2025 1181 2079 conco
1196 2016 1293 2080 ellim
1308 2021 1363 2080 rei
1392 2016 1452 2079 lle·

289 2129 352 2183 atro
373 2129 470 2183 autem
490 2119 556 2182 loeo
575 2118 677 2181 Cicero
693 2122 824 2181 cornicar
843 2137 943 2181 rerum
958 2126 1092 2182 naturum
1113 2117 1218 2181 mabait
1233 2138 1328 2200 quam
1344 2137 1456 2183 omer

288 2222 397 2297 dicere,
417 2240 475 2304 quo
494 2220 624 2302 apertius
643 2230 735 2293 esset,
758 2239 822 2283 eam
837 2220 992 2301 significari
1012 2228 1163 2292 aduram,
1185 2239 1266 2302 qnae
1287 2240 1396 2286 emnea
1408 2239 1456 2285 rea

289 2325 441 2407 complexa
456 2333 543 2398 esset,
559 2342 617 2404 qua
632 2323 915 2404 cbeumloquutione
930 2323 995 2403 ipse
1009 2322 1105 2403 paullo
1120 2321 1200 2386 inira
1214 2324 1322 2388 utitur.

375 2428 444 2508 (lap.
459 2426 561 2500 Xlllll,
577 2426 628 2488 48.
657 2425 714 2489 Sed
727 2429 754 2488 si
766 2425 836 2488 buce
850 2444 910 2489 coo
924 2426 1036 2498 vidctis,
1051 2429 1120 2506 prtia
1133 2444 1299 2509 meacm
1314 2427 1462 2491 eredunt

285 2529 373 2592 meere
382 2528 535 2611 pulverem
551 2531 691 2610 mdprda,
707 2548 743 2591 rte
753 2528 806 2591 bae
817 2531 931 2610 pee'dcm
938 2528 1053 2610 pbprici
1064 2527 1228 2609 iutellipere
1236 2534 1380 2612 portame
1390 2526 1462 2593 etei

286 2632 331 2695 lta
345 2639 424 2694 recle
438 2631 486 2694 bic
499 2632 581 2694 locus
596 2629 777 2694 scribebatur
791 2637 857 2692 ante
868 2630 1082 2706 Heindorfium,
1097 2630 1147 2711 qui
1162 2650 1206 2695 arc
1222 2651 1263 2695 ree
1277 2633 1336 2698 boe
1351 2633 1465 2716 peiren

288 2769 331 2781 —
345 2754 380 2797 ex
395 2734 507 2814 aliquot
520 2733 670 2796 codicibus
685 2733 806 2814 recepit,
825 2751 951 2815 eumque
966 2734 1053 2797 ceteri
1069 2734 1188 2814 sequuti
1205 2746 1295 2813 aunt,
1310 2737 1343 2799 in
1358 2735 1463 2817 quibua

289 2837 439 2911 Nobbius,
457 2856 492 2898 er
513 2836 596 2899 cuius
612 2836 749 2899 editionis
764 2835 897 2916 exemplo
918 2835 1123 2915 interrogativa
1137 2838 1295 2918 particula
1311 2859 1363 2903 me
1376 2838 1466 2901 inrito

289 2941 376 3002 etiarn
396 2939 426 3002 in
445 2957 541 3002 meam
561 2938 720 3002 edilium
738 2938 876 3001 bauaima
895 2948 949 3002 est.
992 2938 1127 3001 blelierea
1147 2938 1278 3003 codices
1291 2941 1466 3022 particulam

287 3060 350 3105 uon
364 3050 538 3122 agnoscunt,
552 3059 646 3123 neque
660 3060 694 3104 ea
709 3059 785 3121 opus
800 3060 865 3104 esse
879 3049 1009 3122 apparet
1052 3040 1095 3104 ut.
1114 3041 1245 3124 iladvig.
1263 3044 1384 3126 Opuae
1398 3043 1425 3107 ll
1439 3063 1467 3125 p

290 3143 360 3207 163.
376 3178 417 3189 -
432 3142 571 3206 Similiter
584 3143 692 3206 iactum
707 3152 753 3205 eet
768 3161 829 3224 cap.
838 3143 1012 3219 Killbut
1023 3147 1056 3206 ir
1069 3143 1195 3208 calliam
1212 3147 1249 3209 in
1259 3166 1334 3211 mea
1341 3146 1470 3210 editione

286 3246 476 3322 scriberetur,
490 3264 581 3327 quum
602 3265 656 3327 ego
673 3245 761 3308 deleri
776 3245 1025 3327 praepositionem
1039 3246 1226 3311 arduiaaem.
1278 3252 1471 3331 Quamquam

286 3367 348 3413 uon
363 3367 448 3429 aegre
462 3350 525 3411 iero
540 3356 693 3422 serratam,
708 3348 946 3429 quandoquidem
962 3347 1077 3411 codices
1091 3367 1158 3410 earn
1172 3349 1209 3413 b.
1226 3352 1248 3414 l.
1267 3370 1383 3415 omnes
1398 3352 1471 3415 oue

286 3460 368 3526 runt,
382 3459 499 3531 praeter
513 3469 621 3525 unum,
643 3451 674 3513 in
694 3470 753 3532 quo
773 3459 872 3514 umen
886 3450 954 3530 ipse
969 3468 1058 3531 supra
1073 3449 1186 3531 scripta
1203 3462 1274 3529 eat,
1289 3455 1359 3518 aliia
1375 3462 1473 3518 anteo

286 3554 404 3617 latisin
419 3553 606 3616 dissensione
621 3554 756 3618 codicum
770 3555 857 3617 etiam
872 3551 1028 3617 mdiorum
1042 3551 1166 3615 difficilia
1185 3563 1242 3618 eet
1256 3557 1362 3639 optio.

372 3654 441 3736 Cap.
457 3655 532 3731 lllX,
547 3657 597 3719 50.
627 3655 724 3738 Nepae
738 3655 833 3718 solam
846 3659 908 3718 eiua
923 3654 1043 3735 (lunae)
1065 3659 1171 3736 specics
1188 3676 1231 3720 oe
1246 3662 1362 3741 [marro
1375 3670 1475 3723 mm

287 3770 350 3830 tur,
364 3792 404 3803 -
419 3792 461 3802 -
475 3759 525 3821 red
542 3761 629 3821 moer
648 3761 741 3839 rapio,
765 3776 837 3838 puae
853 3769 914 3821 tam
933 3769 975 3820 est
993 3758 1196 3840 acpeilomir
1218 3771 1293 3827 ntae
1320 3760 1477 3829 remees

286 3858 325 3922 le
349 3861 437 3924 leuce
455 3879 565 3942 prepete
585 3879 675 3923 cerea
694 3871 736 3923 eat
753 3871 781 3923 et
800 3860 922 3923 immae
942 3862 1085 3943 quaedem
1098 3872 1126 3924 et
1143 3861 1279 3928 ”latini
1298 3866 1476 3930 ubuliudo.

286 3962 377 4037 llaec,
396 3981 484 4043 quam
504 3961 574 4024 dicit
591 3962 715 4025 brumae
734 3971 763 4025 et
781 3961 899 4026 solstitii
913 3962 1146 4039 similitudinem,
1159 3963 1243 4029 inde
1261 3968 1383 4045 existit,
1398 3965 1479 4052 qaod

285 4065 373 4128 lunae
385 4063 466 4143 regie
482 4064 572 4126 mede
587 4063 764 4145 aqudomris
779 4064 871 4127 modo
890 4065 1026 4131 australia
1045 4074 1100 4129 eat
1141 4065 1346 4135 Incredibile
1359 4080 1410 4136 eet
1422 4071 1477 4151 igi·

287 4177 334 4231 tar
347 4168 391 4232 sic
405 4158 590 4242 ἆσυνδέτως
603 4168 704 4229 bacca
719 4167 857 4231 Cicerone
872 4168 1044 4249 composita,
1057 4187 1152 4251 neque
1167 4188 1290 4237 rerum
1306 4176 1479 4241 connexio·

287 4288 355 4333 nem
370 4270 456 4331 etiam
469 4268 611 4331 orationis
626 4268 861 4333 conformatione
878 4269 1034 4333 iudicatam
1049 4289 1127 4334 ease:
1147 4276 1378 4351 quemobrem
1398 4275 1478 4340 erei-

287 4371 367 4435 disse
379 4369 550 4453 periculam
565 4368 612 4433 Ito
625 4382 675 4433 aut
689 4369 737 4434 Sic
751 4389 807 4451 pro
824 4380 902 4435 certe
917 4371 1021 4435 babeo.
