3164 5138
658 407 698 471 69

582 499 662 507 «un—.-
700 501 783 509 .-..-

131 588 219 677 δῆρις
238 580 407 677 ὀρεσκῷοι,
430 584 515 657 tertia
536 589 628 676 γένος
648 592 821 676 μελισσῶν,
843 604 945 676 quarta
960 596 1085 677 denique
1102 589 1264 673 κνώδαλα,

131 712 192 773 gnae
215 695 307 757 omnia
330 694 410 759 inter
431 717 465 759 se
489 698 635 778 particulis
654 692 692 761 τέ
710 708 739 761 et
756 692 816 762 καί
841 701 1024 781 copulantur.
1068 701 1108 761 lta
1125 700 1153 760 in
1169 696 1263 761 verbis

130 792 207 882 φῦλεί
225 819 260 859 τε
280 794 407 880 ἕρπετοὶ
429 821 466 863 τε
486 802 570 881 plane
592 802 705 863 diversa
728 802 782 863 erit
804 804 956 885 utriusque
976 803 1096 882 copulae
1118 793 1262 882 potestas:

128 903 263 964 nonenim
280 903 455 983 copulantur
469 904 546 966 inter
560 924 592 967 se
606 907 677 965 baec
692 904 750 965 duo
764 905 911 979 vocabula,
927 924 1022 985 neque
1037 904 1159 966 alterum
1174 897 1213 966 σε’
1226 906 1262 966 εδ

126 1005 238 1079 rbuurn,
252 1013 284 1067 at
298 1007 394 1068 moris
412 1015 463 1079 est,
477 1009 610 1081 retertur,
626 1007 678 1068 sed
692 1008 778 1087 prior
791 1009 931 1089 particula
947 1007 1161 1070 substantivum
1176 1024 1263 1068 suum

126 1104 198 1189 pile
215 1108 342 1189 adiungit
356 1109 406 1184 iis,
421 1129 494 1190 quae
509 1118 576 1172 ante
591 1110 758 1185 dictasunt,
773 1112 968 1173 altercantem
985 1104 1108 1189 ἕρπετα
1122 1126 1183 1170 non
1196 1128 1262 1175 cum

125 1205 198 1294 φῦλα
213 1212 264 1272 sed
284 1231 352 1274 curn
379 1213 415 1275 iis
437 1232 510 1293 qnae
531 1221 693 1293 sequuntur
712 1207 823 1299 φύλων
847 1214 1002 1294 speciebus
1029 1211 1185 1274 connectit
1231 1211 1263 1271 ld

124 1314 217 1374 ansusi
230 1313 342 1394 logicae
356 1317 464 1378 rationi
481 1334 543 1378 non
558 1316 737 1385 adversatur,
754 1315 840 1377 babet
850 1324 949 1378 tamen
961 1315 1038 1377 band
1055 1314 1140 1376 dubie
1155 1312 1263 1392 aliquid

123 1415 221 1477 molesti
231 1424 315 1497 atque
329 1417 510 1491 inconcinni,
527 1421 679 1498 multoque
693 1417 807 1498 planior
823 1427 851 1480 et
870 1418 982 1480 iacilior
995 1418 1095 1479 evadet
1110 1417 1217 1488 oratio,
1237 1415 1262 1475 si

121 1518 195 1579 nnius
207 1520 316 1582 litterae
327 1521 494 1583 mutatione
512 1539 569 1601 pro
589 1512 625 1583 θ’
643 1512 729 1583 ὅσσα
749 1539 928 1602 reponamus
943 1513 1055 1596 τόσσα,
1072 1520 1151 1600 quod
1171 1536 1261 1597 quum

121 1621 193 1682 ctiam
210 1622 364 1684 relativum
384 1643 452 1685 essc
474 1623 643 1702 ignorarent
661 1621 783 1695 librarii,
802 1624 871 1685 illud
894 1623 1017 1685 alterum
1033 1624 1063 1684 in
1084 1622 1147 1681 eius
1162 1620 1261 1681 locum

120 1722 279 1786 nvenerunt
325 1726 388 1787 lam
427 1719 551 1807 ἔρπεια
580 1721 670 1810 φῦλα
707 1734 784 1786 recte
820 1725 1017 1804 adiunguntur
1047 1723 1260 1803 superioribus,

121 1825 234 1907 ipsisqnc
247 1845 354 1889 narsus
372 1828 547 1907 copulantur
561 1823 666 1911 θῆρες
680 1818 840 1910 ὀρεσκῷοι
857 1838 970 1907 atquae
985 1834 1160 1907 sequuntur:
1176 1834 1262 1905 atque

121 1928 157 1988 sic
169 1930 279 1992 δειειαιο
296 1929 370 1992 illud
384 1948 487 1991 rerum
502 1938 558 2002 est,
578 1929 657 2009 quod
672 1929 840 1991 Welclrems
856 1929 956 2001 voluit,
971 1937 1005 1990 ut
1026 1924 1116 2013 φῦλα
1138 1920 1262 2009 ἕρπετα

121 2029 184 2091 idun
207 2031 246 2093 sit
270 2042 361 2113 atque
389 2028 479 2117 φῦλα
508 2023 663 2114 ἓρπέτων.
707 2030 842 2093 Ceterum
868 2031 904 2091 de
930 2030 1045 2091 relativa
1075 2029 1262 2110 pronominis

119 2124 204 2207 τόσος
223 2133 439 2213 significatione
453 2134 640 2195 Hermannus
667 2134 784 2195 monuit
801 2135 837 2195 ad
858 2134 974 2196 Pindar.
998 2133 1081 2193 Nem.
1101 2133 1151 2204 lv,
1171 2133 1205 2204 7,
1232 2140 1262 2192 et

120 2235 185 2312 qnod
213 2237 288 2299 idem
322 2237 359 2298 ad
385 2237 490 2317 Hpmn.
510 2236 598 2297 Hom.
629 2236 659 2297 in
678 2236 741 2297 Cer.
770 2256 796 2296 r.
824 2236 865 2297 66
894 2237 974 2297 bunc
1001 2253 1088 2295 usum
1114 2232 1261 2314 antiquio-

121 2335 188 2398 ribus
218 2340 380 2411 abiudicat‚
418 2339 454 2399 ad
483 2340 634 2419 epicorum
671 2337 876 2399 tantummodo
912 2353 1081 2398 sermonem
1114 2336 1262 2416 pertinere

117 2437 221 2502 tidelm.
234 2446 261 2519 ¹)

188 2544 358 2607 Alcmanem
374 2544 563 2606 Stesichorus
578 2551 726 2623 sequatur,
741 2543 824 2605 onius
840 2546 1047 2624 fragmentum,
1067 2562 1083 2604 a
1099 2541 1261 2604 Scholiasta

117 2642 147 2702 ad
161 2643 302 2727 Euripidis
320 2647 417 2708 Orcst.
437 2666 463 2707 v.
485 2646 546 2708 243
566 2655 723 2720 serratum,
744 2664 805 2707 non
820 2655 897 2709 recto
913 2646 1112 2708 bleblbornius
1128 2644 1259 2725 descrip-

117 2742 179 2807 sisse
190 2750 309 2812 ridetur
322 2750 381 2810 boc
393 2750 498 2811 modo:

270 2845 398 2913 Οῧνεκα
423 2843 616 2932 Τυνδάρειος

168 2948 270 3036 ῥέζων
290 2951 380 3015 πᾶσι
400 2952 517 3017 θεοῖσι
536 2950 618 3033 μιᾶς
639 2946 813 3036 Κύπριδος
834 2942 950 3015 λάθετ’
972 2942 1181 3036 ἠσιοδιδροο·

267 3047 360 3117 κείνα
385 3049 558 3140 Ίλννδοὶρεαν

84 3152 89 3159 ’
168 3153 306 3241 κούραις
324 3151 497 3238 χωσαμένα
520 3151 683 3240 διγᾶμονς
702 3151 882 3243 τριγάμονς
902 3176 939 3219 τε
958 3149 1079 3238 τίθησι

267 3253 327 3322 καὶ
348 3254 577 3342 λινιεσολνορας.

187 3363 263 3425 Nam
278 3362 356 3441 apud
368 3361 550 3423 Scholiasten
564 3379 627 3424 non
642 3358 729 3424 πᾶσι
741 3362 883 3441 scripturn
899 3370 951 3435 est,
967 3362 1017 3422 sed
1032 3354 1150 3433 ἅπασι,
1164 3379 1260 3441 neque

116 3459 184 3537 μιᾶς
202 3457 381 3544 Κύπριδος
401 3454 516 3524 λάθετ’
538 3453 746 3546 η’πιοδολροο,
763 3464 814 3525 sed
829 3460 912 3542 μιᾶς
925 3458 1051 3525 laisiaco
1066 3454 1259 3547 ἦπιοδώροι·

116 3557 288 3652 Κύπριδος,
310 3583 408 3645 neque
429 3557 521 3626 κείνα
547 3561 652 3640 Τονδ,
676 3565 727 3626 scd
749 3557 842 3625 κείνα
865 3559 902 3626 δὲ
929 3562 1034 3643 Tomi„
1056 3583 1113 3627 nec
1134 3568 1258 3646 denique

114 3663 286 3750 tonocgewa,
309 3668 362 3730 sed
384 3661 610 3745 χολωσαμένα,
634 3685 707 3746 quac
723 3668 821 3729 omnia
835 3668 1014 3730 llelbomius
1034 3668 1104 3730 satis
1119 3669 1259 3730 violenter

115 3772 207 3833 ataine
221 3772 329 3834 idonea
344 3789 431 3832 causa
451 3770 574 3832 delendo
590 3778 639 3831 aut
659 3771 881 3849 transponendo
901 3771 1034 3843 mutavit,
1061 3771 1091 3831 in
1110 3771 1256 3851 plerisque
1275 3788 1290 3838 c

114 3869 315 3936 dlonbcldium
330 3880 474 3953 sequutus
490 3872 565 3933 ldus.
582 3872 644 3932 crit.
660 3871 793 3933 Cantabr.
815 3873 884 3934 lasc.
906 3871 955 3947 Vl,
975 3890 1066 3933 unum
1085 3868 1260 3953 χωσαμένα

116 3990 161 4052 pro
174 3970 385 4055 χολωσαμένα
407 3976 444 4037 δε
459 3993 513 4036 suo
529 3973 650 4046 addens,
666 3972 733 4053 quia
748 3973 858 4035 sedicet
871 3974 943 4035 nihil
958 3975 1137 4054 frequentius
1151 3977 1260 4038 borum

115 4077 259 4141 ruborum
283 4078 513 4159 permutatione,
539 4094 634 4156 neque
647 4070 861 4155 χολωσαμένα
881 4076 988 4151 vomui,
1003 4076 1116 4156 qualem
1141 4077 1259 4156 quidem

172 4326 194 4388 ll
207 4323 262 4376 Non
275 4324 440 4376 dissimulabo
453 4329 535 4373 tamen
548 4339 612 4373 nunc
623 4320 812 4389 praeferendam
824 4320 882 4372 mibi
894 4318 976 4373 videri
994 4318 1038 4372 Tb.
1052 4318 1154 4382 Bergkii
1175 4330 1259 4367 cncu-

117 4405 234 4475 buccam,
246 4405 338 4480 φύλλα
350 4426 379 4463 τε
392 4405 497 4477 ignaro
509 4403 535 4457 θ’
548 4401 623 4458 ὅσσα
635 4440 658 4449 -
