3290 5142
809 434 961 582 ,ι-

300 672 537 738 eoasidsraverit.
564 672 638 736 Nem
653 672 787 755 quamvis
801 674 884 737 varie
892 670 1087 736 tramtsratm
1104 669 1260 751 utriusque
1279 668 1361 734 verbi
1378 687 1463 744 usus,

299 775 382 839 taeile
396 783 498 841 tomen
509 775 608 838 omnia
622 793 638 837 a
650 775 795 856 primitiva
806 774 1016 856 signifieatione
1027 773 1151 836 derivari
1160 779 1296 854 possunt,
1308 791 1384 856 quae
1395 772 1463 855 qui-

300 878 369 941 dem
383 878 427 941 sio
439 877 502 941 fere
516 877 680 941 delinienda
694 884 749 952 est,
764 884 799 940 ut
811 879 851 939 sit
861 877 880 938 i.
893 896 922 958 q.
933 894 999 939 rem
1010 875 1139 958 aliquam
1153 876 1300 957 tangendo
1311 876 1357 938 vel
1371 876 1463 938 strin-

285 980 405 1063 .gendo‚
420 981 562 1056 fricando,
577 980 708 1044 radendo
723 979 769 1042 vel
782 981 871 1043 etiam
886 978 1038 1042 tundendo
1053 979 1094 1041 ita
1107 985 1241 1052 tractare,
1255 984 1300 1051 ut,
1315 977 1341 1041 si
1349 977 1407 1040 hoo
1413 996 1463 1041 sa·

299 1082 337 1145 tis
352 1082 403 1146 diu
417 1090 468 1146 aut
481 1083 671 1145 vehementer
685 1082 745 1157 liat,
759 1098 795 1145 ea
808 1099 857 1143 res
871 1080 1009 1144 imminui
1023 1086 1111 1161 atque
1124 1079 1235 1159 aliqstid
1249 1081 1285 1143 de
1300 1079 1464 1144 substantia

299 1202 353 1248 sna
368 1186 503 1248 amittere
516 1183 621 1266 possit.
651 1183 727 1247 ilino
741 1190 872 1265 apparet,
887 1203 948 1266 quo
962 1183 1027 1247 inre
1041 1184 1181 1246 etaiam
1200 1190 1324 1246 terere
1338 1189 1369 1246 et
1384 1174 1464 1246 dode

299 1287 425 1370 τρίβειν
441 1289 572 1352 dieatnr:
597 1287 729 1368 itemque
748 1287 890 1349 tramlata
914 1286 977 1348 viae
1002 1286 1191 1349 similitudine
1209 1285 1299 1347 etiam
1316 1292 1462 1368 tempus

299 1398 440 1467 terere,
454 1385 569 1473 χρόνον
582 1390 717 1471 τρίβειν,
739 1390 890 1452 autetiam
904 1388 1121 1471 diormitius:
1144 1387 1348 1469 Conpositum
1362 1395 1463 1451 autem

299 1486 459 1573 ἐκτρίβειν
472 1493 659 1556 Hermannus
679 1493 710 1554 in
723 1492 782 1555 hoo
795 1492 874 1554 lonis
888 1509 976 1554 versu
990 1491 1033 1554 sie
1046 1491 1158 1554 dietum
1170 1507 1236 1552 esse
1254 1488 1361 1565 eredit,
1377 1497 1412 1552 ut
1425 1491 1463 1553 in

299 1601 493 1659 aeternum
507 1596 701 1676 signifloetur:
716 1611 786 1656 nam
801 1593 975 1675 particulam
990 1593 1027 1656 ad
1042 1593 1131 1654 linem
1146 1592 1261 1666 reterri,
1277 1592 1462 1673 quiAtlantis

299 1698 392 1762 labori
406 1698 505 1760 nullus
519 1699 567 1761 sit.
597 1697 647 1760 Sic
657 1696 745 1759 etiam
761 1690 924 1780 ἐκτρίβειν
935 1696 1010 1777 βίον
1019 1695 1222 1777 aecipiendum
1233 1713 1298 1757 esee
1312 1696 1388 1777 apud
1404 1697 1463 1758 So·

299 1798 436 1882 phoolem
447 1798 519 1860 Oed.
535 1799 570 1862 ll.
583 1817 609 1859 ε.
626 1796 699 1860 248.
729 1798 761 1860 ld
776 1799 850 1861 milui
864 1816 950 1861 seous
963 1798 1087 1860 videtur.
1118 1797 1370 1878 Praepositionem
1384 1796 1463 1860 illam

298 1901 330 1963 in
350 1899 523 1983 compositis
552 1917 767 1981 nonnunquam
793 1900 1047 1963 continuationem
1065 1899 1229 1980 signifioare
1248 1898 1324 1974 seio,
1348 1899 1464 1982 dieique

299 2002 337 2065 de
351 2002 474 2075 notione,
491 2019 566 2083 quae
581 2019 643 2064 non
656 2001 868 2065 intermittatur
882 2010 950 2066 ante
972 2021 1061 2081 quam
1081 2001 1118 2064 ad
1138 2002 1228 2063 mem
1248 2002 1390 2084 perducta
1408 2003 1463 2079 sit3

299 2106 336 2167 de
349 2112 468 2168 aeterna
483 2109 583 2166 autem
598 2105 722 2177 satione,
739 2104 848 2187 quippo
863 2105 947 2168 onius
961 2105 1028 2167 tlnis
1042 2103 1141 2166 nullus
1151 2105 1199 2179 sit,
1215 2122 1273 2185 qua
1284 2105 1397 2167 ratione
1407 2105 1465 2168 diei

298 2205 403 2287 possit,
419 2205 492 2268 milri
506 2222 569 2269 non
581 2206 694 2286 liquere
705 2206 807 2270 fateor.
836 2207 937 2287 Neque
959 2206 1037 2288 apud
1057 2206 1250 2287 Sophoclem,
1266 2207 1318 2271 ubi
1338 2206 1463 2288 legimus

298 2302 501 2387 κατεύχομαι
523 2304 561 2369 δέ
582 2341 623 2354 -
645 2304 746 2371 κακόν
770 2305 878 2382 κακῶς
903 2327 953 2369 νιν
980 2297 1105 2388 ὅμορον
1131 2300 1289 2391 ἐκτρῖψαι
1314 2308 1401 2389 βίον,
1426 2308 1463 2371 de

299 2418 417 2474 aeterna
431 2409 489 2472 vita
504 2409 624 2491 eogitari
638 2430 726 2492 posse
741 2417 870 2492 apparet.
893 2409 1046 2472 Assentior
1056 2409 1154 2490 itaque
1166 2410 1306 2482 Seidlero‚
1322 2411 1373 2492 qui
1383 2411 1462 2493 opud

293 2511 443 2575 Hermia
467 2512 559 2592 praei.
580 2533 610 2593 p.
632 2514 686 2587 lv,
707 2513 897 2577 deterendi
916 2512 1015 2593 potius
1036 2512 1279 2593 significationem
1299 2513 1369 2575 huie
1395 2513 1461 2576 loco

294 2619 394 2694 aptam
409 2631 474 2675 esse
488 2620 599 2676 censet
618 2614 728 2679 Eadem
743 2615 915 2697 significatio
928 2621 977 2677 est
990 2633 1016 2676 ε.
1032 2634 1057 2677 o.
1072 2614 1150 2695 opud
1164 2621 1315 2681 auctorem
1326 2615 1415 2678 libelli
1426 2617 1463 2680 de

294 2731 455 2798 puerorum
470 2715 652 2792 educatione,
668 2717 763 2797 quiin
779 2716 962 2780 Plutareheis
976 2715 1091 2797 legitur,
1106 2736 1171 2799 oap.
1185 2717 1221 2778 4:
1247 2713 1383 2801 σίδηρος
1403 2714 1463 2780 καὶ

293 2812 414 2895 χαλκὸς
434 2817 507 2893 ταῖς
529 2810 677 2903 ἐπαφαῖς
696 2819 764 2881 τῶν
783 2813 901 2904 χειροῖν
921 2810 1115 2900 ἐκτρίβεται.
1144 2819 1246 2900 ltaque
1266 2819 1347 2882 Atlas
1368 2838 1462 2902 quum

294 2918 368 2982 coeli
383 2919 486 2982 orbem
500 2921 633 2984 humeris
650 2922 712 2986 suis
733 2923 831 2985 aeneis
852 2921 1025 3003 impositum
1045 2928 1182 2995 verset,
1203 2925 1238 2982 ut
1257 2929 1304 2984 est
1321 2923 1354 2984 in
1373 2921 1462 2986 Ennii

292 3038 380 3084 versa
393 3022 471 3102 apud
485 3023 612 3086 Maerob.
628 3022 690 3087 Sat.
711 3023 759 3099 tt,
779 3025 807 3099 1,
828 3030 879 3086 aut
898 3030 1088 3104 torqueat,
1108 3030 1143 3086 ut
1161 3023 1305 3104 Vergilius
1324 3024 1364 3087 ait
1383 3023 1456 3088 Aen.

293 3123 368 3198 Vlll,
386 3122 456 3198 136,
470 3123 533 3187 fleri
547 3142 609 3189 non
621 3133 721 3207 potest
735 3126 807 3207 quin
821 3144 901 3201 eum,
918 3132 1022 3208 utpote
1038 3134 1068 3188 et
1080 3126 1180 3207 ipsum
1191 3126 1227 3189 ad
1239 3125 1314 3189 aeris
1324 3134 1376 3189 aut
1386 3127 1457 3189 ferri

293 3232 386 3295 instar
403 3231 526 3302 durum,
548 3227 742 3308 quamobrem
762 3230 851 3291 etiam
869 3223 1022 3311 σιδήρεος
1039 3236 1091 3291 aut
1109 3222 1317 3306 πολύχαλκος
1340 3228 1455 3303 dieitur,

293 3333 429 3397 nonnihil
443 3330 594 3417 paullatim
615 3329 737 3392 deterat.
763 3330 831 3393 Non
850 3330 1023 3393 absimiliter
1040 3329 1163 3392 verbum
1184 3324 1346 3415 ἐκτρίβειν
1367 3331 1457 3394 etiam

293 3437 330 3499 de
345 3436 381 3498 iis
395 3439 564 3515 usurpatur,
579 3432 632 3514 qui
645 3431 747 3495 ianuas
761 3433 964 3513 potentiorum
978 3431 1149 3513 frequenter
1162 3434 1298 3497 adeundo
1310 3433 1456 3514 quodam

293 3538 382 3601 modo
397 3538 548 3600 deterunt:
562 3534 594 3596 ui
608 3535 689 3597 enim
710 3529 771 3610 τὰς
792 3528 900 3615 θύρας
919 3527 1081 3614 ἐκτρίβειν
1102 3534 1240 3598 dicuntur
1258 3543 1333 3599 teste
1348 3535 1456 3599 Eusta-

293 3638 356 3703 tlaio
372 3639 409 3701 ad
424 3638 478 3702 dd.
492 3637 580 3711 xva,
596 3635 669 3712 221,
684 3636 763 3700 unde
777 3636 856 3698 idem
870 3637 1052 3711 Euanthius,
1067 3638 1151 3719 epist.
1167 3636 1198 3700 8.
1212 3637 1249 3700 od
1260 3637 1456 3714 domenum,

294 3742 403 3825 Opuse.
418 3760 448 3822 p.
464 3737 536 3815 318,
553 3739 605 3815 87,
620 3738 792 3802 huiusmodi
810 3738 980 3821 frequentes
1000 3739 1143 3803 aditiones
1162 3740 1252 3802 etiam
1273 3736 1385 3822 θυρῶν
1404 3732 1456 3803 ἐκ·

292 3836 410 3926 τριβάς
424 3842 506 3906 dixit.
536 3842 612 3907 Nolo
623 3847 723 3906 autem
738 3840 922 3905 dissimulare
942 3842 1035 3906 istum
1055 3841 1137 3905 verbi
1155 3860 1243 3904 usum
1264 3842 1338 3905 milii
1357 3841 1458 3924 aspici

293 3946 441 4010 sermonis
455 3962 658 4028 personaeque
674 3943 789 4007 divinae
805 3944 938 4026 dignitati
952 3945 1096 4009 nonsatis
1110 3944 1335 4008 aooomodatum
1354 3944 1456 4019 vidui,

293 4048 471 4130 mallemque
485 4047 655 4129 Euripidem
671 4066 706 4109 eo
727 4045 951 4128 mandasset).
981 4046 1042 4109 Neo
1061 4047 1161 4110 minus
1184 4047 1316 4129 displicet
1334 4048 1456 4111 verbum

293 4148 386 4212 θεῶν
399 4151 431 4213 in
445 4150 578 4213 eiusdem
592 4165 694 4221 versus
708 4154 739 4210 et
759 4148 903 4232 principio
924 4156 955 4212 et
973 4149 1054 4213 exitu
1071 4149 1219 4232 positum,
1239 4149 1324 4214 ouius
1342 4150 1457 4232 generis

360 4300 386 4367 8)
398 4300 441 4353 Sto
456 4301 532 4353 ettam
548 4298 723 4352 Wakefieldus
738 4301 851 4354 semisse
868 4302 980 4366 videtur,
996 4302 1038 4369 qui
1060 4307 1197 4367 propteroa
1208 4297 1356 4371 ἐνερείδον
1366 4301 1456 4368 reponi

293 4385 388 4524 salpi:6
398 4386 602 4452 wulnodum
612 4383 686 4440 Atlas
704 4382 829 4457 οὐρανὸν
840 4381 929 4458 ὅμως
940 4384 1058 4458 ἐρείδειν
1071 4393 1114 4439 est
1124 4387 1190 4454 apud
1205 4386 1360 4457 Assotylam
1371 4386 1457 4440 Pron.

293 4487 319 4525 v.
388 4507 396 4523 .
