3290 5142
714 430 863 528 *rp-

208 616 301 681 citum
321 615 367 679 rel
386 617 548 682 coercitum
560 617 620 699 ²⁶).
649 617 752 700 Neque
772 618 862 699 iqitm
879 618 1051 681 huiusmodi
1070 634 1161 698 regno
1180 615 1252 679 iilud
1269 617 1367 695 βασι-

207 716 299 795 λείας
312 736 424 783 nomen
438 726 517 783 recte
531 719 623 782 tribui
637 727 734 797 negat,
749 719 776 783 si
790 719 911 801 quidem
925 720 1016 783 etiam
1030 720 1126 783 sicrei
1137 719 1270 801 publicae
1281 719 1368 784 salmi

207 820 283 883 bene
305 821 484 885 consulatur.
515 820 652 885 Officium
669 828 769 885 autem
783 821 855 884 boni
868 822 944 904 regis
958 824 1017 885 hoc
1030 821 1219 903 potissimum
1233 838 1312 894 esse,
1334 826 1369 883 ut

207 922 247 987 ait
267 915 391 1008 φύλαξ,
419 916 515 998 ὅπως
542 915 576 986 οὶ
601 916 662 1004 μὲν
687 918 881 1008 κεκτημένοι
900 920 962 999 τὰς
985 915 1099 999 οὐσίας
1120 919 1229 1009 μηθὲν
1251 912 1370 986 doceor

207 1014 434 1102 πάσχωσιν,“ὁ
458 1019 495 1089 δὲ
518 1021 624 1109 δῆμος
644 1021 689 1112 μὴ
710 1018 883 1112 ὑβρίζηται
904 1019 1088 1111 populatu,
1113 1024 1144 1088 h.
1172 1046 1199 1089 c.
1219 1033 1254 1089 ut
1270 1043 1369 1108 neque

206 1126 356 1190 nobilibus
371 1133 401 1188 et
415 1126 609 1208 locupletibus
623 1148 640 1191 a
654 1129 738 1209 plebe
753 1129 860 1193 iniuria
874 1129 942 1203 flat,
957 1146 1053 1209 neque
1068 1127 1182 1211 plebea
1197 1129 1297 1211 paucis
1311 1145 1368 1210 op-

206 1230 367 1312 primatur3
387 1229 467 1310 quod
482 1230 553 1310 quid
567 1238 613 1293 est
627 1230 720 1306 aiud,
742 1250 832 1313 quam
847 1239 881 1294 ut
894 1249 983 1295 suum
998 1231 1103 1311 cuique
1117 1231 1193 1312 parti
1207 1230 1308 1313 populi
1321 1231 1368 1293 ius

206 1335 306 1396 tutum
320 1332 553 1415 inviolatumque
566 1331 629 1397 siti
649 1334 694 1396 db
708 1334 766 1397 boc
780 1343 881 1398 autem
894 1352 983 1397 suum
995 1333 1101 1414 cuique
1112 1332 1260 1396 tribuendi
1269 1332 1367 1396 studio

206 1441 389 1514 quantopere
404 1453 525 1511 omnes,
547 1443 694 1518 quotquot
708 1436 844 1513 fuerumt,
866 1437 911 1501 vel
926 1434 1098 1517 oligarchiae
1112 1435 1157 1498 rel
1171 1435 1369 1499 democratiae

204 1536 237 1601 in
248 1536 367 1601 Graecia
377 1536 525 1601 abluerint
535 1539 625 1603 latere
635 1540 770 1621 prolecto
781 1539 970 1603 Aristotelem
981 1554 1042 1601 non
1053 1537 1159 1619 potuit,
1171 1538 1258 1620 quisi
1267 1543 1368 1601 tamm

206 1646 237 1701 et
250 1656 415 1721 paucorum
430 1642 586 1723 imperium
601 1651 632 1707 et
646 1661 711 1706 eam
727 1643 850 1706 civitatis
864 1641 1009 1715 formam,
1024 1640 1056 1702 iu
1071 1658 1130 1722 que
1143 1656 1234 1722 penes
1247 1639 1367 1703 unirer·

206 1758 274 1805 sum
288 1742 433 1824 populum
447 1749 578 1823 potestas
591 1745 639 1819 sit,
655 1744 803 1809 salubrem
818 1742 1007 1825 reipublicae
1021 1742 1144 1805 evadere
1158 1760 1246 1823 posse
1261 1741 1367 1823 dispu-

205 1851 259 1919 tat,
274 1862 336 1907 non
350 1862 420 1908 sane
435 1845 508 1908 tales
521 1846 553 1908 in
567 1855 668 1911 mente
681 1847 780 1920 babet,
795 1845 897 1929 quales
911 1846 974 1928 ipsc
989 1845 1112 1921 videbat,
1127 1845 1180 1908 sed
1191 1844 1291 1925 quales
1301 1861 1367 1907 esec

207 1946 352 2011 debebant
371 1954 422 2011 aut
443 1949 545 2029 quales
564 1948 633 2012 olim
653 1952 781 2014 fortasse
800 1949 832 2011 in
850 1966 910 2012 una
929 1948 973 2011 rel
990 1946 1082 2010 altera
1101 1947 1216 2009 ciuitate
1232 1946 1366 2027 aliquan-

206 2049 300 2131 tisper
317 2050 410 2114 subse
428 2058 593 2133 acceperat,
614 2052 686 2115 dum
706 2051 777 2115 boni
796 2070 896 2116 mores
910 2048 1057 2131 vigebant,
1079 2056 1109 2113 et
1123 2067 1220 2131 neque
1234 2041 1366 2130 potentia

206 2169 259 2216 sua
275 2153 447 2234 optimates,
469 2171 568 2235 neque
581 2154 716 2218 libertate
730 2155 859 2237 populus
874 2172 942 2217 cum
958 2153 1036 2215 maio
1051 2151 1168 2234 publico
1182 2149 1365 2215 abutebatur.

206 2253 281 2318 Nam
304 2256 355 2338 qui
374 2255 449 2319 benc
472 2257 578 2319 morati
597 2264 691 2332 sunt‚.
703 2258 735 2320 bi
754 2274 815 2320 non
834 2275 966 2321 crescere
981 2255 1037 2337 ipsi
1051 2255 1183 2337 aliosque
1198 2253 1366 2336 opprimere

207 2357 382 2434 studebunt,
402 2376 500 2440 neque
520 2360 585 2441 plus
605 2360 661 2423 sibi
679 2360 873 2442 arrogabunt,
896 2378 986 2442 quam
1007 2360 1107 2433 decet,
1127 2357 1180 2421 sed
1199 2357 1257 2419 hoc
1270 2373 1366 2421 uuum

206 2460 366 2536 curabunt,
390 2467 425 2525 ut
449 2461 525 2524 bene
545 2462 715 2526 consulatur
735 2462 778 2525 rei
799 2463 948 2543 publicae,
976 2463 1099 2543 eiusque
1117 2458 1366 2524 administrandae

206 2570 382 2644 potestatem
397 2564 432 2626 iis
446 2570 562 2626 tantum
578 2564 758 2645 permittent
774 2583 848 2645 quos
864 2566 977 2646 dignos,
992 2565 1022 2626 b.
1039 2583 1064 2627 e.
1080 2563 1175 2626 bonos
1189 2580 1223 2626 ac
1233 2561 1365 2643 pruden-

205 2672 251 2728 tes
280 2666 478 2747 coqnoverint.
513 2666 610 2748 Atque
632 2666 704 2729 haec
723 2674 768 2730 est
788 2669 970 2731 aristocratia
990 2667 1051 2730 ueri
1072 2665 1216 2736 nominis,
1238 2681 1301 2726 non
1319 2671 1363 2737 ca,

205 2787 296 2850 quam
315 2769 390 2832 falso
409 2768 530 2830 nomine
549 2770 635 2849 vulgo
655 2771 794 2852 appellari
809 2771 958 2847 videmus,
978 2787 1141 2852 paucorum
1156 2773 1207 2830 aut
1221 2764 1365 2829 nobilium

205 2880 257 2933 aut
271 2870 393 2943 divitum
407 2871 591 2954 praepollens
606 2878 748 2954 potestas,
763 2875 815 2935 sed
831 2873 961 2936 uirorum
976 2872 1160 2954 optimorum
1175 2867 1364 2933 administra·

204 2974 246 3037 tio
275 2973 320 3039 rei
343 2973 490 3055 publicae,
517 2992 590 3055 quae
613 2975 644 3037 in
666 2993 842 3056 quacunque
862 2983 908 3039 cst
927 2974 1051 3039 ciuitatis
1070 2975 1179 3049 forma,
1205 2971 1245 3036 ibi
1264 2972 1364 3035 locum

204 3076 312 3140 habere
328 3077 524 3143 concedemus
537 3077 609 3140 illud
623 3077 735 3159 anglici
750 3085 855 3161 poetae
869 3079 992 3152 dictum,

490 3212 523 3247 cn
534 3193 614 3248 forms
627 3194 656 3249 oi
664 3206 830 3262 government
840 3197 878 3250 let
889 3196 957 3249 leole
968 3203 1082 3260 coatcet;

487 3281 532 3334 tire
543 3282 603 3334 best
613 3281 807 3335 administratori
818 3283 841 3335 le
852 3282 897 3334 tire
908 3281 974 3335 best.

203 3386 289 3460 Quod
310 3386 336 3448 si
358 3403 438 3449 unus
457 3403 522 3449 rem
542 3386 688 3468 publicam
707 3388 739 3451 in
757 3394 904 3469 potestate
917 3385 1021 3462 babet,
1040 3385 1214 3451 conminus
1229 3383 1362 3467 proiecto

270 3569 314 3635 ab)
334 3569 491 3623 Aristoteles
512 3572 611 3639 quidem
632 3573 786 3625 enumeratis
802 3572 842 3624 bia
859 3578 979 3640 σοιῐίαοι·
989 3571 1125 3637 generibus
1137 3568 1178 3625 iil.
1191 3571 1236 3637 10,
1252 3570 1269 3622 2
1285 3571 1363 3623 etiam

203 3654 315 3722 quintum
331 3654 413 3707 addit:
430 3657 565 3727 πέμπτον
581 3653 610 3707 ‹i'
624 3653 701 3715 aldor
710 3657 861 3724 βασιλείας,
874 3651 942 3710 ὅταν
953 3647 970 3729 ᾗ
982 3654 1100 3712 πάντων
1110 3652 1205 3727 κύριος
1217 3649 1257 3717 alr
1268 3650 1309 3710 ὅν
1318 3684 1361 3707 -.

203 3733 300 3811 οἵσπερ
311 3735 397 3810 γὰρὴ
412 3738 578 3811 οἰκονομικὴ
590 3743 718 3808 βασιλεία
731 3759 772 3801 τις
784 3744 875 3801 οίκίας
886 3738 972 3810 ἐστίν,
985 3737 1071 3800 οὗτος
1081 3739 1099 3809 ἦ
1110 3741 1238 3808 βασιλεία
1255 3736 1365 3800 πόλεως

201 3824 249 3877 κοί
261 3819 362 3883 ἔθνους
373 3823 436 3883 ἑνὸς
446 3821 463 3892 ἢ
475 3822 615 3880 πλειόνων
627 3827 786 3896 οἰκονομία.
809 3826 924 3896 Apparet
934 3828 1089 3896 despoticnm
1101 3843 1205 3895 reguum
1213 3826 1363 3893 siqnideari,

202 3910 228 3961 in
239 3926 287 3977 quo
300 3917 371 3962 tanta
383 3911 419 3963 ait
430 3911 500 3976 regia
511 3919 634 3978 potestas,
646 3920 738 3980 quauta
748 3912 775 3964 iu
786 3913 859 3965 domo
871 3914 952 3980 patris
964 3912 1081 3967 familiae.
1101 3912 1180 3981 Atqui
1191 3909 1362 3977 δεσποτικὴν

202 3991 293 4065 ἀρχὴν
309 3996 385 4047 etiam
401 3996 466 4065 apud
482 3996 607 4049 barbaros
619 3998 739 4065 quosdam
750 4012 855 4064 regum
866 4013 923 4051 ease
935 3999 1002 4052 dixit
1013 4016 1037 4051 ο.
1049 4000 1074 4063 il,
1086 4001 1111 4067 3,
1124 4007 1150 4052 et
1160 3997 1364 4068 παραπλησίαν

201 4081 367 4154 τυραννικῇ,
383 4088 413 4132 nt
428 4082 472 4132 vix
488 4082 642 4149 perspicias,
657 4083 717 4150 quid
734 4083 839 4136 intersit
855 4084 923 4137 inter
938 4086 987 4136 boe
1003 4092 1029 4135 et
1045 4084 1118 4137 iilud
1142 4083 1217 4136 Certe
1229 4081 1363 4136 tamtum

202 4165 347 4219 monnica
359 4166 456 4218 dirim
468 4165 600 4235 videntur,
616 4174 646 4219 ut
656 4184 706 4219 non
719 4182 823 4223 ccccm
833 4169 1021 4238 putaverimus,
1032 4168 1102 4221 illius
1114 4169 1195 4237 quinti
1205 4169 1308 4235 generis
1318 4181 1362 4218 aa·

202 4251 309 4319 paratim
319 4252 470 4305 mentionem
481 4250 579 4318 iacere,
597 4253 643 4306 sed
654 4251 859 4307 coniunxerimua
871 4254 898 4308 ld
911 4270 967 4308 enm
978 4261 1083 4324 quarto,
1095 4255 1160 4324 qued
1171 4254 1198 4307 iu
1208 4250 1361 4307 mutetis

203 4338 391 4391 enumeratione
402 4338 538 4393 samarium
550 4345 598 4393 cat.

270 4422 313 4489 tt)
332 4422 409 4476 relic
420 4421 453 4490 V,
465 4421 490 4488 8,
502 4423 527 4475 d.
