3284 5152
678 495 828 590 ωοι,

173 682 383 765 contemplanti
398 682 514 744 diverse
524 688 624 745 tamen
634 699 702 743 esse
712 682 896 743 videbuntur.
920 679 1033 762 Nempe
1044 681 1074 744 in
1085 680 1194 745 horum
1207 689 1334 763 utroque

173 785 295 848 verbum
310 794 356 847 est
366 785 495 847 bominis
509 784 650 847 iudicium
666 792 696 845 et
710 781 956 845 existimationem
973 783 1149 864 significans,
1167 803 1242 866 quae
1257 803 1334 865 quo·

172 906 242 952 nam
257 895 430 969 argumento
445 894 607 961 moveatur,
631 885 830 966 interrogativi
844 886 1028 968 pronominis
1044 887 1140 949 dativo
1158 906 1227 950 casu
1243 907 1334 967 quae·

172 992 263 1066 ritur3
278 991 371 1054 inille
386 990 476 1054 altera
491 997 591 1053 autern
607 988 756 1051 locutione
778 980 866 1063 εἰκός
885 989 1121 1069 probabilitatem
1137 990 1283 1070 quandam
1299 1010 1334 1054 ac

171 1094 312 1157 iustitiam
328 1112 428 1156 rerum
443 1092 584 1172 designat,
599 1100 779 1175 apparetque
795 1091 839 1153 vel
855 1092 883 1153 id
899 1092 999 1173 quaeri
1014 1093 1153 1175 potuisse,
1170 1112 1230 1173 quo
1243 1094 1332 1156 modo

172 1216 268 1278 quove
282 1204 465 1278 argumento,
488 1194 532 1257 vel
552 1196 641 1257 etiarn
663 1196 781 1258 cuinam
797 1194 911 1256 homini
925 1213 976 1256 eae
992 1194 1158 1277 probandae
1173 1214 1238 1258 esse
1252 1197 1333 1259 vide·

173 1310 268 1363 antur.
311 1300 385 1362 lllud
411 1299 534 1361 alterum
556 1317 610 1379 per
634 1298 803 1360 adverbium
828 1293 901 1372 πῶς
927 1296 1027 1377 quaeri
1050 1298 1184 1360 videmus
1205 1317 1232 1361 v.
1255 1297 1332 1360 693:

172 1402 278 1463 ταῦτα
301 1401 375 1474 πῶς
407 1391 532 1475 εἰκότα,
560 1392 680 1483 γέροντ’
703 1392 869 1463 α’πολὲσαι
890 1395 1012 1462 πολιὸν
1034 1389 1138 1483 ἄνδρα
1161 1395 1240 1482 περὶ
1262 1396 1335 1463 κλο-

174 1499 316 1587 φέδραν,
345 1521 442 1584 neque
466 1503 570 1565 dubito
596 1504 668 1583 quin
690 1503 911 1584 Aristophanes,
936 1502 962 1564 si
988 1502 1046 1564 hoc
1071 1503 1220 1575 voluisset,
1245 1505 1333 1565 etiam

172 1610 275 1668 nostro
290 1608 355 1670 loco
370 1616 400 1669 et
414 1606 463 1668 illo
477 1607 570 1668 altero
585 1605 617 1666 in
631 1605 945 1689 Thesmophoriazusis
960 1599 1035 1677 πῶς
1057 1592 1120 1685 yde
1135 1595 1224 1678 sinric
1238 1592 1334 1667 dictu·

172 1727 225 1770 rus
239 1708 352 1771 luisset.
402 1708 487 1771 Nunc
506 1716 621 1782 autem,
642 1726 735 1789 quum
754 1705 803 1791 aqi
824 1708 915 1781 dicat,
943 1697 1040 1790 ἀνδρί
1067 1707 1225 1769 subaudire
1245 1707 1333 1781 malo,

173 1810 346 1891 pleniusque
365 1811 542 1874 sententiam
558 1809 601 1872 sic
620 1829 750 1893 expono:
779 1802 844 1871 Τι’νι
874 1801 1004 1889 (ἀνδρὶ)
1035 1799 1124 1884 εἰκός
1150 1800 1224 1871 ἐστι
1250 1809 1280 1871 h.
1306 1830 1332 1872 e.

175 1903 263 1986 εἰκὸς
285 1901 371 1975 εἶναι
394 1907 502 1989 δόξεις
520 1913 587 1975 Νοο
602 1913 791 1975 incommode
805 1912 884 1973 hunc
900 1911 1030 1974 dativum
1047 1911 1178 1974 iudicii
1200 1920 1237 1975 et
1256 1913 1333 1975 exi·

174 2014 404 2077 etimationis
424 2034 490 2078 esse
504 2015 623 2087 dixeris,
644 2034 734 2096 quam
755 2016 813 2077 vim
829 2014 915 2076 dativi
930 2013 1136 2075 demonstrant
1157 2014 1246 2076 etiam
1266 2017 1334 2078 talia

175 2116 317 2198 exempla,
333 2118 418 2198 quale
433 2117 490 2179 hoc
503 2123 548 2179 est
562 2117 640 2198 apud
655 2117 835 2198 Euripidem,
850 2116 962 2177 Plroen.
979 2117 1056 2178 495:
1074 2107 1146 2193 cdxi
1168 2114 1334 2197 περιπλο-

174 2214 236 2293 κὰς
257 2213 364 2300 λόγιον
385 2212 552 2304 ἀθροίσας
574 2207 681 2297 εἷσον,
704 2210 788 2282 α’λλιλ
809 2212 865 2281 καὶ
882 2220 1002 2303 σοφοῖς
1016 2212 1074 2280 καὶ
1087 2218 1176 2281 τοῖσι
1192 2212 1334 2303 φαύλοις

174 2312 298 2395 ἔνδικα,
320 2321 350 2384 h.
371 2343 397 2385 e.
418 2341 493 2404 quae
513 2332 543 2385 et
563 2323 710 2404 sapientes
732 2330 763 2385 et
782 2322 912 2405 imperiti
933 2322 1010 2385 iusta
1033 2340 1097 2383 esse
1125 2321 1262 2395 iudicent,
1283 2330 1334 2384 aut
1417 2314 1421 2321 ’

175 2423 265 2506 Soph.
286 2423 381 2505 Antig.
402 2445 429 2487 v.
451 2425 529 2489 904:
559 2425 671 2489 καίτοι
699 2416 729 2488 o'
751 2419 815 2507 ἔνο)
836 2416 969 2508 ’τίμησιν
995 2424 1065 2498 τοῖς
1086 2424 1265 2509 φρονοῦσιν
1287 2410 1333 2499 εὖ,

173 2527 203 2587 h.
219 2546 245 2588 e.
260 2528 421 2608 prudentes
441 2548 490 2590 me
512 2528 563 2591 libi
584 2529 729 2591 honorem
750 2528 888 2591 habuisse
909 2527 1087 2590 iudicabunt.
1130 2526 1206 2588 llirit
1226 2527 1261 2589 de
1276 2526 1334 2591 hoe

172 2647 229 2691 usu
244 2630 331 2693 dativi
345 2630 521 2694 Matthiaeus
535 2635 562 2707 A.
579 2631 652 2704 388,
664 2631 796 2712 itemque
810 2630 1015 2709 bernhardgus
1031 2630 1152 2709 syntax,
1168 2649 1197 2712 p.
1215 2629 1265 2703 83,
1281 2631 1333 2711 qni

172 2740 252 2795 reete
267 2730 325 2796 huo
335 2734 449 2795 rettulit
460 2734 547 2795 etiam
559 2734 692 2814 Aeschyli
703 2751 831 2807 versum,
843 2732 929 2792 Eum.
941 2752 967 2794 v.
981 2731 1052 2805 622,
1065 2731 1115 2793 ubi
1125 2750 1218 2812 quum
1229 2732 1333 2813 Apollo

174 2834 426 2915 Agamemnonem
448 2836 518 2899 dieii
537 2827 757 2921 ἠμποληκότα
781 2832 823 2898 τὰ
848 2825 974 2897 πλεῖστ’
1002 2824 1142 2912 οἷμείνον
1166 2825 1332 2917 εὔφροσιν,

173 2937 247 2999 nihil
262 2938 340 3001 aliud
355 2939 439 3011 dicit,
462 2958 552 3019 quam
566 2940 819 3019 Agamemnonem
834 2938 975 3022 pleraque
995 2936 1070 2998 bene
1090 2936 1213 3016 gessisse
1230 2956 1245 2998 a
1260 2955 1333 3019 pru-

174 3039 310 3104 dentibus
326 3042 456 3105 iudiosri.
483 3042 557 3104 Cum
572 3042 621 3105 illa
635 3050 732 3104 aulem
749 3041 898 3104 locutione
911 3037 959 3125 aqi
974 3035 1035 3122 γὰρ
1048 3033 1153 3114 stede
1164 3057 1225 3100 non
1237 3039 1334 3122 inepte

174 3145 338 3223 comparari
357 3152 456 3225 potest
474 3145 524 3226 τῷ
544 3139 657 3226 δῆλονς
678 3145 823 3207 cuinam
845 3149 1013 3225 apertum
1034 3139 1114 3204 est?
1135 3160 1191 3223 qua
1207 3142 1334 3203 formula

174 3245 388 3310 Demosthenes
403 3266 447 3309 or.
462 3248 493 3309 in
506 3247 606 3309 boeot
622 3248 634 3307 l
649 3247 804 3327 aliquoties
818 3265 900 3319 usus,
916 3246 1007 3308 veluti
1021 3249 1049 3321 A.
1065 3243 1094 3305 9.
1115 3245 1172 3317 10.,
1189 3261 1335 3324 quaenam

173 3346 239 3409 eius
257 3348 299 3410 vis
317 3350 356 3411 sit
373 3350 437 3411 aliis
455 3350 551 3411 verbis
565 3350 628 3429 ipse
643 3349 730 3412 docet
744 3353 772 3425 A.
791 3349 843 3410 16:
865 3347 915 3421 τίς
938 3337 1064 3408 εἴσεται
1080 3346 1144 3407 τῶν
1159 3340 1307 3423 weitaim

259 3451 293 3511 ln
309 3452 555 3532 antepirrhemate
571 3452 713 3533 postremi
729 3451 788 3513 duo
803 3469 916 3522 versus,
934 3449 1005 3509 717.
1025 3450 1072 3520 18,
1090 3448 1218 3511 bisunt:

274 3543 481 3627 κάξελαύνειν
501 3548 560 3635 χρὴ
584 3549 623 3615 τὸ
646 3547 777 3628 λοιπόν,
799 3540 860 3613 κᾶν
882 3544 968 3636 φύγῃ
991 3570 1043 3622 τις
1066 3545 1204 3633 ζημιοῦν

277 3649 335 3716 τὸν
357 3651 493 3738 γέροντα
513 3651 561 3739 τῷ
584 3648 720 3738 γέροντι,
743 3649 799 3716 τὸν
820 3646 891 3715 νέον
913 3647 951 3713 δὲ
972 3646 1020 3733 τῷ
1041 3650 1113 3734 νέῳ,

176 3772 251 3838 quos
266 3775 283 3818 a
298 3756 449 3837 blaydesio
470 3765 500 3820 et
520 3758 686 3820 Hamahero
708 3754 889 3838 pro-spuriis
909 3752 1023 3815 habitos
1044 3772 1109 3815 esse
1124 3772 1159 3815 er
1174 3753 1207 3815 A.
1222 3753 1336 3818 Milleri

176 3859 365 3922 annotatione
383 3858 520 3939 cognovi:
541 3877 609 3921 nam
631 3877 686 3920 nee
705 3858 798 3939 ipsam
816 3854 957 3937 blaydesii
971 3855 1141 3930 editionem,
1157 3874 1212 3919 nee
1226 3857 1335 3919 Hama-

178 3961 242 4024 heri
258 3962 504 4035 dissertationem,
522 3979 596 4041 quae
609 3970 689 4023 extat
703 3961 733 4022 iu
747 3960 955 4039 Mnemosynae
969 3958 1025 4019 vol.
1037 3958 1074 4032 ll,
1089 3959 1232 4040 inspicere
1242 3959 1336 4040 potui,

176 4064 369 4146 quemobrem
385 4065 492 4146 quibus
506 4064 547 4126 illi
562 4064 741 4145 argumentis
756 4065 811 4126 hos
826 4081 927 4125 versus
943 4061 1144 4125 damnaverint
1159 4062 1268 4123 nescio.
1292 4062 1335 4122 An

175 4165 252 4229 forte
273 4176 395 4248 propter
414 4166 590 4229 sententiam
610 4184 712 4228 eorum
735 4165 833 4246 paullo
856 4161 1081 4255 obscuriorem?
1106 4183 1194 4246 quam
1216 4163 1336 4245 quidem

176 4269 264 4331 eliam
294 4277 443 4332 nostrates
470 4270 545 4332 duos
571 4270 747 4350 interpretes
774 4267 994 4331 recentissImos
1019 4285 1080 4330 non
1101 4274 1251 4330 assecutos
1270 4286 1336 4328 esse

176 4368 271 4434 video.
315 4372 403 4452 Atqui
419 4372 521 4435 deletis
536 4373 571 4435 iis
587 4372 717 4435 mutilari
732 4370 950 4452 antepirrhama
966 4377 1102 4450 apparet,
1123 4369 1153 4431 in
1169 4387 1227 4451 quo
1244 4386 1337 4450 quum

181 4480 321 4537 constans
331 4482 485 4557 poetarum
493 4478 539 4538 lex
549 4477 676 4539 eundem
686 4491 776 4557 quern
785 4474 816 4536 in
824 4473 1020 4555 epirrhemnte
1030 4490 1167 4535 versuum
1177 4489 1337 4534 numerum

220 4571 269 4635 lv.
1096 4571 1135 4632 12
