3178 5136
639 457 699 521 281

118 647 167 711 lan
185 647 266 731 qnod
284 645 421 709 novinae
439 645 476 707 ad
495 645 627 709 licinum
647 663 704 707 noe
724 645 851 726 ablegat,
875 644 927 725 qui
945 644 978 706 in
996 662 1104 707 eornm
1124 645 1161 708 ud
1179 644 1251 708 Plat.

118 749 206 814 lurae.
220 769 246 811 o
261 749 302 810 Pl
319 748 425 827 (immo
440 766 466 809 c.
481 747 522 810 28
536 767 566 829 p.
585 748 663 809 1451
680 748 761 825 Bas.)
776 747 940 828 quinarium
955 765 1112 811 numerurm
1127 766 1250 829 oompo·

115 852 192 914 sidoni
212 849 422 931 partitionique
438 849 552 912 animae
570 851 741 926 eonvenite,
760 868 886 932 eumque
905 851 982 913 effiei
999 851 1060 913 vult
1078 851 1251 923 essentia,

115 956 232 1028 eodem,
247 953 378 1025 altero,
393 960 500 1029 statu,
513 960 611 1015 motu
628 944 748 1038 (οὐσίᾳ,
763 944 885 1036 ταύτῷ,
897 947 1043 1038 θατέρῳ,
1058 946 1183 1030 στάσει,
1198 972 1252 1014 κι-

114 1053 211 1143 riost),
226 1075 290 1120 non
300 1055 371 1137 quid
381 1056 509 1131 lirinus,
520 1057 571 1118 sed
582 1056 652 1137 quid
663 1057 745 1120 Plato
757 1056 873 1132 dixerit,
885 1056 1044 1137 quaeritur:
1059 1054 1143 1119 Plato
1154 1063 1252 1118 autem

39 1198 41 1213 ·
112 1178 187 1242 neque
199 1158 359 1243 proposuit
373 1159 416 1221 aio
429 1158 520 1222 istum
539 1176 695 1221 numerum
713 1159 880 1240 quinarium
898 1176 995 1239 nequo
1014 1158 1050 1221 ad
1068 1156 1251 1221 effioiendurn

39 1304 41 1323 .
111 1263 224 1326 nimum
232 1261 372 1334 adhibuit,
388 1279 462 1341 qnae
475 1271 574 1323 autem
584 1260 726 1336 adhibuit,
741 1261 845 1335 idem,
859 1261 1023 1337 alterum,
1036 1261 1252 1340 mixtumque

111 1365 199 1428 ethis
212 1381 322 1443 genus
336 1364 496 1439 tertium,
511 1372 720 1445 septemque
734 1363 859 1426 horum
875 1364 1169 1444 temperationes,
1180 1363 1253 1426 haer

110 1467 231 1530 alelleio
246 1484 310 1528 non
324 1466 471 1546 designari
485 1473 618 1546 apertum
633 1473 688 1527 est.
718 1464 815 1528 Nihilo
830 1467 934 1530 nudius
949 1475 1000 1529 aut
1018 1466 1104 1529 etiam
1124 1467 1252 1529 deterius

108 1570 128 1631 l.
138 1574 172 1633 A,
188 1569 316 1632 Woltiue
326 1569 365 1646 ¹),
387 1568 446 1649 qui,
463 1586 554 1649 puna
568 1568 694 1631 eamdem
709 1567 797 1631 iatum
813 1585 970 1632 numerurm
983 1568 1152 1650 quinum
1165 1569 1253 1633 nolis

109 1673 211 1746 eierat,
232 1679 382 1733 auctorem
397 1670 484 1733 huius
499 1689 561 1733 nou
575 1670 724 1744 Pitinum,
746 1670 937 1746 uiderimus,
956 1672 1009 1734 sed
1024 1673 1136 1752 ipsum,
1156 1671 1182 1734 si
1195 1671 1252 1735 diis

107 1775 201 1854 plaeet,
219 1773 372 1836 Platonem
388 1773 469 1845 citat,
491 1772 601 1835 limae.
616 1792 646 1854 p.
663 1773 703 1834 43
718 1791 783 1854 sqq.
800 1775 902 1853 (voluit
915 1793 945 1856 p.
961 1774 1002 1838 34
1017 1778 1095 1856 sqq.)
1112 1782 1141 1836 et
1155 1774 1252 1855 philo·

107 1878 217 1960 taphiae
236 1875 401 1938 Platonicae
419 1883 619 1939 enarratorem
638 1876 896 1951 Teunemannom‚
918 1885 990 1940 tom.
1010 1877 1049 1940 Ill
1068 1896 1098 1958 p.
1118 1877 1158 1940 48
1180 1895 1254 1958 sqq..

39 2042 41 2121 y
106 1988 393 2144 porzmctqtrumque
408 1980 458 2060 qui
477 1978 654 2145 inspexteritfi
668 1979 741 2094 nihil
754 1981 889 2144 proleotto
908 1980 968 2145 rugi
985 1980 1164 2145 Indigqmum
1174 1999 1254 2145 dehoe

39 2138 40 2141 ,
105 2101 152 2145 nro
192 2102 212 2143 o
254 2100 483 2145 ssrmoessern
589 2098 848 2144 .erm1rumes
885 2102 921 2145 au
952 2100 1041 2157 m‚n
1083 2101 1173 2144 uma
1215 2101 1252 2145 uo

39 2202 40 2247 t
104 2185 244 2250 tioeronis
263 2187 452 2266 interpretem
467 2083 606 2249 eitrsmhglitoi
620 2203 782 2247 memorem
798 2185 901 2260 fuisse,
916 2186 966 2267 qui
981 2185 1071 2248 estin
1086 2185 1205 2247 Timaeo
1221 2205 1250 2265 p.

39 2250 41 2335 ἶ
104 2290 226 2371 llsqq„
247 2289 297 2351 ubi
317 2289 473 2369 exponitur
492 2307 510 2349 a
527 2288 661 2361 Platone,
680 2287 831 2367 quomodo
852 2287 1021 2368 demiurgus
1041 2287 1147 2349 rudem
1166 2294 1253 2367 atque

102 2389 249 2454 itionnean
260 2391 411 2454 mantiam
423 2389 559 2453 ordinare
570 2390 737 2465 instituerit
752 2390 887 2453 adhibitis
900 2390 1152 2471 quinqueremis,
1168 2389 1252 2464 urbo,

102 2495 247 2595 tetraedro,
262 2494 409 2569 octaedro‚
423 2492 575 2556 iooeaedro
590 2502 619 2555 et
634 2493 832 2569 dodecaedm,
848 2513 971 2575 quarum
985 2502 1125 2575 quattuor
1136 2493 1251 2574 priores

100 2604 207 2671 turam,
222 2596 338 2676 ignem,
353 2614 449 2658 aerem
464 2604 494 2657 et
503 2614 608 2676 aquam
624 2596 786 2672 effluerent,
802 2616 876 2679 quae
890 2597 1032 2659 elementa
1044 2596 1132 2676 vulgo
1148 2596 1250 2659 dieun-

39 2752 40 2765 .
100 2706 147 2775 tur,
161 2699 263 2781 quinta
278 2706 376 2761 autem
396 2698 466 2761 illud
486 2716 578 2778 genus
598 2700 748 2774 materiae,
759 2701 847 2781 quod
862 2718 983 2763 omnem
1002 2700 1148 2762 mundum
1168 2717 1251 2761 eom-

39 2812 41 2945 p
98 2801 268 2880 plecteretur
281 2810 367 2882 atque
387 2804 563 2877 contineret,
583 2820 671 2882 quam
692 2796 848 2888 πέμπτην
872 2793 987 2866 οὐσίαν
1011 2801 1072 2862 sive
1091 2802 1250 2882 quintam

39 2956 40 2959 ,
98 2905 287 2966 essentiam
302 2905 483 2985 posteriores
498 2905 683 2982 dixerunt2).
701 2938 745 2949 -—
772 2905 912 2967 Animum
927 2924 996 2967 vero
1012 2904 1086 2967 effici
1100 2903 1147 2965 his
1163 2904 1249 2983 quin-
1268 2917 1283 2967 5

99 3022 150 3083 que
163 3006 270 3068 formis
284 3024 339 3068 neo
352 3006 434 3069 Plato
450 3007 532 3083 dixit,
552 3026 660 3089 neque,
692 3018 725 3071 ut
739 3008 878 3085 arbitror,
898 3008 1020 3071 Velleius
1036 3007 1131 3069 dioere
1148 3004 1252 3087 potuit.

98 3106 168 3179 Quid
182 3115 280 3171 autern
295 3108 344 3170 laio
358 3108 476 3185 dixerit,
497 3112 594 3173 statim
614 3112 775 3193 apparebit
804 3113 894 3174 Dooet
913 3111 990 3173 enim
1011 3111 1092 3173 Plato
1112 3127 1252 3190 perquam

99 3220 240 3286 somno,
257 3230 272 3272 a
287 3230 317 3291 p.
333 3211 374 3272 64
389 3211 423 3272 Α.
438 3213 581 3293 usquead
596 3233 626 3295 p.
642 3215 681 3279 68
696 3217 740 3291 Ε,
756 3214 907 3295 quomodo
922 3215 1051 3296 quinque
1065 3214 1128 3276 illae
1142 3213 1253 3275 formae

99 3311 169 3373 rane
181 3320 361 3392 temperatae
375 3323 500 3394 apteque
515 3315 651 3378 cadentes
666 3318 796 3381 anianum
813 3318 940 3381 efficiant
956 3324 983 3379 et
999 3317 1036 3378 ad
1056 3323 1168 3397 pmem
1189 3314 1252 3376 eius

98 3412 299 3494 intelligentem
316 3410 367 3492 (τὸ
383 3408 556 3501 φρόνιμον)
572 3420 741 3500 perveniant
761 3437 924 3500 sensusque
938 3419 1049 3491 varios,
1069 3435 1144 3497 quas
1159 3416 1253 3477 nostri

99 3518 277 3581 sensationm
292 3518 402 3593 dieunt.
416 3520 539 3600 pariant.
564 3521 640 3583 llino
654 3522 711 3585 iam
726 3522 914 3586 manileettnn
928 3529 974 3583 est
983 3519 1121 3583 venetum
1132 3516 1255 3583 dixisse:

163 3781 185 3846 l)
204 3781 263 3833 vid.
277 3778 366 3833 wollt
378 3780 501 3832 Analecta
513 3782 592 3834 litter.
604 3782 622 3846 1,
636 3783 651 3834 2
664 3800 688 3851 p.
702 3783 760 3835 tto,

160 3864 185 3928 2)
205 3866 243 3917 lle
264 3865 332 3916 omni
351 3866 398 3917 hae
418 3865 531 3918 Platonis
552 3868 666 3920 doetrina
688 3885 702 3920 e
719 3869 934 3938 Pythagoreorum
951 3867 1061 3920 lontibus
1078 3868 1191 3919 derivata
1203 3867 1252 3917 vid.

100 3944 285 4015 Wpttenlaelrii
297 3951 484 4002 annotationem
495 3953 527 4004 ud
539 3952 604 4005 Plat.
616 3953 709 4006 Phaed.
721 3971 745 4022 p.
759 3952 901 4021 llll—dlii,
911 3955 1018 4007 Boeellr.
1029 3952 1157 4005 Philolaus
1170 3960 1218 4004 etr.
1228 3969 1252 4019 p.

102 4030 147 4082 ldd
157 4049 211 4103 sqq.
224 4034 249 4086 J.
262 4035 289 4087 S.
301 4033 437 4103 lldnitzer,
453 4037 495 4088 tit.
507 4038 680 4107 Verhdltniaa,
693 4039 790 4092 Weaen
806 4041 857 4092 und
868 4040 945 4093 Porro
957 4042 1003 4092 dea
1013 4039 1254 4107 Elementarlt'rper

101 4118 158 4169 nael
169 4119 274 4172 Platona
286 4120 414 4173 Timaeus.
448 4122 536 4189 Progr.
550 4140 634 4194 gyno.
647 4124 831 4194 Neo-liuppin.
843 4142 867 4177 a.
883 4125 959 4177 1846:
971 4127 1007 4177 de
1021 4127 1130 4194 quinta
1142 4141 1254 4178 essen-

102 4200 144 4252 tie
154 4204 186 4255 ed.
197 4204 311 4257 llaerob.
324 4207 349 4257 in
362 4224 439 4259 somn.
451 4208 518 4278 Soip.
529 4208 547 4277 l,
563 4211 601 4279 ll,
614 4212 647 4262 20
659 4229 682 4279 p.
697 4211 729 4263 85
739 4212 779 4263 ed.
788 4211 840 4263 lan.
853 4240 888 4249 -
900 4210 972 4263 Plato
984 4218 1080 4275 autem,
1096 4210 1167 4277 quasi
1180 4225 1253 4278 prae·

102 4283 204 4341 vidisset
214 4289 279 4355 lore,
289 4298 322 4343 at
331 4292 446 4345 Velleius
458 4295 548 4363 aliquis
560 4297 682 4361 originem
695 4297 793 4349 illarum
805 4296 913 4363 quinque
923 4294 1058 4347 leomarum
1070 4293 1119 4344 sibi
1130 4292 1252 4360 explicari

101 4372 250 4440 mittut,
268 4378 382 4430 recurrit
398 4382 579 4447 respondendo,
597 4398 621 4450 p.
635 4381 669 4432 ol
685 4382 727 4434 ll.:
739 4377 790 4440 τὰς
806 4379 838 4434 dl
849 4375 956 4433 τούτων
967 4375 1055 4453 ἀρχὰς
1065 4374 1178 4431 ἄνωθεν
1187 4371 1255 4432 θεὸς

103 4450 161 4507 olda
171 4459 218 4509 sat
230 4456 344 4535 ἀνδρῶν
356 4455 388 4521 ὃς
399 4456 434 4517 ἂν
445 4462 543 4534 ἐκείνῳ
555 4465 638 4535 φίλος
650 4460 675 4538 ᾔ.
