3178 5136
104 637 273 716 potatoribus
287 639 449 701 exercitum
463 655 580 700 amnem
595 640 779 713 traducturis,
798 658 891 720 porro
905 656 944 703 aar
958 638 1156 715 ocemdtldus,
1175 656 1251 721 quae

104 741 182 820 podia
195 740 307 804 luerint
320 741 492 821 ignoramus
511 760 607 823 neque
624 743 719 805 sarias
739 743 870 806 virorum
889 743 1047 805 doctorum
1068 743 1250 805 coniectores

103 861 263 922 percensere
282 844 365 908 libet:
393 846 487 909 fuisse
505 853 604 908 tamen
628 847 687 909 boc
709 856 805 910 totum
829 846 992 927 auspicium
1017 846 1155 918 militare,
1180 845 1250 907 satis

103 950 255 1024 comtat1).
290 947 421 1010 Tertium
442 966 549 1027 genus,
570 957 603 1011 ut
621 967 701 1012 nunc
723 949 842 1030 quidem
861 949 1009 1013 Ciceronis
1033 947 1119 1011 verba
1143 948 1251 1028 scripta

102 1058 167 1123 emt,
181 1044 220 1111 ‘in
242 1068 279 1111 eo
298 1050 467 1113 constitisse
486 1050 578 1113 rideri
598 1051 696 1127 debet,
717 1060 750 1114 ut
767 1056 829 1115 oiri
845 1063 1038 1123 vocarentur,
1058 1058 1087 1112 et
1106 1049 1253 1112 eiusmodi

102 1151 183 1227 inissa,
199 1160 238 1214 ut
251 1161 336 1215 retus
347 1152 395 1214 illa
404 1155 583 1234 nuncupatio
594 1162 848 1231 testamentorum,
864 1174 938 1236 qnae
950 1155 980 1216 in
991 1152 1146 1234 procinctu
1156 1152 1251 1225 flebat,

102 1252 179 1333 doru
194 1254 315 1318 ratione
329 1272 397 1317 cum
412 1274 448 1318 eo
463 1255 619 1319 coniuncta
633 1265 720 1319 esset
749 1258 791 1319 Ac
806 1257 959 1320 Tumebus
975 1255 1141 1337 quidem2),
1161 1272 1250 1335 quem
1268 1272 1283 1321 a

100 1354 232 1419 aliimulti
244 1358 363 1437 sequuti
374 1367 454 1433 sunt,
465 1359 523 1421 hoc
531 1358 630 1439 ipsum
642 1362 723 1422 ciros
733 1377 849 1432 corma,
861 1361 962 1440 inquo
973 1356 1101 1437 auspicia
1111 1356 1251 1433 inessent,

101 1458 284 1522 mnditibus
300 1460 406 1541 accipit
419 1469 591 1524 testamenta
606 1462 856 1544 nuncupantibus,
878 1482 954 1544 quos
973 1460 1140 1537 arbitratur,
1160 1478 1251 1541 quum

100 1570 176 1625 tetes
198 1562 357 1625 adhibendi
377 1572 484 1637 essent,
505 1582 558 1626 eos
576 1564 765 1646 potissimum
785 1565 927 1629 advocare
947 1563 1066 1638 solitos,
1085 1561 1135 1642 qui
1154 1572 1253 1625 essent

23 1660 25 1703 l
100 1663 174 1727 bonis
195 1666 380 1741 nominibus,
399 1666 486 1729 veluti
501 1666 644 1742 Valerios,
660 1667 788 1743 Salvias,
805 1667 961 1741 Statorius,
976 1666 1122 1736 Victores,
1143 1665 1253 1727 scilicet

23 1784 24 1791 ¹
99 1774 125 1827 nt
135 1767 183 1829 bis
199 1768 399 1848 pronuntiatis
413 1769 540 1831 instante
554 1768 665 1849 proelio
681 1769 802 1832 salutem
824 1769 879 1832 sibi
899 1778 928 1831 et
945 1768 1096 1832 victoriam
1116 1767 1252 1847 auspica-

23 1882 24 1885 ’
100 1856 200 1932 nuum.
215 1905 260 1915 —
285 1870 373 1951 Atqui
387 1869 443 1934 hac
456 1871 694 1953 interpretatione
706 1871 834 1934 admissa
844 1890 906 1935 non
918 1871 1067 1953 publicum
1081 1868 1251 1932 habebimus

100 1972 271 2055 auspicium,
290 1972 327 2034 ab
341 1973 518 2054 imperatore
531 1992 587 2055 pro
602 1975 730 2037 exercitu
744 1983 774 2036 et
786 1993 819 2036 re
835 1973 950 2055 publica
965 1981 1099 2055 captum,
1120 1974 1171 2037 sed
1191 1975 1253 2054 pri-

100 2083 188 2137 vatum
204 2074 368 2155 quoddam,
387 2076 467 2157 qnod
482 2074 602 2157 quilibet
614 2076 679 2157 ipsc
693 2076 749 2140 sibi
764 2078 884 2152 iaceret3
904 2076 996 2157 qualis
1012 2076 1134 2156 auspicii
1152 2076 1196 2137 vis
1216 2076 1252 2138 ad

100 2176 321 2258 rempublicam,
336 2196 370 2239 ex
381 2178 583 2241 Romanorum
595 2178 748 2259 disciplina
759 2178 898 2259 augurali,
913 2178 992 2239 nullo
1005 2178 1096 2240 modo
1107 2177 1254 2257 pertinere

102 2288 214 2357 poterat
239 2277 409 2342 Ciceronem
422 2289 520 2343 autem
532 2280 568 2342 dc
579 2280 704 2361 publicis
716 2277 973 2361 tantumauspiciis
982 2281 1071 2360 loqui,
1083 2279 1113 2341 b.
1125 2299 1150 2341 a.
1163 2280 1199 2341 de
1209 2279 1254 2355 iis,

101 2400 165 2460 «puae
180 2398 237 2461 pro
253 2381 415 2462 republica
431 2382 467 2444 ab
481 2402 528 2456 co,
543 2382 589 2444 cui
605 2383 733 2463 populus
744 2386 947 2463 magistratum
959 2383 1043 2445 etius
1055 2369 1254 2462 auspiciorum

102 2483 269 2556 tradidisset,
285 2482 433 2546 observari
448 2484 597 2559 deberent,
611 2485 759 2547 neminem
775 2487 875 2565 iugero
888 2493 997 2567 potest.
1024 2485 1103 2560 Quin
1115 2485 1140 2547 si
1152 2502 1254 2551 verum

23 2654 24 2657 Ἴ
101 2587 187 2648 dicere
200 2586 346 2659 volumus,
367 2605 404 2648 ue
420 2590 582 2668 coepitium
597 2586 716 2667 quidem
732 2587 761 2648 in
776 2587 831 2649 ista
845 2587 994 2650 bonorum
1008 2587 1165 2650 nominum
1181 2607 1255 2670 pro·

101 2687 284 2762 pandatione,
298 2687 350 2749 sed
366 2707 449 2751 omen
463 2688 569 2751 inerat:
585 2697 614 2750 et
629 2688 760 2769 quamvis
776 2708 861 2771 saepe
877 2690 1031 2771 utriusque
1041 2689 1084 2752 rei
1095 2682 1254 2768 discrimen

101 2789 322 2870 ascriptoribus
342 2790 442 2852 miuus
465 2790 606 2854 accuratis
629 2791 804 2872 negligatur,
827 2799 860 2855 ut
882 2793 924 2855 vel
949 2811 1037 2856 omen
1062 2792 1174 2856 dicatur
1196 2811 1253 2873 pro

102 2892 234 2974 auspicio,
249 2891 292 2952 vel
307 2893 470 2973 auspicium
485 2913 541 2973 pro
557 2893 655 2955 omine
664 2896 705 2971 ³),
721 2893 752 2956 in
766 2894 816 2956 tali
830 2903 929 2957 tamen
942 2896 1020 2970 loco,
1038 2895 1131 2975 qualis
1147 2904 1193 2957 est
1205 2886 1255 2973 hic

102 2994 256 3067 liceronis,
276 2995 486 3074 proprietatem
506 2994 651 3057 sermonis
671 3014 687 3056 a
707 2995 786 3057 bonc
806 2996 950 3077 scriptore
971 2997 1128 3077 neglectam
1148 3013 1254 3078 resque

103 3097 220 3160 diversas
233 3097 411 3177 ineleganter
422 3098 559 3160 confusas
571 3116 637 3159 csse
647 3096 694 3159 vix
705 3098 860 3179 quisquam
872 3098 927 3161 sihi
937 3099 1106 3181 persuaderi
1117 3098 1251 3181 patietur.
1270 3117 1286 3167 6

23 3204 24 3209 ’
105 3200 187 3264 Porro
201 3200 275 3263 nihil
290 3199 376 3281 plane
390 3200 467 3264 inest
480 3200 511 3262 in
522 3200 617 3263 verbis
629 3200 788 3278 Ciceronis,
803 3201 930 3283 quo-ista
943 3201 1145 3283 pronuntiatio
1156 3201 1254 3264 hono·
1363 3260 1367 3269 .

107 3323 163 3366 rum
185 3303 344 3368 nominum
371 3302 532 3384 significata
556 3303 648 3365 videri
673 3305 779 3384 possit.
822 3302 906 3367 Viros
930 3298 1034 3367 decori
1057 3313 1160 3385 negat,
1184 3305 1256 3367 nihil

107 3406 229 3488 amplius.
260 3405 322 3468 Nisi
338 3405 405 3486 quis
420 3408 495 3468 lorte
508 3405 587 3468 viros
602 3406 699 3469 vocari
713 3424 776 3469 non
796 3407 877 3469 aliter
896 3414 946 3468 aut
964 3406 1098 3487 potuisse
1116 3414 1166 3469 aut
1185 3406 1256 3469 soli-

109 3518 148 3570 tos
160 3529 225 3572 esse
241 3509 352 3584 credat,
371 3524 461 3589 qnam
483 3508 671 3581 nominatim,
692 3526 747 3571 nec
761 3509 949 3583 nominatim,
970 3506 1096 3584 nisi‘ita,
1117 3509 1257 3589 ut'simul

110 3616 199 3687 omen,
212 3611 272 3685 rel,
286 3610 313 3672 si
328 3609 394 3691 quis
410 3609 572 3691 improprie
586 3609 668 3691 loqui
682 3610 776 3684 malit,
796 3610 957 3693 auspicium
976 3629 1011 3671 ex
1024 3609 1111 3673 bonis
1127 3610 1257 3673 nomini-

110 3700 156 3776 bus
169 3722 327 3797 caperetur,
341 3713 466 3795 ideoque
480 3714 538 3775 hoc
552 3712 583 3775 in
597 3712 652 3775 ista
668 3713 806 3789 formula,
822 3713 936 3777 etiamsi
953 3712 1045 3775 rarois
1060 3708 1258 3795 noneirpres·

111 3796 186 3891 sum,
197 3815 376 3880 intellectum
392 3824 489 3878 umen
504 3822 664 3895 temperet
683 3815 872 3881 subauditum
892 3836 958 3881 esse
977 3823 1100 3879 censeat
1130 3800 1267 3897 Denique
1285 3814 1290 3821 ’

111 3921 178 3982 ciros
190 3921 297 3983 occari
310 3918 376 4001 quis
391 3936 522 3999 unquam
537 3919 618 3980 aliter
633 3917 715 3993 dixit,
731 3936 818 3999 quam
833 3928 883 3982 aut
897 3919 933 3981 de
946 3918 1058 4001 populo
1074 3938 1091 3981 a
1105 3918 1260 3999 magmra·

112 4198 193 4250 tertias
205 4205 325 4249 amunte
338 4196 500 4248 referentem.

133 4280 142 4321 ἶ
169 4284 192 4349 li
210 4279 572 4347 Adversar.XXll‚c.12.p.
587 4278 917 4345 756.οι1.Ανμιιον.ιιιιι
929 4278 1042 4333 unelv.

170 4368 193 4433 3)
211 4369 267 4421 lid
279 4369 378 4421 Nonius
390 4384 414 4435 p.
427 4366 476 4417 357
487 4364 569 4417 llere.
581 4372 609 4417 et
620 4366 703 4417 Scbol.
716 4366 776 4418 bob.
787 4367 819 4418 ad
837 4366 889 4419 Cic.
902 4378 940 4416 or.
953 4381 998 4433 pro
1011 4366 1107 4418 Scauro
1120 4369 1180 4414 ton.
1192 4361 1224 4425 V,
1237 4362 1262 4412 2.

113 4466 160 4517 pag.
171 4453 220 4506 474
231 4454 309 4508 tirell
323 4452 356 4507 cl.
368 4452 451 4505 Bromi
463 4452 495 4504 sd
508 4451 612 4527 Sueten.
624 4450 732 4518 August,
744 4466 766 4503 c.
779 4450 821 4503 ot.

1002 4532 1062 4598 18*
