3276 5144
675 458 825 556 „res

171 651 263 713 menti
277 655 364 723 esset,
385 649 418 711 in
436 635 483 711 bis
498 647 568 711 illud
583 636 714 732 τελετῆς
734 647 796 709 sive
810 646 1074 710 conmmmationis
1088 664 1201 711 nemen
1215 649 1331 732 presci-

168 770 229 834 puo
243 752 374 833 quodem
389 751 479 812 medo
493 750 629 834 usurpari
644 750 764 813 solitum
779 768 844 811 esse
858 765 920 811 non
934 749 1122 811 mirabimur:
1138 767 1330 832 quamquam,

169 864 204 918 ut
223 855 292 929 dixi,
311 856 400 917 etiam
420 853 608 934 generationis
629 871 702 915 usus
724 844 858 934 exempla
877 851 955 913 bend
977 852 1092 914 desunt.
1138 850 1332 915 perfectionis

170 967 269 1020 autem
289 964 319 1019 et
339 955 604 1018 cousummationis
624 955 779 1018 notionem
797 955 829 1016 in
844 953 938 1016 verbis
953 950 1057 1015 τελεῖν
1070 962 1100 1015 et
1113 949 1225 1037 τελετή
1240 954 1329 1016 etism
1380 962 1387 971 ’

168 1059 209 1121 ibi
224 1048 439 1138 agnoscendam
460 1077 524 1120 esse
545 1058 681 1132 arbitror,
701 1058 753 1119 ubi
775 1058 812 1119 de
830 1056 992 1118 initiatione
1017 1057 1225 1136 mysteriorum
1240 1074 1330 1119 usur·

170 1170 287 1243 pantur.
333 1161 450 1222 Scilicet
469 1161 558 1223 certis
578 1161 753 1242 quibusdam
769 1158 991 1220 lustmtionibus
1006 1159 1128 1240 aliisque
1143 1159 1330 1222 caerimoniis

171 1282 245 1347 opus
260 1272 331 1336 erat,
343 1262 450 1343 quibus
465 1263 516 1343 qui
531 1262 586 1324 rite
600 1261 761 1343 praeparati
777 1268 870 1334 erant,
886 1261 943 1323 iam
959 1260 994 1323 ad
1010 1262 1208 1342 participanda
1220 1266 1331 1343 myste-

170 1364 213 1426 ria
227 1365 313 1447 plene
332 1365 392 1446 epti
411 1373 442 1427 et
462 1366 546 1446 quasi
566 1365 762 1427 consummati
783 1363 1025 1442 dicebanturss).
1069 1364 1166 1426 Latini
1180 1382 1244 1427 rem
1259 1381 1331 1427 ean·

172 1466 238 1528 dem
259 1468 406 1529 monario
428 1467 579 1541 vocabulo,
600 1467 653 1529 sed
668 1466 777 1547 pariter
791 1475 860 1549 apto
875 1465 1047 1546 significent.
1092 1466 1167 1527 Nam
1181 1467 1332 1530 lustratio-

170 1568 256 1631 nibus
277 1569 334 1631 illis
352 1590 387 1633 aa
407 1569 591 1632 caerimoniis
611 1570 726 1631 initus
744 1570 775 1631 h.
791 1588 816 1631 e.
838 1568 933 1631 aditus
955 1568 990 1630 ad
1012 1568 1150 1648 mysteria
1165 1569 1330 1652 parebatur,

170 1691 246 1753 quse
260 1680 290 1734 et
305 1673 367 1755 ipsu
382 1671 418 1735 ab
433 1672 509 1734 initu
523 1689 634 1735 nomen
648 1672 800 1734 initiorum
817 1678 1002 1755 acceperuut.
1017 1705 1061 1717 -·
1075 1671 1206 1751 lienique
1220 1666 1330 1754 τελετὴ

170 1784 200 1836 et
226 1773 400 1837 τελεῖσθαι
422 1775 509 1837 etiam
537 1775 573 1836 de
598 1774 819 1836 consecratione
845 1773 1007 1854 imaginum
1025 1773 1209 1856 aliarumque
1230 1792 1331 1836 rerum

171 1876 227 1938 dici
248 1866 381 1938 vitiamur
393 1878 452 1956 Ν),
474 1894 550 1958 quae
571 1877 659 1957 certis
681 1876 857 1959 quibusdam
882 1876 988 1938 ritibus
1009 1876 1037 1937 ri
1057 1877 1183 1956 quadum
1203 1883 1235 1938 et
1249 1876 1332 1956 quasi

170 1981 293 2040 numine
307 1978 405 2040 divino
419 1979 534 2060 impleri
550 1979 754 2052 credebantur,
765 1979 875 2041 scilicet
886 1978 953 2059 quia
967 1978 1011 2041 sic
1025 1978 1145 2042 demum
1161 1979 1197 2041 ad
1211 1997 1330 2041 morum

170 2099 258 2142 usum
267 2088 333 2164 apta
343 2080 487 2162 planeque
496 2081 625 2162 perlecta
633 2088 663 2142 et
672 2089 876 2142 consummata
888 2080 944 2142 dici
952 2089 1097 2163 putarant.
1114 2081 1156 2142 dd
1169 2081 1330 2161 imaginum

170 2190 269 2245 auteur
284 2183 536 2253 consecrationem
552 2190 667 2263 praeter
681 2182 872 2244 caerimonias
891 2182 978 2244 etiam
1000 2182 1140 2263 symbolis
1155 2182 1330 2263 quibusdem

171 2303 246 2378 ppus
271 2285 363 2347 luisse
388 2285 520 2366 legimus,
547 2303 623 2367 quae
645 2287 680 2348 iis
706 2285 943 2367 appenderentur
965 2292 1016 2347 eut
1039 2285 1291 2348 circumdarentur
1315 2303 1332 2347 a

170 2386 286 2467 peritis,
319 2387 370 2468 qni
394 2383 558 2463 τιλτστοί,
584 2406 631 2450 ars
657 2393 757 2450 autam
782 2406 886 2450 eorum
911 2383 1082 2474 τελεστικὴ
1110 2387 1330 2466 dicebaturtt).

170 2488 293 2570 Lapides
308 2509 368 2571 quo
383 2490 473 2553 modo
489 2491 652 2553 consecrati
668 2498 697 2551 et
711 2491 746 2553 ad
759 2490 977 2553 vaticinantium
993 2490 1019 2551 vi
1031 2490 1127 2554 divine
1136 2491 1251 2573 impleti
1261 2489 1330 2564 sint,

171 2610 208 2653 ex
222 2591 349 2671 Orphico
365 2591 494 2653 carmine
516 2592 552 2653 de
572 2591 716 2673 lapidibus
731 2593 868 2672 cognosci
882 2594 1050 2676 patescit).
1094 2593 1135 2654 [ie
1150 2611 1242 2673 aquae
1256 2609 1328 2655 oon-

94 2721 96 2726 ·
137 2759 138 2762 ,
170 2694 351 2767 secretione,
372 2712 431 2775 quo
454 2712 487 2755 ea
504 2695 540 2757 ad
561 2694 797 2776 hydromantiam
816 2703 868 2758 aut
887 2695 1130 2759 lecanomantiam
1150 2704 1217 2775 apta
1238 2695 1330 2771 fieret,

170 2793 208 2854 lli.
232 2794 345 2857 Psellus
367 2794 512 2876 loquitur,
532 2796 568 2857 de
589 2815 637 2877 op.
659 2797 806 2885 daemsp.
824 2797 874 2859 42.
897 2797 1008 2860 Boiss.:
1038 2787 1058 2881 ἦ
1082 2791 1141 2860 ἐπὶ
1163 2794 1210 2881 τῷ
1231 2789 1331 2859 ὕδατι

171 2891 283 2978 τελετή
307 2891 366 2957 καὶ
386 2894 429 2958 τοὶ
452 2891 631 2977 ἑσάσματα
652 2892 844 2982 ἐπιτήδειον
866 2894 952 2980 πρὸς
973 2891 1142 2984 ὑποδοχὴν
1155 2896 1214 2963 τοῦ
1227 2899 1331 2982 χρῶν-

240 3099 282 3162 24)
300 3096 337 3151 Ci.
351 3099 467 3152 iluststb.
480 3101 511 3153 ad
524 3099 552 3152 ll.
566 3100 611 3165 lX,
624 3103 675 3155 310
686 3120 709 3170 p.
723 3101 781 3163 752,
796 3103 839 3155 iil:
857 3102 999 3155 τελεῖσθαι
1015 3100 1047 3155 τὸ
1064 3107 1202 3173 μυεῖσθαι
1219 3103 1265 3155 aral
1282 3096 1330 3154 οὔ·

170 3198 224 3242 τοις
239 3181 419 3237 territorum
436 3180 517 3254 ἔχειν.
541 3186 597 3238 Νοο
610 3185 717 3238 absimili
731 3189 856 3239 rationes
870 3188 1016 3240 christianis
1029 3189 1197 3255 scriptoribus
1210 3188 1331 3241 τελειοῦ-

170 3274 241 3321 σθαι
253 3270 348 3322 dicitnr
356 3279 382 3322 et
392 3273 532 3328 τελείωσις
540 3270 570 3320 de
581 3272 704 3339 baptismo
713 3279 758 3322 ant
767 3273 798 3323 de
808 3281 965 3324 sacramento
974 3274 1181 3338 confirmationis,
1194 3281 1221 3325 et
1230 3273 1331 3326 τέλειοι

170 3355 212 3422 qui
229 3356 351 3422 baptisati
367 3363 412 3409 eut
428 3357 568 3408 confirmati
585 3365 653 3408 eunt.
676 3356 734 3409 Vid.
749 3357 788 3409 ltu
801 3356 886 3423 Gange
899 3356 982 3409 Gloss.
996 3375 1021 3425 p.
1038 3360 1109 3411 1540.
1132 3359 1215 3411 Etiam
1227 3360 1258 3410 de
1271 3375 1332 3410 eoo·

171 3441 314 3492 secretione
339 3442 504 3494 ecclesiarum
524 3443 705 3496 τελειοῦσθαι
725 3443 776 3494 dici
797 3442 915 3495 Valesius
937 3444 1088 3495 naturitati
1109 3444 1230 3511 llarpocr.
1252 3460 1276 3511 p.
1298 3444 1331 3496 td

171 3523 232 3589 (224
243 3525 348 3588 brenti.

240 3610 284 3675 25)
302 3610 339 3662 Cl.
358 3611 545 3664 Eustatb.l.l.:
566 3614 613 3663 καὶ
633 3613 707 3681 γοῦν
727 3612 774 3664 καὶ
795 3609 997 3666 Παλλάδιον
1017 3614 1265 3683 τετελεσμένον
1285 3613 1332 3665 καλ

170 3693 272 3753 λίθος
291 3697 536 3765 τετελεσμένος
554 3695 624 3749 κατὰ
642 3695 776 3762 τοιαύτην
793 3702 938 3767 capacius
951 3697 1069 3769 ἐλέγετο.
1096 3697 1201 3767 aliquot
1217 3698 1331 3767 exempla

170 3779 221 3830 vid.
235 3795 275 3846 ap.
287 3779 316 3830 li.
329 3782 488 3848 Stephanum,
501 3781 623 3834 Tbesanr.
635 3790 696 3835 tom.
710 3782 754 3836 Vll
766 3800 790 3851 p.
805 3783 870 3835 1969
883 3785 922 3835 cd.
937 3783 1018 3835 Puris.

238 3866 282 3933 26)
301 3866 337 3917 lie
357 3866 398 3918 bis
418 3867 482 3917 satis
499 3876 539 3919 cat
554 3867 706 3919 Lobeckium
721 3869 839 3932 laudare,
860 3869 981 3936 Aglaopb.
1000 3886 1024 3936 p.
1044 3869 1092 3921 108
1108 3876 1134 3920 et
1147 3868 1205 3921 730.
1228 3869 1265 3921 lle
1278 3869 1332 3921 ritu

170 3957 254 4002 autem
268 3952 391 4003 eiusnodi
403 3954 603 4004 consecrationis
616 3953 695 4020 ipsius
706 3954 780 4005 divae
792 3954 901 4006 Hecatae
913 3962 1073 4023 praeceptas
1087 3954 1227 4022 Porphyris
1236 3955 1332 4007 tradita

170 4038 235 4103 apud
255 4036 392 4089 Eusebium
410 4037 517 4103 legimus
537 4039 578 4091 Pr.
598 4054 688 4103 euang.
705 4039 737 4103 V,
754 4039 784 4091 21
807 4048 868 4093 tom.
887 4040 899 4091 l
918 4058 941 4109 p.
956 4041 1006 4093 209
1018 4041 1131 4094 licinieb.
1145 4040 1183 4092 Cl.
1195 4039 1227 4092 G.
1240 4039 1330 4105 Wolll,

172 4120 296 4191 Porphyr.
310 4139 333 4191 p.
349 4124 406 4176 tto.

239 4208 282 4271 2⁷)
300 4208 391 4262 Litbie.
408 4225 435 4262 τ.
452 4209 609 4263 sel-381:
630 4208 752 4275 imprimis
769 4209 879 4261 notabile
895 4218 949 4278 est,
961 4213 1026 4279 qnod
1039 4228 1063 4263 v.
1077 4211 1126 4263 366
1139 4211 1242 4276 dicitnr,
1258 4210 1332 4264 tates

171 4286 391 4361 ὑπερμινέεσσιτ
407 4290 520 4354 ἀοιδαῖς
535 4290 664 4366 ἔμπνουν
675 4292 774 4361 ἕρδειν.
798 4293 905 4361 Lapides
917 4296 1015 4349 aliasve
1027 4312 1069 4349 res
1081 4297 1119 4349 sic
1130 4303 1293 4348 consecratas
1305 4303 1332 4348 et

171 4378 378 4447 τετελεσμένος,
394 4380 527 4449 divinaque
543 4389 588 4433 aut
604 4381 750 4433 daemonica
765 4379 792 4432 vi
808 4380 938 4447 impletas,
954 4382 1110 4451 τελέσματα
1121 4382 1173 4435 dici
1184 4389 1271 4434 notun
1282 4389 1331 4446 est,

171 4460 237 4513 unde
248 4471 395 4531 corruptum
407 4482 422 4517 a
433 4466 550 4520 barbaris
562 4483 652 4519 nomen
664 4465 833 4519 Talisnsn.
