3284 5152
869 435 910 497 so

818 523 966 535 *-

311 620 566 701 Retlempbontem
583 620 725 700 designari
742 620 874 683 ridemus
889 620 999 701 Pegaso
1013 620 1199 695 insidentem,
1215 639 1305 702 quem
1319 629 1369 684 aut
1384 640 1400 684 a
1413 623 1469 697 dis,

193 781 198 797 ,
310 722 483 802 praesertim
498 741 514 784 a
529 722 666 797 Minerva,
687 723 908 787 commodatum
928 723 1074 803 recepisse
1094 730 1145 787 aut
1158 724 1222 805 ipse
1235 724 1386 787 domuisse
1398 738 1470 804 per·

310 824 474 887 hibebatur.
528 824 604 888 Huic
623 825 711 907 igitur
730 825 859 888 insidens
880 825 1064 889 Chimaersm
1084 826 1242 890 obtruncet
1266 826 1470 906 tricorporem,

312 920 445 1007 πρόσθε
465 919 573 988 λέοντ’
596 916 721 989 ὄπιθεν
743 922 782 990 δι’
804 922 966 1012 δράκοντα
987 923 1089 1012 μίσρν
1110 923 1148 990 di
1174 921 1340 1010 χίμαιραν,
1367 932 1403 990 ut
1423 936 1470 990 sst

311 1028 389 1110 apud
403 1027 564 1090 Homerum
591 1037 622 1091 et
646 1028 678 1090 in
697 1028 875 1111 Theogonis.
920 1030 963 1092 td
990 1029 1170 1093 locutionem
1196 1039 1263 1110 epte
1289 1028 1470 1110 itusqrurius

310 1131 488 1211 compararit
502 1130 586 1192 Here.
601 1130 659 1194 tur.
676 1150 700 1193 ν.
721 1131 789 1205 179,
804 1133 855 1194 ubi
870 1132 1006 1195 Centauri
1020 1126 1232 1211 τετρασιελὲς
1252 1123 1401 1215 ὕβρισμα
1417 1150 1470 1193 ro-

310 1240 422 1296 esutur.
466 1232 500 1293 ln
515 1233 617 1295 endem
631 1233 730 1296 inbuta
746 1255 770 1296 r.
787 1234 849 1297 423
863 1226 1073 1314 τρισαίματος
1092 1227 1196 1317 βοτήρ
1210 1233 1380 1314 Geryonem
1395 1233 1469 1296 dici·

310 1343 360 1397 tur
374 1342 494 1417 propter
507 1334 563 1397 tria
577 1354 710 1418 corpora,
727 1338 776 1399 sed
795 1357 819 1399 v.
839 1337 916 1399 1271
935 1331 1140 1421 τρισώματοι
1168 1336 1322 1419 dimisisse
1342 1334 1379 1398 ab
1394 1334 1470 1397 Her·

311 1438 373 1500 onie
388 1438 493 1500 domiti
508 1437 628 1517 quinem
643 1438 821 1519 intelligendi
836 1440 895 1501 sint
910 1458 1051 1520 quaerere
1067 1438 1202 1500 hocloco
1218 1435 1289 1497 nibil
1304 1436 1418 1501 attinet.

395 1539 436 1601 tte
458 1541 599 1619 proximis
620 1541 730 1614 verbis,
753 1544 863 1625 παντᾷ
884 1561 939 1603 τοι
961 1537 1128 1624 βλέφαρον
1149 1533 1276 1612 διώκω,
1303 1537 1361 1600 iam
1380 1557 1471 1619 supra

309 1640 420 1703 dmum
436 1648 490 1715 est,
506 1642 601 1722 colligi
616 1662 652 1705 eu
667 1642 702 1704 iis
716 1661 805 1722 posse
819 1644 981 1725 imaginum
996 1642 1059 1705 loca
1074 1659 1135 1703 non
1156 1640 1319 1720 propinque
1340 1641 1417 1702 inter
1437 1660 1471 1703 se

308 1742 447 1806 sedeatis
460 1743 572 1806 diverse
587 1744 687 1806 fuisse.
732 1739 879 1807 Διοίιιειν
901 1746 938 1806 de
952 1745 1039 1808 celeri
1053 1751 1148 1816 motu,
1164 1748 1197 1804 ut
1211 1758 1291 1805 nune
1305 1741 1461 1805 cordurum

309 1845 352 1908 sio
365 1844 432 1907 stibi
454 1845 564 1925 pedum
578 1845 694 1917 dieitur,
711 1848 788 1909 reiut
801 1845 897 1908 Orest.
914 1866 940 1910 r.
961 1848 1056 1909 1344:
1080 1836 1155 1907 idori
1177 1837 1289 1906 decium
1311 1839 1369 1906 τὸν
1390 1837 1472 1922 ἐμὸν

309 1940 344 2021 ἐς
366 1940 488 2025 δόμους
508 1941 612 2009 πόδα.
658 1948 701 2011 Gi.
722 1949 827 2010 bosch.
849 1948 937 2011 Eum.
960 1968 986 2010 r.
1004 1946 1074 2009 381.
1092 1948 1174 2028 Sept.
1197 1967 1222 2008 r.
1238 1945 1279 2007 99
1294 1954 1324 2007 et
1339 1945 1412 2009 367.
1428 1977 1471 1990 —-

309 2047 464 2111 Conversis
474 2047 565 2129 igitm
575 2049 605 2111 in
616 2050 701 2113 aliem
715 2058 828 2130 partem
841 2050 933 2113 oeulis
944 2050 1094 2131 gigantum
1104 2066 1234 2130 pugnam
1246 2047 1383 2111 mutieres
1396 2065 1469 2110 con·

309 2150 450 2231 spiciunt:
468 2146 582 2213 κλόνον
603 2144 637 2213 dr
659 2144 782 2230 τείχεσι
805 2145 949 2213 λαΐνοισι
973 2144 1151 2230 Γιγάντων.
1197 2151 1256 2214 Sed
1271 2151 1329 2214 boc
1349 2142 1384 2212 ίν
1404 2148 1470 2212 τεί-

308 2270 381 2329 χεσι
395 2269 457 2315 non
471 2252 560 2314 modo
584 2260 703 2333 propter
723 2270 894 2315 mensuram
913 2253 966 2316 sed
986 2253 1075 2316 etiem
1090 2261 1213 2335 propter
1226 2251 1471 2332 signitimtionem

308 2354 397 2417 scribi
411 2354 447 2417 ab
467 2354 607 2436 Euripide
627 2371 687 2418 non
706 2355 818 2433 potuit:
845 2371 915 2416 num
940 2371 997 2416 neo
1023 2354 1203 2436 temptorum
1228 2373 1284 2418 nee
1302 2354 1470 2437 porticuum

307 2456 469 2518 aliorumve
497 2456 695 2519 aedificiorum
725 2456 852 2538 parietes
886 2455 974 2540 τείχη
1009 2457 1159 2521 dicuntur.
1221 2457 1403 2537 Musgrarius
1437 2449 1474 2519 ἐν

309 2560 468 2635 πτνχοῖσι
491 2559 623 2629 coniecit,
644 2577 772 2639 eamque
789 2558 988 2622 coniecturam
1016 2578 1108 2639 quum
1127 2559 1176 2621 elii
1195 2558 1374 2641 probarunt,
1403 2566 1470 2623 tum

307 2661 412 2740 nuperi
426 2659 485 2724 duo
501 2660 628 2723 editores
643 2660 812 2740 Hurtungus
826 2669 856 2723 et
873 2661 1055 2737 iiadbemus,
1076 2679 1204 2742 quorum
1219 2661 1292 2724 alter
1306 2659 1395 2723 etiam
1410 2659 1470 2721 Hs·

308 2762 454 2843 sycbium,
469 2763 528 2826 iam
543 2782 559 2824 a
574 2763 737 2843 biusgrnvio
754 2763 886 2837 citatum,
900 2764 944 2827 sie
957 2763 1061 2844 legisse
1076 2764 1153 2837 vuit,
1169 2763 1218 2843 qni
1233 2781 1327 2843 quum
1343 2762 1470 2843 scripse·

308 2864 347 2928 rit
372 2858 637 2941 retexuissent,
667 2858 855 2945 περιβολαί,
878 2866 957 2930 buno
981 2867 1080 2947 ipsum
1106 2865 1254 2947 Euripidis
1286 2865 1386 2928 ionum
1420 2881 1471 2925 re-

307 2965 440 3046 spexisse
454 2965 594 3029 rideetttr.
617 2966 706 3048 Atqui
721 2967 777 3029 boc
790 2968 889 3048 meum
904 2965 1086 3050 περιβολαί
1100 2967 1147 3030 rix
1162 2966 1288 3030 dubitari
1302 2967 1381 3041 sinit,
1397 2967 1470 3046 quin

306 3059 1472 3150 nodedncnocccidegendumsit:signifieantorseitieetvestsssinuosae

307 3171 389 3245 Ques
400 3176 497 3233 autem
511 3177 687 3251 praetereas
698 3170 863 3252 iiusgrario
874 3172 1045 3245 atteruntur,
1060 3171 1168 3252 partim
1177 3172 1263 3253 plane
1272 3170 1347 3234 nibd
1357 3171 1393 3233 ed
1406 3186 1471 3234 rem

307 3272 465 3353 pertinent.
477 3273 652 3351 purtimuou
663 3273 735 3336 setis
747 3282 826 3336 certe
837 3273 873 3336 ad
885 3271 1121 3354 persuadendum
1133 3281 1200 3353 apta
1210 3278 1290 3335 sunt.
1305 3272 1381 3335 Nam
1391 3272 1471 3354 apud

307 3373 476 3454 Euripidem
491 3373 523 3434 in
537 3374 600 3454 Iph.
617 3375 704 3437 Taur.
722 3394 747 3437 r.
764 3374 793 3447 9,
808 3372 859 3436 ubi
873 3382 944 3439 sunt
959 3365 1112 3448 Αὐλίδος
1126 3375 1257 3453 πτυχαί,
1271 3376 1381 3438 rectius
1397 3392 1468 3437 con·

307 3475 471 3538 retlemsut
482 3475 582 3538 sinum
593 3494 788 3540 antecessum
801 3492 900 3556 quem,
913 3477 993 3556 quod
1005 3476 1052 3538 iiie
1064 3475 1166 3548 soluit,
1183 3472 1360 3557 περίβολον
1371 3476 1470 3557 desig·

306 3577 515 3651 nsridicemus,
522 3578 735 3659 itemqueapud
745 3576 904 3640 Homerum
911 3576 1018 3651 ΚΗΘ,
1028 3566 1114 3639 nosci
1122 3571 1250 3655 πτύχας
1260 3569 1469 3657 Οὐλύμποιο,

306 3688 336 3742 et
352 3679 415 3752 XX,
426 3679 477 3753 22,
495 3675 594 3756 πτυχὶ
607 3670 814 3759 Οὐλύμποιο,
838 3679 874 3741 de
891 3679 1011 3742 ratiibus
1026 3687 1056 3740 et
1069 3679 1235 3743 recessibus
1250 3680 1362 3743 montis
1375 3679 1469 3743 inter·

306 3782 496 3862 pretabimur,
511 3783 590 3843 unde
604 3781 691 3844 etiarn
708 3775 921 3858 πολύπτυχος
935 3782 1050 3846 dieitur.
1062 3781 1100 3845 Et
1113 3791 1160 3846 est
1172 3783 1294 3846 omnino
1308 3783 1380 3847 haec
1390 3783 1470 3847 vocis

308 3879 394 3958 πιίξ
414 3892 464 3945 aut
489 3878 595 3967 πιοχή
616 3883 788 3963 significatio
811 3900 872 3945 non
894 3884 1066 3965 infrequens
1088 3902 1186 3966 neque
1208 3885 1305 3960 dubia,
1327 3891 1430 3967 utpote
1451 3903 1469 3946 a

307 3989 425 4069 proprie
447 3987 669 4068 significatione,
691 4006 748 4068 qua
769 3987 903 4067 plicam
924 3987 1056 4069 designet
1071 4020 1112 4032 -
1127 3994 1161 4049 ut
1181 3981 1342 4051 πτίσσειν
1362 3987 1470 4069 plicare

306 4125 349 4136 -
364 4089 446 4151 iecite
461 4089 603 4152 traducta.
652 4088 816 4151 Pticandi
838 4097 937 4152 autem
958 4097 988 4152 st
1007 4088 1200 4171 plectendi
1220 4090 1358 4151 notiones
1380 4107 1470 4170 quam

307 4192 410 4255 affines
425 4192 486 4254 sint
501 4190 545 4253 rel
560 4209 665 4253 vocum
680 4206 774 4254 sonus
787 4208 911 4254 monere
926 4198 1034 4272 potest,
1052 4191 1249 4272 exposuitque
1265 4191 1469 4265 doederlinus,

308 4296 467 4375 synonym.
483 4294 520 4355 lv
533 4312 563 4376 p.
580 4292 651 4355 279.
695 4294 738 4355 ita
752 4310 845 4374 quum
860 4286 1101 4378 περιπτύσσειν
1121 4293 1162 4355 eit
1182 4292 1378 4374 ampiecti,
1399 4292 1472 4357 binc

306 4395 418 4458 tactum
434 4411 544 4459 nomen
560 4396 765 4478 περιπτυχαί
784 4397 872 4458 etiam
893 4414 1005 4469 muros,
1031 4395 1082 4477 qui
1098 4394 1219 4477 oppidu,
1243 4395 1390 4477 parietes,
1418 4397 1471 4478 qui
