3290 5142
849 468 889 532 14

291 665 359 722 uoto
373 656 516 721 habemus
532 658 569 721 de
583 677 616 723 re
630 656 746 738 publiea
760 656 851 719 libros
866 656 1002 719 omnium
1017 660 1164 739 quotquot
1177 663 1304 719 aeutem
1318 657 1452 720 oderunt

289 759 375 825 iauiie
395 761 672 842 praestantissimos.
701 760 796 822 Nemo
816 759 897 822 enim
914 776 1011 841 neque
1030 759 1067 822 de
1086 759 1182 823 oausis
1196 758 1346 822 societatis
1360 760 1451 823 uirilis

290 881 470 945 summoque
489 865 552 927 eius
574 864 632 926 dne
651 863 761 928 rectius
780 862 932 936 disseruit,
955 879 1051 943 neque
1071 862 1181 936 uarias,
1204 879 1279 943 quae
1299 879 1394 942 usque
1413 862 1451 925 ad

290 964 382 1047 ipsius
392 973 518 1029 aeuum
529 966 685 1030 extiterant
695 984 795 1030 rerum
806 964 989 1047 publicarum
1000 965 1120 1037 formos,
1136 963 1301 1044 duigmuas
1311 982 1450 1045 persoru·

289 1075 368 1131 tatus
383 1075 438 1144 est,
453 1087 550 1151 neque
565 1070 636 1151 quid
649 1071 682 1133 in
693 1087 811 1151 quaque
821 1067 901 1142 boni,
916 1067 986 1148 quid
997 1067 1066 1131 mali
1076 1073 1155 1129 esset
1165 1066 1279 1129 acutius
1289 1068 1449 1148 perspexit,

290 1176 320 1233 et
340 1190 414 1251 quae
433 1172 600 1253 quibusque
614 1171 832 1236 conditionibus
847 1170 1044 1252 praeoptanda
1058 1176 1138 1232 esset
1151 1168 1325 1250 prudentius
1341 1169 1449 1232 diiudi-

289 1274 373 1336 oavit.
403 1274 441 1336 Et
455 1274 492 1337 de
504 1275 585 1356 regio
600 1275 719 1356 quddem
734 1272 875 1356 imperio,
897 1290 1077 1354 quamquam
1093 1272 1273 1335 Graecorum
1286 1272 1404 1352 ingenio
1418 1271 1449 1337 id

289 1376 389 1439 minos
410 1378 566 1440 convenire
584 1377 715 1453 videbat,
736 1378 799 1459 ipse
818 1384 918 1438 tamen
932 1374 1139 1437 nihilominus
1152 1373 1314 1437 honorifioe
1328 1375 1448 1439 iudioat.

288 1477 363 1542 Vere
378 1486 477 1542 autem
491 1481 551 1544 hoo
564 1481 685 1543 nomine
700 1480 821 1560 dignum
835 1479 893 1540 tale
906 1477 995 1541 unius
1010 1476 1167 1558 imperinm
1179 1495 1243 1540 esse
1254 1477 1304 1551 ait,
1319 1478 1367 1540 eui
1377 1496 1449 1559 pro·

287 1581 419 1662 positum
439 1582 478 1646 sit
494 1601 653 1647 eommune
667 1583 711 1645 rei
725 1578 859 1665 pubicae
872 1580 1000 1643 bonum:
1020 1576 1132 1642 καλεῖν
1148 1574 1186 1644 δὲ
1201 1571 1370 1660 εἰώθαμεν
1383 1578 1449 1643 ταῖν

286 1685 473 1768 μοναρχιῶν
498 1680 557 1769 τήν
584 1681 669 1768 πρὸς
693 1680 734 1749 τὸ
756 1685 854 1769 καινῇ
875 1674 1140 1762 ἀποβλέπουσαν
1159 1675 1327 1766 συμφέρον
1346 1683 1448 1762 βασι-

287 1781 377 1850 λείαν
388 1788 449 1868 ⁹⁶).
486 1788 556 1850 Eius
572 1796 671 1851 autem
687 1788 799 1870 speeies
814 1805 879 1850 esse
894 1784 999 1861 varias,
1019 1792 1109 1867 prout
1122 1785 1193 1849 iilud
1207 1784 1366 1867 imperium
1379 1786 1446 1867 plns

288 1889 387 1952 minus
401 1890 657 1973 oiroumsuriptum
672 1891 726 1954 sit:
741 1908 842 1965 unam,
857 1886 951 1971 qualis
965 1888 1022 1951 tuit
1035 1888 1114 1970 apud
1129 1889 1299 1969 Spartanos,
1316 1906 1447 1971 quorum

286 2008 390 2073 regum
416 2001 593 2075 potestatem
619 1994 755 2058 omnium
774 1994 929 2056 minimam
951 1992 1044 2056 tuisse
1064 1997 1195 2064 constat,
1222 2009 1315 2071 quum
1334 1998 1365 2053 et
1384 1992 1447 2055 bini

287 2102 400 2171 essent,
421 2105 452 2159 et
470 2116 533 2160 non
552 2098 642 2161 modo
661 2097 776 2161 senatun
796 2096 849 2160 sed
869 2115 938 2158 mon
958 2095 1048 2158 etiam
1063 2094 1181 2175 ephoris
1196 2093 1298 2158 multis
1312 2094 1344 2157 in
1357 2093 1446 2157 rebus

285 2196 418 2274 eunom,
439 2205 471 2262 et
489 2200 538 2263 vix
551 2201 636 2264 aliter
648 2221 665 2263 a
679 2201 805 2263 summis
820 2206 985 2262 ceterarum
1001 2198 1151 2261 civitatum
1165 2197 1385 2277 magistratibus
1400 2195 1445 2260 di·

283 2300 374 2377 versi,
398 2319 487 2382 quom
508 2304 587 2385 quod
607 2310 781 2386 perpetuam
800 2302 949 2366 habebant
967 2301 1154 2382 dignitatem,
1175 2316 1238 2361 non
1252 2317 1381 2363 annuam
1395 2306 1447 2363 aut

283 2401 382 2484 aliquo
407 2407 551 2487 temporis
576 2407 671 2488 spatio
698 2406 864 2480 definitam,
893 2404 1031 2486 quodque
1055 2403 1167 2466 summi
1191 2410 1276 2466 erant
1299 2403 1445 2466 exereitus

283 2503 436 2584 duotores3
452 2525 632 2590 qumnquam
643 2527 705 2572 non
716 2507 855 2571 omnihus
866 2524 985 2589 semper
995 2504 1169 2568 exercitibus
1180 2523 1262 2586 reges
1274 2505 1445 2586 praefuisse,

282 2616 328 2682 ot,
350 2608 375 2671 si
389 2616 573 2690 praeessent,
595 2612 635 2674 ibi
651 2629 769 2693 quoque
784 2611 820 2673 ab
836 2609 954 2692 ephoris
969 2626 1030 2672 non
1044 2607 1240 2671 incustoditus
1255 2607 1348 2671 misse
1363 2608 1446 2671 vide-

282 2727 359 2772 mus.
389 2712 522 2776 dlterum
538 2731 631 2795 gennis
645 2715 727 2796 regni
742 2713 813 2779 iliud
829 2731 893 2775 esse
909 2713 1010 2786 doeet,
1031 2710 1110 2792 quod
1124 2709 1242 2774 heroica
1257 2718 1352 2774 aetate
1367 2711 1444 2794 apud

282 2812 408 2878 Graecos
434 2814 526 2877 titisse
546 2816 669 2879 Homeri
695 2817 826 2881 earmina
849 2816 979 2878 tradunt.
1014 2815 1047 2877 ld
1074 2821 1172 2877 autem
1199 2815 1294 2877 tribus
1316 2814 1444 2877 manime

281 2916 370 2978 rebus
385 2918 548 2992 constabat,
563 2918 638 2981 ioris
653 2927 688 2982 ut
700 2920 863 2983 exercitum
879 2934 963 2998 reges
978 2916 1143 2992 ductarent,
1159 2916 1241 2981 domi
1254 2924 1289 2980 ut
1303 2916 1348 2980 ius
1363 2916 1443 2979 diee-

280 3025 364 3094 rent,
379 3025 458 3082 utut
472 3038 555 3084 saera
569 3022 712 3103 quaedam
727 3039 782 3104 pro
796 3020 907 3101 popuio
922 3021 1063 3084 moerent.
1094 3021 1283 3101 Quantopere
1297 3024 1398 3083 autem
1412 3017 1444 3082 hi

281 3139 401 3203 qnoque
419 3122 451 3185 in
471 3123 702 3188 administranda
716 3143 749 3189 re
763 3123 879 3207 publiea
894 3131 1060 3187 ceterorum
1075 3123 1256 3205 principum,
1278 3123 1329 3203 qui
1343 3128 1375 3185 et
1388 3120 1443 3203 ipsi

280 3241 343 3287 non
360 3241 429 3287 raro
449 3221 608 3312 βασιλῆας
625 3232 783 3300 rorantur,
812 3226 985 3290 auctoritato
1006 3232 1036 3288 et
1055 3226 1178 3290 oonsilio
1196 3226 1303 3307 partim
1324 3224 1443 3288 ooeroiti

279 3326 387 3408 partim
399 3327 490 3393 adiuti
500 3329 569 3403 sint,
586 3347 647 3393 non
658 3348 733 3411 opus
743 3335 790 3391 est
800 3346 881 3392 nuno
891 3327 1009 3409 erponi,
1021 3346 1118 3411 neque
1129 3346 1309 3410 quemqnam
1322 3325 1443 3390 Homeri

279 3429 421 3493 lectorem
435 3432 519 3513 rugit.
548 3431 684 3496 Tertium
698 3449 790 3513 genus
804 3450 910 3495 eorum
926 3438 980 3506 est,
997 3449 1073 3512 quos
1087 3446 1301 3511 nonnunquam
1313 3429 1442 3492 Graeco·

279 3550 347 3596 rum
373 3534 502 3598 ciuitates
525 3535 605 3617 ipsae
625 3534 681 3598 sibi
701 3535 911 3615 imposuerunt
931 3534 1076 3597 intestinis
1097 3533 1253 3597 discordiis
1271 3533 1379 3606 fessae,
1407 3539 1441 3595 ut

279 3635 391 3717 legibus
410 3636 573 3700 seniendis
594 3636 813 3719 ordinandoque
832 3655 865 3700 re
887 3635 1002 3720 publiea
1023 3654 1126 3718 paoem
1143 3643 1174 3699 et
1188 3635 1376 3700 oonoordiam
1390 3653 1440 3699 re-

278 3739 436 3805 stituerent
455 3747 486 3803 et
504 3744 650 3821 quantum
671 3745 773 3822 posset
792 3739 993 3821 inposterum
1008 3739 1186 3804 stabilirent:
1209 3739 1246 3802 de
1260 3738 1368 3822 quibus
1381 3736 1440 3800 hm

278 3859 369 3923 supra
388 3861 405 3907 a
424 3843 510 3907 nobis
533 3843 646 3906 dietum
666 3849 720 3905 est.
750 3841 896 3916 Quartum
921 3842 1046 3924 denique
1066 3862 1158 3926 genus
1179 3843 1261 3924 regni
1280 3858 1343 3904 non
1362 3840 1440 3922 apud

278 3945 414 4019 Graecos,
428 3946 481 4009 sed
496 3947 575 4027 apud
589 3945 730 4010 barbaros
741 3944 885 4027 quosdam
897 3944 1038 4008 usitatum
1051 3952 1206 4021 memorat,
1220 3945 1271 4009 ubi
1282 3944 1440 4025 imperium

276 4047 381 4126 unius,
395 4048 474 4110 nudie
488 4049 544 4130 ipsi
559 4049 695 4131 opposita
709 4052 856 4129 potestate
870 4047 1041 4123 ooercitum,
1057 4050 1109 4112 sed
1125 4048 1336 4113 hereditarium
1351 4055 1440 4129 atque

275 4150 441 4230 legitimum
460 4151 509 4214 sit.
538 4152 652 4235 Nempe
671 4150 834 4232 legitimum
855 4148 913 4213 hoo
932 4168 1023 4215 sensu
1042 4151 1164 4226 dieitur,
1184 4158 1218 4216 ut
1239 4149 1372 4214 moribm
1391 4149 1440 4212 in-

275 4251 445 4334 stitutisque
466 4253 568 4338 patriis
583 4259 735 4334 receptum
750 4251 909 4334 signifieat,
924 4270 987 4318 non
1000 4263 1035 4319 ut
1049 4255 1165 4338 seriptis
1180 4254 1292 4336 legibus
1307 4254 1351 4317 rel
1366 4236 1435 4317 sanss

279 4409 477 4422 ——-.

343 4470 387 4538 ιι)
404 4471 479 4526 rone
491 4472 531 4541 nr,
544 4474 568 4541 ιι,
581 4474 607 4526 ν.
623 4500 628 4505 ,
