<?xml version="1.0" encoding="UTF-8"?>
<!DOCTYPE html PUBLIC "-//W3C//DTD XHTML 1.0 Transitional//EN"
    "http://www.w3.org/TR/xhtml1/DTD/xhtml1-transitional.dtd">
<html xmlns="http://www.w3.org/1999/xhtml" xml:lang="en" lang="en">
 <head>
  <title>
</title>
<meta http-equiv="Content-Type" content="text/html;charset=utf-8" />
  <meta name='ocr-system' content='tesseract 3.04.00' />
  <meta name='ocr-capabilities' content='ocr_page ocr_carea ocr_par ocr_line ocrx_word'/>
</head>
<body>
  <div class='ocr_page' id='page_1' title='image "./opusculaacademi00schogoog_0307.png"; bbox 0 0 3154 5138; ppageno 0'>
   <div class='ocr_carea' id='block_1_1' title="bbox 816 382 879 447">
    <p class='ocr_par' dir='ltr' id='par_1_1' title="bbox 816 382 879 447">
     <span class='ocr_line' id='line_1_1' title="bbox 816 382 879 447; baseline 0.032 -2"><span class='ocrx_word' id='word_1_1' title='bbox 816 382 879 447; x_wconf 76' lang='lat' dir='ltr'><strong>aas</strong></span> 
     </span>
    </p>
   </div>
   <div class='ocr_carea' id='block_1_2' title="bbox 244 568 1447 2603">
    <p class='ocr_par' dir='ltr' id='par_1_2' title="bbox 271 568 1418 960">
     <span class='ocr_line' id='line_1_2' title="bbox 271 568 1414 655; baseline 0.002 -20"><span class='ocrx_word' id='word_1_2' title='bbox 271 580 395 655; x_wconf 91' lang='lat' dir='ltr'><strong>propter</strong></span> <span class='ocrx_word' id='word_1_3' title='bbox 409 569 592 635; x_wconf 77' lang='lat' dir='ltr'><strong>inscientiam</strong></span> <span class='ocrx_word' id='word_1_4' title='bbox 607 569 715 633; x_wconf 82' lang='lat' dir='ltr'><strong>lactum</strong></span> <span class='ocrx_word' id='word_1_5' title='bbox 730 586 809 646; x_wconf 88' lang='lat' dir='ltr'><strong>esse,</strong></span> <span class='ocrx_word' id='word_1_6' title='bbox 829 577 862 631; x_wconf 89' lang='lat' dir='ltr'><strong>ot</strong></span> <span class='ocrx_word' id='word_1_7' title='bbox 880 568 1017 633; x_wconf 87' lang='lat' dir='ltr'><strong>homines</strong></span> <span class='ocrx_word' id='word_1_8' title='bbox 1036 569 1323 653; x_wconf 63' lang='lat' dir='ltr'><strong>philosopharinam</strong></span> <span class='ocrx_word' id='word_1_9' title='bbox 1342 572 1414 637; x_wconf 82' lang='lat' dir='ltr'><strong>scili·</strong></span> 
     </span>
     <span class='ocr_line' id='line_1_3' title="bbox 273 670 1418 754; baseline 0 -17"><span class='ocrx_word' id='word_1_10' title='bbox 273 684 318 739; x_wconf 89' lang='lat' dir='ltr'><strong>cet</strong></span> <span class='ocrx_word' id='word_1_11' title='bbox 332 672 468 737; x_wconf 79' lang='lat' dir='ltr'><strong>scientiae</strong></span> <span class='ocrx_word' id='word_1_12' title='bbox 483 672 650 754; x_wconf 84' lang='lat' dir='ltr'><strong>cupiditate,</strong></span> <span class='ocrx_word' id='word_1_13' title='bbox 664 679 693 733; x_wconf 86' lang='lat' dir='ltr'><strong>et</strong></span> <span class='ocrx_word' id='word_1_14' title='bbox 711 690 745 733; x_wconf 83' lang='lat' dir='ltr'><strong>ex</strong></span> <span class='ocrx_word' id='word_1_15' title='bbox 759 672 815 733; x_wconf 89' lang='lat' dir='ltr'><strong>bac</strong></span> <span class='ocrx_word' id='word_1_16' title='bbox 832 670 897 751; x_wconf 88' lang='lat' dir='ltr'><strong>ipsa</strong></span> <span class='ocrx_word' id='word_1_17' title='bbox 914 672 1078 748; x_wconf 74' lang='lat' dir='ltr'><strong>inscientia,</strong></span> <span class='ocrx_word' id='word_1_18' title='bbox 1104 691 1196 753; x_wconf 87' lang='lat' dir='ltr'><strong>quum</strong></span> <span class='ocrx_word' id='word_1_19' title='bbox 1214 693 1247 737; x_wconf 90' lang='lat' dir='ltr'><strong>se</strong></span> <span class='ocrx_word' id='word_1_20' title='bbox 1265 674 1336 737; x_wconf 88' lang='lat' dir='ltr'><strong>nihil</strong></span> <span class='ocrx_word' id='word_1_21' title='bbox 1347 674 1418 738; x_wconf 82' lang='lat' dir='ltr'><strong>scire</strong></span> 
     </span>
     <span class='ocr_line' id='line_1_4' title="bbox 273 773 1418 859; baseline -0.001 -20"><span class='ocrx_word' id='word_1_22' title='bbox 273 777 530 858; x_wconf 82' lang='lat' dir='ltr'><strong>persentiscerent,</strong></span> <span class='ocrx_word' id='word_1_23' title='bbox 545 782 647 837; x_wconf 89' lang='lat' dir='ltr'><strong>natum</strong></span> <span class='ocrx_word' id='word_1_24' title='bbox 661 792 729 837; x_wconf 89' lang='lat' dir='ltr'><strong>ease</strong></span> <span class='ocrx_word' id='word_1_25' title='bbox 743 773 920 855; x_wconf 89' lang='lat' dir='ltr'><strong>principium</strong></span> <span class='ocrx_word' id='word_1_26' title='bbox 931 774 1144 858; x_wconf 77' lang='lat' dir='ltr'><strong>philosophias,</strong></span> <span class='ocrx_word' id='word_1_27' title='bbox 1158 784 1187 837; x_wconf 90' lang='lat' dir='ltr'><strong>et</strong></span> <span class='ocrx_word' id='word_1_28' title='bbox 1201 776 1328 857; x_wconf 84' lang='lat' dir='ltr'><strong>primum</strong></span> <span class='ocrx_word' id='word_1_29' title='bbox 1340 777 1418 859; x_wconf 76' lang='lat' dir='ltr'><strong>pomi</strong></span> 
     </span>
     <span class='ocr_line' id='line_1_5' title="bbox 273 875 965 960; baseline -0.003 -19"><span class='ocrx_word' id='word_1_30' title='bbox 273 880 395 960; x_wconf 78' lang='lat' dir='ltr'><strong>gradum</strong></span> <span class='ocrx_word' id='word_1_31' title='bbox 410 880 518 941; x_wconf 79' lang='lat' dir='ltr'><strong>batum</strong></span> <span class='ocrx_word' id='word_1_32' title='bbox 532 895 599 941; x_wconf 87' lang='lat' dir='ltr'><strong>esse</strong></span> <span class='ocrx_word' id='word_1_33' title='bbox 613 877 649 940; x_wconf 84' lang='lat' dir='ltr'><strong>ad</strong></span> <span class='ocrx_word' id='word_1_34' title='bbox 664 875 815 939; x_wconf 85' lang='lat' dir='ltr'><strong>scientiam</strong></span> <span class='ocrx_word' id='word_1_35' title='bbox 829 876 965 939; x_wconf 77' lang='lat' dir='ltr'><strong>colandi.</strong></span> 
     </span>
    </p>

    <p class='ocr_par' dir='ltr' id='par_1_3' title="bbox 275 977 1428 1472">
     <span class='ocr_line' id='line_1_6' title="bbox 358 977 1421 1062; baseline -0.003 -17"><span class='ocrx_word' id='word_1_36' title='bbox 358 981 457 1045; x_wconf 90' lang='lat' dir='ltr'><strong>Paullo</strong></span> <span class='ocrx_word' id='word_1_37' title='bbox 473 988 544 1061; x_wconf 86' lang='lat' dir='ltr'><strong>post</strong></span> <span class='ocrx_word' id='word_1_38' title='bbox 557 999 573 1041; x_wconf 94' lang='lat' dir='ltr'><strong>e</strong></span> <span class='ocrx_word' id='word_1_39' title='bbox 586 978 721 1043; x_wconf 87' lang='lat' dir='ltr'><strong>Lambini</strong></span> <span class='ocrx_word' id='word_1_40' title='bbox 735 978 939 1043; x_wconf 90' lang='lat' dir='ltr'><strong>emendatione</strong></span> <span class='ocrx_word' id='word_1_41' title='bbox 951 977 1070 1060; x_wconf 77' lang='lat' dir='ltr'><strong>legitur:</strong></span> <span class='ocrx_word' id='word_1_42' title='bbox 1091 980 1174 1062; x_wconf 90' lang='lat' dir='ltr'><strong>quid</strong></span> <span class='ocrx_word' id='word_1_43' title='bbox 1194 989 1250 1043; x_wconf 90' lang='lat' dir='ltr'><strong>est</strong></span> <span class='ocrx_word' id='word_1_44' title='bbox 1268 979 1359 1043; x_wconf 87' lang='lat' dir='ltr'><strong>enim</strong></span> <span class='ocrx_word' id='word_1_45' title='bbox 1373 988 1421 1042; x_wconf 92' lang='lat' dir='ltr'><strong>te·</strong></span> 
     </span>
     <span class='ocr_line' id='line_1_7' title="bbox 275 1078 1424 1165; baseline -0.002 -18"><span class='ocrx_word' id='word_1_46' title='bbox 275 1084 439 1147; x_wconf 90' lang='lat' dir='ltr'><strong>meritate</strong></span> <span class='ocrx_word' id='word_1_47' title='bbox 454 1078 619 1165; x_wconf 73' lang='lat' dir='ltr'><strong>turpius?</strong></span> <span class='ocrx_word' id='word_1_48' title='bbox 639 1099 761 1162; x_wconf 85' lang='lat' dir='ltr'><strong>eamque</strong></span> <span class='ocrx_word' id='word_1_49' title='bbox 786 1081 1035 1159; x_wconf 88' lang='lat' dir='ltr'><strong>emendationem,</strong></span> <span class='ocrx_word' id='word_1_50' title='bbox 1056 1091 1194 1164; x_wconf 83' lang='lat' dir='ltr'><strong>qtmttnor</strong></span> <span class='ocrx_word' id='word_1_51' title='bbox 1213 1081 1348 1146; x_wconf 83' lang='lat' dir='ltr'><strong>codimm</strong></span> <span class='ocrx_word' id='word_1_52' title='bbox 1371 1101 1424 1165; x_wconf 83' lang='lat' dir='ltr'><strong>po-</strong></span> 
     </span>
     <span class='ocr_line' id='line_1_8' title="bbox 275 1184 1425 1266; baseline -0.003 -15"><span class='ocrx_word' id='word_1_53' title='bbox 275 1195 337 1251; x_wconf 89' lang='lat' dir='ltr'><strong>stea</strong></span> <span class='ocrx_word' id='word_1_54' title='bbox 355 1187 527 1250; x_wconf 89' lang='lat' dir='ltr'><strong>collatorum</strong></span> <span class='ocrx_word' id='word_1_55' title='bbox 547 1185 727 1266; x_wconf 76' lang='lat' dir='ltr'><strong>domumque</strong></span> <span class='ocrx_word' id='word_1_56' title='bbox 741 1192 871 1248; x_wconf 82' lang='lat' dir='ltr'><strong>rotonam</strong></span> <span class='ocrx_word' id='word_1_57' title='bbox 890 1184 1066 1262; x_wconf 85' lang='lat' dir='ltr'><strong>editionum,</strong></span> <span class='ocrx_word' id='word_1_58' title='bbox 1084 1184 1261 1249; x_wconf 80' lang='lat' dir='ltr'><strong>basileensis</strong></span> <span class='ocrx_word' id='word_1_59' title='bbox 1277 1192 1306 1248; x_wconf 89' lang='lat' dir='ltr'><strong>et</strong></span> <span class='ocrx_word' id='word_1_60' title='bbox 1319 1184 1425 1247; x_wconf 78' lang='lat' dir='ltr'><strong>bacen·</strong></span> 
     </span>
     <span class='ocr_line' id='line_1_9' title="bbox 275 1287 1427 1364; baseline -0.003 -11"><span class='ocrx_word' id='word_1_61' title='bbox 275 1291 387 1364; x_wconf 82' lang='lat' dir='ltr'><strong>sienae,</strong></span> <span class='ocrx_word' id='word_1_62' title='bbox 407 1289 577 1352; x_wconf 82' lang='lat' dir='ltr'><strong>auctoritate</strong></span> <span class='ocrx_word' id='word_1_63' title='bbox 595 1288 812 1364; x_wconf 83' lang='lat' dir='ltr'><strong>confirmatam,</strong></span> <span class='ocrx_word' id='word_1_64' title='bbox 827 1287 932 1351; x_wconf 91' lang='lat' dir='ltr'><strong>morito</strong></span> <span class='ocrx_word' id='word_1_65' title='bbox 946 1288 1124 1352; x_wconf 84' lang='lat' dir='ltr'><strong>recentiores</strong></span> <span class='ocrx_word' id='word_1_66' title='bbox 1140 1287 1271 1351; x_wconf 83' lang='lat' dir='ltr'><strong>editores</strong></span> <span class='ocrx_word' id='word_1_67' title='bbox 1286 1287 1324 1350; x_wconf 90' lang='lat' dir='ltr'><strong>ad</strong></span> <span class='ocrx_word' id='word_1_68' title='bbox 1339 1305 1427 1350; x_wconf 90' lang='lat' dir='ltr'><strong>unum</strong></span> 
     </span>
     <span class='ocr_line' id='line_1_10' title="bbox 275 1390 1428 1472; baseline -0.003 -18"><span class='ocrx_word' id='word_1_69' title='bbox 275 1410 379 1455; x_wconf 89' lang='lat' dir='ltr'><strong>omnes</strong></span> <span class='ocrx_word' id='word_1_70' title='bbox 393 1398 575 1472; x_wconf 81' lang='lat' dir='ltr'><strong>receperunt,</strong></span> <span class='ocrx_word' id='word_1_71' title='bbox 590 1408 687 1471; x_wconf 84' lang='lat' dir='ltr'><strong>neque</strong></span> <span class='ocrx_word' id='word_1_72' title='bbox 697 1390 862 1470; x_wconf 84' lang='lat' dir='ltr'><strong>quisquam,</strong></span> <span class='ocrx_word' id='word_1_73' title='bbox 879 1390 959 1470; x_wconf 83' lang='lat' dir='ltr'><strong>qrrod</strong></span> <span class='ocrx_word' id='word_1_74' title='bbox 971 1391 1088 1471; x_wconf 87' lang='lat' dir='ltr'><strong>quidem</strong></span> <span class='ocrx_word' id='word_1_75' title='bbox 1100 1409 1154 1470; x_wconf 76' lang='lat' dir='ltr'><strong>ego</strong></span> <span class='ocrx_word' id='word_1_76' title='bbox 1165 1390 1361 1464; x_wconf 83' lang='lat' dir='ltr'><strong>meminerim,</strong></span> <span class='ocrx_word' id='word_1_77' title='bbox 1375 1390 1428 1451; x_wconf 86' lang='lat' dir='ltr'><strong>im·</strong></span> 
     </span>
    </p>

    <p class='ocr_par' dir='ltr' id='par_1_4' title="bbox 244 1491 1447 2603">
     <span class='ocr_line' id='line_1_11' title="bbox 244 1491 1432 1576; baseline -0.006 -16"><span class='ocrx_word' id='word_1_78' title='bbox 244 1510 258 1560; x_wconf 82' lang='lat'><strong>7</strong></span> <span class='ocrx_word' id='word_1_79' title='bbox 276 1494 410 1575; x_wconf 87' lang='lat' dir='ltr'><strong>probarit</strong></span> <span class='ocrx_word' id='word_1_80' title='bbox 424 1502 539 1574; x_wconf 87' lang='lat' dir='ltr'><strong>praeter</strong></span> <span class='ocrx_word' id='word_1_81' title='bbox 552 1494 585 1556; x_wconf 85' lang='lat' dir='ltr'><strong>F.</strong></span> <span class='ocrx_word' id='word_1_82' title='bbox 601 1495 634 1555; x_wconf 79' lang='lat' dir='ltr'><strong>h.</strong></span> <span class='ocrx_word' id='word_1_83' title='bbox 649 1492 802 1567; x_wconf 84' lang='lat' dir='ltr'><strong>Wolbnm,</strong></span> <span class='ocrx_word' id='word_1_84' title='bbox 817 1492 868 1572; x_wconf 86' lang='lat' dir='ltr'><strong>qui</strong></span> <span class='ocrx_word' id='word_1_85' title='bbox 881 1494 1032 1576; x_wconf 84' lang='lat' dir='ltr'><strong>explosam</strong></span> <span class='ocrx_word' id='word_1_86' title='bbox 1047 1513 1064 1557; x_wconf 82' lang='lat' dir='ltr'><strong>a</strong></span> <span class='ocrx_word' id='word_1_87' title='bbox 1079 1494 1181 1556; x_wconf 89' lang='lat' dir='ltr'><strong>ceteris</strong></span> <span class='ocrx_word' id='word_1_88' title='bbox 1196 1502 1228 1556; x_wconf 90' lang='lat' dir='ltr'><strong>et</strong></span> <span class='ocrx_word' id='word_1_89' title='bbox 1242 1493 1379 1556; x_wconf 73' lang='lat' dir='ltr'><strong>reiectmn</strong></span> <span class='ocrx_word' id='word_1_90' title='bbox 1392 1491 1432 1553; x_wconf 86' lang='lat' dir='ltr'><strong>le-</strong></span> 
     </span>
     <span class='ocr_line' id='line_1_12' title="bbox 277 1593 1430 1676; baseline -0.002 -17"><span class='ocrx_word' id='word_1_91' title='bbox 277 1597 404 1659; x_wconf 89' lang='lat' dir='ltr'><strong>ctionem</strong></span> <span class='ocrx_word' id='word_1_92' title='bbox 419 1597 552 1659; x_wconf 81' lang='lat' dir='ltr'><strong>fortius</strong></span> <span class='ocrx_word' id='word_1_93' title='bbox 568 1595 714 1659; x_wconf 88' lang='lat' dir='ltr'><strong>rindlcare</strong></span> <span class='ocrx_word' id='word_1_94' title='bbox 732 1595 882 1676; x_wconf 79' lang='lat' dir='ltr'><strong>arputrrlae</strong></span> <span class='ocrx_word' id='word_1_95' title='bbox 901 1596 1053 1659; x_wconf 88' lang='lat' dir='ltr'><strong>cuiusdam</strong></span> <span class='ocrx_word' id='word_1_96' title='bbox 1071 1594 1324 1676; x_wconf 82' lang='lat' dir='ltr'><strong>interpretationis</strong></span> <span class='ocrx_word' id='word_1_97' title='bbox 1344 1593 1430 1657; x_wconf 79' lang='lat' dir='ltr'><strong>anm·</strong></span> 
     </span>
     <span class='ocr_line' id='line_1_13' title="bbox 277 1697 1434 1781; baseline -0.006 -18"><span class='ocrx_word' id='word_1_98' title='bbox 277 1700 322 1763; x_wconf 90' lang='lat' dir='ltr'><strong>cio</strong></span> <span class='ocrx_word' id='word_1_99' title='bbox 342 1707 463 1762; x_wconf 78' lang='lat' dir='ltr'><strong>conabar</strong></span> <span class='ocrx_word' id='word_1_100' title='bbox 483 1707 537 1762; x_wconf 86' lang='lat' dir='ltr'><strong>est.</strong></span> <span class='ocrx_word' id='word_1_101' title='bbox 580 1698 671 1778; x_wconf 72' lang='lat' dir='ltr'><strong>Negat</strong></span> <span class='ocrx_word' id='word_1_102' title='bbox 690 1717 723 1760; x_wconf 88' lang='lat' dir='ltr'><strong>se</strong></span> <span class='ocrx_word' id='word_1_103' title='bbox 741 1699 854 1761; x_wconf 88' lang='lat' dir='ltr'><strong>moveri</strong></span> <span class='ocrx_word' id='word_1_104' title='bbox 871 1699 1027 1781; x_wconf 83' lang='lat' dir='ltr'><strong>exemplis,</strong></span> <span class='ocrx_word' id='word_1_105' title='bbox 1050 1717 1123 1780; x_wconf 87' lang='lat' dir='ltr'><strong>quse</strong></span> <span class='ocrx_word' id='word_1_106' title='bbox 1141 1697 1307 1762; x_wconf 87' lang='lat' dir='ltr'><strong>Lambinus</strong></span> <span class='ocrx_word' id='word_1_107' title='bbox 1333 1697 1434 1777; x_wconf 81' lang='lat' dir='ltr'><strong>abique</strong></span> 
     </span>
     <span class='ocr_line' id='line_1_14' title="bbox 277 1798 1434 1884; baseline -0.004 -19"><span class='ocrx_word' id='word_1_108' title='bbox 277 1800 448 1875; x_wconf 84' lang='lat' dir='ltr'><strong>attulerunt,</strong></span> <span class='ocrx_word' id='word_1_109' title='bbox 469 1809 503 1863; x_wconf 91' lang='lat' dir='ltr'><strong>nt</strong></span> <span class='ocrx_word' id='word_1_110' title='bbox 521 1800 733 1881; x_wconf 84' lang='lat' dir='ltr'><strong>turpitudinem</strong></span> <span class='ocrx_word' id='word_1_111' title='bbox 752 1800 906 1864; x_wconf 82' lang='lat' dir='ltr'><strong>temeritati</strong></span> <span class='ocrx_word' id='word_1_112' title='bbox 926 1803 1009 1883; x_wconf 85' lang='lat' dir='ltr'><strong>quasi</strong></span> <span class='ocrx_word' id='word_1_113' title='bbox 1029 1802 1179 1884; x_wconf 83' lang='lat' dir='ltr'><strong>propriam</strong></span> <span class='ocrx_word' id='word_1_114' title='bbox 1200 1800 1323 1864; x_wconf 88' lang='lat' dir='ltr'><strong>attribui</strong></span> <span class='ocrx_word' id='word_1_115' title='bbox 1344 1798 1434 1861; x_wconf 89' lang='lat' dir='ltr'><strong>solers</strong></span> 
     </span>
     <span class='ocr_line' id='line_1_15' title="bbox 278 1900 1438 1993; baseline 0 -28"><span class='ocrx_word' id='word_1_116' title='bbox 278 1904 478 1967; x_wconf 81' lang='lat' dir='ltr'><strong>ostenderent:</strong></span> <span class='ocrx_word' id='word_1_117' title='bbox 498 1921 568 1967; x_wconf 87' lang='lat' dir='ltr'><strong>nam</strong></span> <span class='ocrx_word' id='word_1_118' title='bbox 587 1921 690 1983; x_wconf 87' lang='lat' dir='ltr'><strong>posse,</strong></span> <span class='ocrx_word' id='word_1_119' title='bbox 708 1903 788 1984; x_wconf 86' lang='lat' dir='ltr'><strong>quod</strong></span> <span class='ocrx_word' id='word_1_120' title='bbox 807 1911 893 1984; x_wconf 86' lang='lat' dir='ltr'><strong>turpe</strong></span> <span class='ocrx_word' id='word_1_121' title='bbox 908 1905 958 1980; x_wconf 90' lang='lat' dir='ltr'><strong>sit,</strong></span> <span class='ocrx_word' id='word_1_122' title='bbox 972 1912 1070 1967; x_wconf 87' lang='lat' dir='ltr'><strong>tamen</strong></span> <span class='ocrx_word' id='word_1_123' title='bbox 1082 1905 1172 1993; x_wconf 69' lang='lat' dir='ltr'><strong>pdam</strong></span> <span class='ocrx_word' id='word_1_124' title='bbox 1187 1903 1254 1966; x_wconf 85' lang='lat' dir='ltr'><strong>aliis</strong></span> <span class='ocrx_word' id='word_1_125' title='bbox 1269 1900 1438 1966; x_wconf 86' lang='lat' dir='ltr'><strong>nominibus</strong></span> 
     </span>
     <span class='ocr_line' id='line_1_16' title="bbox 278 2003 1439 2087; baseline -0.004 -16"><span class='ocrx_word' id='word_1_126' title='bbox 278 2007 399 2071; x_wconf 82' lang='lat' dir='ltr'><strong>censeri.</strong></span> <span class='ocrx_word' id='word_1_127' title='bbox 442 2008 545 2070; x_wconf 82' lang='lat' dir='ltr'><strong>Potest</strong></span> <span class='ocrx_word' id='word_1_128' title='bbox 562 2022 648 2069; x_wconf 89' lang='lat' dir='ltr'><strong>sans:</strong></span> <span class='ocrx_word' id='word_1_129' title='bbox 668 2006 758 2068; x_wconf 91' lang='lat' dir='ltr'><strong>modo</strong></span> <span class='ocrx_word' id='word_1_130' title='bbox 777 2015 845 2087; x_wconf 87' lang='lat' dir='ltr'><strong>apta</strong></span> <span class='ocrx_word' id='word_1_131' title='bbox 863 2026 896 2069; x_wconf 89' lang='lat' dir='ltr'><strong>aa</strong></span> <span class='ocrx_word' id='word_1_132' title='bbox 916 2009 1037 2070; x_wconf 91' lang='lat' dir='ltr'><strong>nomina</strong></span> <span class='ocrx_word' id='word_1_133' title='bbox 1051 2017 1081 2070; x_wconf 93' lang='lat' dir='ltr'><strong>et</strong></span> <span class='ocrx_word' id='word_1_134' title='bbox 1094 2008 1135 2070; x_wconf 91' lang='lat' dir='ltr'><strong>rei</strong></span> <span class='ocrx_word' id='word_1_135' title='bbox 1151 2005 1359 2070; x_wconf 72' lang='lat' dir='ltr'><strong>concernentia</strong></span> <span class='ocrx_word' id='word_1_136' title='bbox 1372 2003 1439 2067; x_wconf 81' lang='lat' dir='ltr'><strong>sint</strong></span> 
     </span>
     <span class='ocr_line' id='line_1_17' title="bbox 277 2108 1441 2190; baseline -0.005 -17"><span class='ocrx_word' id='word_1_137' title='bbox 277 2110 437 2175; x_wconf 85' lang='lat' dir='ltr'><strong>Temeritas</strong></span> <span class='ocrx_word' id='word_1_138' title='bbox 452 2118 549 2173; x_wconf 88' lang='lat' dir='ltr'><strong>autam</strong></span> <span class='ocrx_word' id='word_1_139' title='bbox 565 2127 622 2189; x_wconf 83' lang='lat' dir='ltr'><strong>qua</strong></span> <span class='ocrx_word' id='word_1_140' title='bbox 635 2108 750 2171; x_wconf 78' lang='lat' dir='ltr'><strong>radone</strong></span> <span class='ocrx_word' id='word_1_141' title='bbox 765 2109 780 2170; x_wconf 85' lang='lat' dir='ltr'><strong>i</strong></span> <span class='ocrx_word' id='word_1_142' title='bbox 781 2109 874 2171; x_wconf 89' lang='lat' dir='ltr'><strong>ortis</strong></span> <span class='ocrx_word' id='word_1_143' title='bbox 889 2110 1002 2172; x_wconf 89' lang='lat' dir='ltr'><strong>censeri</strong></span> <span class='ocrx_word' id='word_1_144' title='bbox 1012 2110 1153 2190; x_wconf 89' lang='lat' dir='ltr'><strong>potuerit,</strong></span> <span class='ocrx_word' id='word_1_145' title='bbox 1168 2109 1302 2175; x_wconf 84' lang='lat' dir='ltr'><strong>Wclfius</strong></span> <span class='ocrx_word' id='word_1_146' title='bbox 1318 2126 1368 2170; x_wconf 89' lang='lat' dir='ltr'><strong>ma</strong></span> <span class='ocrx_word' id='word_1_147' title='bbox 1382 2122 1441 2169; x_wconf 90' lang='lat' dir='ltr'><strong>non</strong></span> 
     </span>
     <span class='ocr_line' id='line_1_18' title="bbox 277 2207 1443 2292; baseline -0.003 -17"><span class='ocrx_word' id='word_1_148' title='bbox 277 2212 389 2287; x_wconf 82' lang='lat' dir='ltr'><strong>docuit3</strong></span> <span class='ocrx_word' id='word_1_149' title='bbox 403 2212 486 2275; x_wconf 87' lang='lat' dir='ltr'><strong>cuias</strong></span> <span class='ocrx_word' id='word_1_150' title='bbox 501 2211 598 2275; x_wconf 87' lang='lat' dir='ltr'><strong>omnis</strong></span> <span class='ocrx_word' id='word_1_151' title='bbox 613 2211 772 2292; x_wconf 87' lang='lat' dir='ltr'><strong>disputatio</strong></span> <span class='ocrx_word' id='word_1_152' title='bbox 787 2211 846 2275; x_wconf 89' lang='lat' dir='ltr'><strong>buo</strong></span> <span class='ocrx_word' id='word_1_153' title='bbox 858 2212 947 2287; x_wconf 86' lang='lat' dir='ltr'><strong>redit,</strong></span> <span class='ocrx_word' id='word_1_154' title='bbox 966 2220 1000 2275; x_wconf 89' lang='lat' dir='ltr'><strong>nt</strong></span> <span class='ocrx_word' id='word_1_155' title='bbox 1021 2211 1208 2285; x_wconf 84' lang='lat' dir='ltr'><strong>Ciceronem,</strong></span> <span class='ocrx_word' id='word_1_156' title='bbox 1233 2210 1289 2292; x_wconf 88' lang='lat' dir='ltr'><strong>qui</strong></span> <span class='ocrx_word' id='word_1_157' title='bbox 1306 2217 1395 2273; x_wconf 84' lang='lat' dir='ltr'><strong>antas</strong></span> <span class='ocrx_word' id='word_1_158' title='bbox 1407 2207 1443 2271; x_wconf 91' lang='lat' dir='ltr'><strong>de</strong></span> 
     </span>
     <span class='ocr_line' id='line_1_19' title="bbox 278 2312 1443 2396; baseline -0.005 -18"><span class='ocrx_word' id='word_1_159' title='bbox 278 2315 442 2381; x_wconf 89' lang='lat' dir='ltr'><strong>cohibenda</strong></span> <span class='ocrx_word' id='word_1_160' title='bbox 455 2314 627 2377; x_wconf 88' lang='lat' dir='ltr'><strong>assensione</strong></span> <span class='ocrx_word' id='word_1_161' title='bbox 645 2314 763 2389; x_wconf 75' lang='lat' dir='ltr'><strong>duerit,</strong></span> <span class='ocrx_word' id='word_1_162' title='bbox 784 2315 923 2395; x_wconf 90' lang='lat' dir='ltr'><strong>quoniam</strong></span> <span class='ocrx_word' id='word_1_163' title='bbox 942 2333 977 2377; x_wconf 90' lang='lat' dir='ltr'><strong>oa</strong></span> <span class='ocrx_word' id='word_1_164' title='bbox 991 2314 1121 2378; x_wconf 86' lang='lat' dir='ltr'><strong>cohiberi</strong></span> <span class='ocrx_word' id='word_1_165' title='bbox 1140 2315 1208 2379; x_wconf 88' lang='lat' dir='ltr'><strong>aine</strong></span> <span class='ocrx_word' id='word_1_166' title='bbox 1223 2314 1325 2396; x_wconf 87' lang='lat' dir='ltr'><strong>aliqua</strong></span> <span class='ocrx_word' id='word_1_167' title='bbox 1340 2312 1368 2377; x_wconf 89' lang='lat' dir='ltr'><strong>ri</strong></span> <span class='ocrx_word' id='word_1_168' title='bbox 1382 2326 1443 2375; x_wconf 88' lang='lat' dir='ltr'><strong>nan</strong></span> 
     </span>
     <span class='ocr_line' id='line_1_20' title="bbox 277 2416 1447 2498; baseline -0.003 -19"><span class='ocrx_word' id='word_1_169' title='bbox 277 2417 384 2498; x_wconf 90' lang='lat' dir='ltr'><strong>possit,</strong></span> <span class='ocrx_word' id='word_1_170' title='bbox 398 2417 469 2481; x_wconf 88' lang='lat' dir='ltr'><strong>huic</strong></span> <span class='ocrx_word' id='word_1_171' title='bbox 482 2435 563 2480; x_wconf 92' lang='lat' dir='ltr'><strong>nunc</strong></span> <span class='ocrx_word' id='word_1_172' title='bbox 577 2418 756 2498; x_wconf 88' lang='lat' dir='ltr'><strong>opposuisse</strong></span> <span class='ocrx_word' id='word_1_173' title='bbox 770 2424 878 2481; x_wconf 71' lang='lat' dir='ltr'><strong>stabul</strong></span> <span class='ocrx_word' id='word_1_174' title='bbox 895 2416 954 2480; x_wconf 85' lang='lat' dir='ltr'><strong>rim</strong></span> <span class='ocrx_word' id='word_1_175' title='bbox 970 2417 1149 2491; x_wconf 86' lang='lat' dir='ltr'><strong>temeritatis,</strong></span> <span class='ocrx_word' id='word_1_176' title='bbox 1165 2436 1246 2498; x_wconf 79' lang='lat' dir='ltr'><strong>quae</strong></span> <span class='ocrx_word' id='word_1_177' title='bbox 1261 2417 1405 2480; x_wconf 81' lang='lat' dir='ltr'><strong>incautos</strong></span> <span class='ocrx_word' id='word_1_178' title='bbox 1418 2420 1447 2474; x_wconf 77' lang='lat' dir='ltr'><strong>et</strong></span> 
     </span>
     <span class='ocr_line' id='line_1_21' title="bbox 277 2520 1446 2603; baseline -0.003 -21"><span class='ocrx_word' id='word_1_179' title='bbox 277 2520 478 2603; x_wconf 83' lang='lat' dir='ltr'><strong>imprudentes</strong></span> <span class='ocrx_word' id='word_1_180' title='bbox 493 2520 616 2602; x_wconf 88' lang='lat' dir='ltr'><strong>abripiat</strong></span> <span class='ocrx_word' id='word_1_181' title='bbox 629 2528 716 2600; x_wconf 87' lang='lat' dir='ltr'><strong>atque</strong></span> <span class='ocrx_word' id='word_1_182' title='bbox 730 2520 761 2582; x_wconf 93' lang='lat' dir='ltr'><strong>in</strong></span> <span class='ocrx_word' id='word_1_183' title='bbox 775 2538 908 2585; x_wconf 89' lang='lat' dir='ltr'><strong>errorem</strong></span> <span class='ocrx_word' id='word_1_184' title='bbox 920 2520 1047 2584; x_wconf 84' lang='lat' dir='ltr'><strong>inducat.</strong></span> <span class='ocrx_word' id='word_1_185' title='bbox 1090 2521 1194 2602; x_wconf 85' lang='lat' dir='ltr'><strong>ltaque</strong></span> <span class='ocrx_word' id='word_1_186' title='bbox 1213 2520 1302 2603; x_wconf 88' lang='lat' dir='ltr'><strong>quid</strong></span> <span class='ocrx_word' id='word_1_187' title='bbox 1323 2526 1382 2581; x_wconf 88' lang='lat' dir='ltr'><strong>est</strong></span> <span class='ocrx_word' id='word_1_188' title='bbox 1394 2523 1446 2579; x_wconf 88' lang='lat' dir='ltr'><strong>ta·</strong></span> 
     </span>
    </p>
   </div>
   <div class='ocr_carea' id='block_1_3' title="bbox 278 2621 1448 2705">
    <p class='ocr_par' dir='ltr' id='par_1_5' title="bbox 278 2621 1448 2705">
     <span class='ocr_line' id='line_1_22' title="bbox 278 2621 1448 2705; baseline 0 -20"><span class='ocrx_word' id='word_1_189' title='bbox 278 2623 441 2687; x_wconf 89' lang='lat' dir='ltr'><strong>meritate</strong></span> <span class='ocrx_word' id='word_1_190' title='bbox 457 2621 616 2688; x_wconf 73' lang='lat' dir='ltr'><strong>lortius?</strong></span> <span class='ocrx_word' id='word_1_191' title='bbox 630 2624 708 2686; x_wconf 88' lang='lat' dir='ltr'><strong>idem</strong></span> <span class='ocrx_word' id='word_1_192' title='bbox 722 2624 885 2704; x_wconf 79' lang='lat' dir='ltr'><strong>significare</strong></span> <span class='ocrx_word' id='word_1_193' title='bbox 903 2623 976 2699; x_wconf 79' lang='lat' dir='ltr'><strong>ruta,</strong></span> <span class='ocrx_word' id='word_1_194' title='bbox 991 2634 1090 2705; x_wconf 85' lang='lat' dir='ltr'><strong>atque:</strong></span> <span class='ocrx_word' id='word_1_195' title='bbox 1107 2624 1176 2705; x_wconf 81' lang='lat' dir='ltr'><strong>quic</strong></span> <span class='ocrx_word' id='word_1_196' title='bbox 1191 2624 1289 2688; x_wconf 85' lang='lat' dir='ltr'><strong>babet</strong></span> <span class='ocrx_word' id='word_1_197' title='bbox 1303 2622 1448 2688; x_wconf 88' lang='lat' dir='ltr'><strong>maiorem</strong></span> 
     </span>
    </p>
   </div>
   <div class='ocr_carea' id='block_1_4' title="bbox 278 2725 1466 4143">
    <p class='ocr_par' dir='ltr' id='par_1_6' title="bbox 278 2725 1466 4143">
     <span class='ocr_line' id='line_1_23' title="bbox 279 2725 1447 2809; baseline 0.002 -22"><span class='ocrx_word' id='word_1_198' title='bbox 279 2726 351 2802; x_wconf 88' lang='lat' dir='ltr'><strong>rim,</strong></span> <span class='ocrx_word' id='word_1_199' title='bbox 366 2744 454 2808; x_wconf 85' lang='lat' dir='ltr'><strong>quam</strong></span> <span class='ocrx_word' id='word_1_200' title='bbox 474 2725 644 2791; x_wconf 72' lang='lat' dir='ltr'><strong>temeritas?</strong></span> <span class='ocrx_word' id='word_1_201' title='bbox 674 2727 732 2790; x_wconf 90' lang='lat' dir='ltr'><strong>Sed</strong></span> <span class='ocrx_word' id='word_1_202' title='bbox 747 2728 879 2809; x_wconf 82' lang='lat' dir='ltr'><strong>quamvis</strong></span> <span class='ocrx_word' id='word_1_203' title='bbox 898 2746 1006 2808; x_wconf 72' lang='lat' dir='ltr'><strong>magna</strong></span> <span class='ocrx_word' id='word_1_204' title='bbox 1025 2728 1068 2790; x_wconf 87' lang='lat' dir='ltr'><strong>ris</strong></span> <span class='ocrx_word' id='word_1_205' title='bbox 1088 2728 1265 2791; x_wconf 86' lang='lat' dir='ltr'><strong>temeritatis</strong></span> <span class='ocrx_word' id='word_1_206' title='bbox 1289 2746 1363 2790; x_wconf 90' lang='lat' dir='ltr'><strong>esse</strong></span> <span class='ocrx_word' id='word_1_207' title='bbox 1378 2742 1447 2789; x_wconf 89' lang='lat' dir='ltr'><strong>cen·</strong></span> 
     </span>
     <span class='ocr_line' id='line_1_24' title="bbox 278 2828 1449 2911; baseline -0.003 -19"><span class='ocrx_word' id='word_1_208' title='bbox 278 2837 392 2904; x_wconf 83' lang='lat' dir='ltr'><strong>sertor,</strong></span> <span class='ocrx_word' id='word_1_209' title='bbox 412 2831 522 2893; x_wconf 81' lang='lat' dir='ltr'><strong>tortis</strong></span> <span class='ocrx_word' id='word_1_210' title='bbox 546 2830 706 2911; x_wconf 87' lang='lat' dir='ltr'><strong>quominus</strong></span> <span class='ocrx_word' id='word_1_211' title='bbox 730 2828 844 2892; x_wconf 84' lang='lat' dir='ltr'><strong>dicatm</strong></span> <span class='ocrx_word' id='word_1_212' title='bbox 867 2830 934 2910; x_wconf 88' lang='lat' dir='ltr'><strong>ipsa</strong></span> <span class='ocrx_word' id='word_1_213' title='bbox 957 2830 1020 2892; x_wconf 74' lang='lat' dir='ltr'><strong>mus</strong></span> <span class='ocrx_word' id='word_1_214' title='bbox 1044 2840 1147 2894; x_wconf 91' lang='lat' dir='ltr'><strong>natura</strong></span> <span class='ocrx_word' id='word_1_215' title='bbox 1167 2830 1298 2895; x_wconf 83' lang='lat' dir='ltr'><strong>obstare</strong></span> <span class='ocrx_word' id='word_1_216' title='bbox 1324 2831 1449 2893; x_wconf 83' lang='lat' dir='ltr'><strong>ridetur.</strong></span> 
     </span>
     <span class='ocr_line' id='line_1_25' title="bbox 279 2932 1450 3015; baseline 0.001 -22"><span class='ocrx_word' id='word_1_217' title='bbox 279 2932 341 2994; x_wconf 91' lang='lat' dir='ltr'><strong>Nisi</strong></span> <span class='ocrx_word' id='word_1_218' title='bbox 356 2933 433 2995; x_wconf 79' lang='lat' dir='ltr'><strong>sorte</strong></span> <span class='ocrx_word' id='word_1_219' title='bbox 447 2934 535 2995; x_wconf 90' lang='lat' dir='ltr'><strong>etiam</strong></span> <span class='ocrx_word' id='word_1_220' title='bbox 545 2934 701 3007; x_wconf 85' lang='lat' dir='ltr'><strong>levitatem,</strong></span> <span class='ocrx_word' id='word_1_221' title='bbox 712 2933 948 3009; x_wconf 87' lang='lat' dir='ltr'><strong>inconstantiam,</strong></span> <span class='ocrx_word' id='word_1_222' title='bbox 966 2934 1116 3013; x_wconf 77' lang='lat' dir='ltr'><strong>ignaviam,</strong></span> <span class='ocrx_word' id='word_1_223' title='bbox 1134 2933 1305 3015; x_wconf 75' lang='lat' dir='ltr'><strong>pigritiam,</strong></span> <span class='ocrx_word' id='word_1_224' title='bbox 1319 2949 1450 3014; x_wconf 82' lang='lat' dir='ltr'><strong>quorum</strong></span> 
     </span>
     <span class='ocr_line' id='line_1_26' title="bbox 281 3034 1453 3118; baseline -0.002 -21"><span class='ocrx_word' id='word_1_225' title='bbox 281 3034 416 3099; x_wconf 81' lang='lat' dir='ltr'><strong>vitiorum</strong></span> <span class='ocrx_word' id='word_1_226' title='bbox 431 3035 490 3097; x_wconf 90' lang='lat' dir='ltr'><strong>rim</strong></span> <span class='ocrx_word' id='word_1_227' title='bbox 504 3054 639 3116; x_wconf 77' lang='lat' dir='ltr'><strong>magnam</strong></span> <span class='ocrx_word' id='word_1_228' title='bbox 654 3054 720 3098; x_wconf 88' lang='lat' dir='ltr'><strong>esse</strong></span> <span class='ocrx_word' id='word_1_229' title='bbox 734 3053 822 3098; x_wconf 88' lang='lat' dir='ltr'><strong>namo</strong></span> <span class='ocrx_word' id='word_1_230' title='bbox 834 3036 960 3116; x_wconf 79' lang='lat' dir='ltr'><strong>negabit,</strong></span> <span class='ocrx_word' id='word_1_231' title='bbox 971 3045 1127 3117; x_wconf 88' lang='lat' dir='ltr'><strong>propterea</strong></span> <span class='ocrx_word' id='word_1_232' title='bbox 1142 3037 1157 3098; x_wconf 82' lang='lat' dir='ltr'><strong>i</strong></span> <span class='ocrx_word' id='word_1_233' title='bbox 1158 3046 1269 3100; x_wconf 87' lang='lat' dir='ltr'><strong>ortes</strong></span> <span class='ocrx_word' id='word_1_234' title='bbox 1285 3036 1350 3100; x_wconf 90' lang='lat' dir='ltr'><strong>dici</strong></span> <span class='ocrx_word' id='word_1_235' title='bbox 1361 3052 1453 3118; x_wconf 90' lang='lat' dir='ltr'><strong>posse</strong></span> 
     </span>
     <span class='ocr_line' id='line_1_27' title="bbox 279 3136 1453 3219; baseline -0.001 -20"><span class='ocrx_word' id='word_1_236' title='bbox 279 3136 436 3201; x_wconf 86' lang='lat' dir='ltr'><strong>oredimus.</strong></span> <span class='ocrx_word' id='word_1_237' title='bbox 481 3138 558 3213; x_wconf 83' lang='lat' dir='ltr'><strong>Quid</strong></span> <span class='ocrx_word' id='word_1_238' title='bbox 573 3146 617 3203; x_wconf 91' lang='lat' dir='ltr'><strong>est</strong></span> <span class='ocrx_word' id='word_1_239' title='bbox 632 3138 711 3201; x_wconf 89' lang='lat' dir='ltr'><strong>enim</strong></span> <span class='ocrx_word' id='word_1_240' title='bbox 726 3138 784 3214; x_wconf 90' lang='lat' dir='ltr'><strong>illa,</strong></span> <span class='ocrx_word' id='word_1_241' title='bbox 800 3157 888 3219; x_wconf 87' lang='lat' dir='ltr'><strong>quam</strong></span> <span class='ocrx_word' id='word_1_242' title='bbox 904 3137 1005 3201; x_wconf 88' lang='lat' dir='ltr'><strong>Cicero</strong></span> <span class='ocrx_word' id='word_1_243' title='bbox 1021 3139 1103 3214; x_wconf 87' lang='lat' dir='ltr'><strong>dicit,</strong></span> <span class='ocrx_word' id='word_1_244' title='bbox 1118 3141 1291 3215; x_wconf 84' lang='lat' dir='ltr'><strong>temeritas,</strong></span> <span class='ocrx_word' id='word_1_245' title='bbox 1309 3139 1373 3202; x_wconf 86' lang='lat' dir='ltr'><strong>nisi</strong></span> <span class='ocrx_word' id='word_1_246' title='bbox 1383 3136 1453 3200; x_wconf 88' lang='lat' dir='ltr'><strong>leri·</strong></span> 
     </span>
     <span class='ocr_line' id='line_1_28' title="bbox 279 3241 1456 3322; baseline 0.002 -21"><span class='ocrx_word' id='word_1_247' title='bbox 279 3248 324 3302; x_wconf 86' lang='lat' dir='ltr'><strong>tas</strong></span> <span class='ocrx_word' id='word_1_248' title='bbox 339 3241 482 3320; x_wconf 81' lang='lat' dir='ltr'><strong>quaedam</strong></span> <span class='ocrx_word' id='word_1_249' title='bbox 497 3241 600 3316; x_wconf 87' lang='lat' dir='ltr'><strong>animi,</strong></span> <span class='ocrx_word' id='word_1_250' title='bbox 619 3260 694 3322; x_wconf 88' lang='lat' dir='ltr'><strong>quae</strong></span> <span class='ocrx_word' id='word_1_251' title='bbox 713 3241 870 3305; x_wconf 77' lang='lat' dir='ltr'><strong>obfirmare</strong></span> <span class='ocrx_word' id='word_1_252' title='bbox 891 3261 925 3305; x_wconf 91' lang='lat' dir='ltr'><strong>sa</strong></span> <span class='ocrx_word' id='word_1_253' title='bbox 944 3248 1046 3305; x_wconf 91' lang='lat' dir='ltr'><strong>contra</strong></span> <span class='ocrx_word' id='word_1_254' title='bbox 1065 3261 1204 3305; x_wconf 89' lang='lat' dir='ltr'><strong>errorum</strong></span> <span class='ocrx_word' id='word_1_255' title='bbox 1221 3243 1388 3306; x_wconf 85' lang='lat' dir='ltr'><strong>illecebras</strong></span> <span class='ocrx_word' id='word_1_256' title='bbox 1403 3241 1456 3304; x_wconf 82' lang='lat' dir='ltr'><strong>ial-</strong></span> 
     </span>
     <span class='ocr_line' id='line_1_29' title="bbox 279 3339 1456 3427; baseline 0 -23"><span class='ocrx_word' id='word_1_257' title='bbox 279 3360 402 3422; x_wconf 89' lang='lat' dir='ltr'><strong>samque</strong></span> <span class='ocrx_word' id='word_1_258' title='bbox 415 3343 543 3424; x_wconf 78' lang='lat' dir='ltr'><strong>spetiem</strong></span> <span class='ocrx_word' id='word_1_259' title='bbox 558 3362 620 3408; x_wconf 91' lang='lat' dir='ltr'><strong>non</strong></span> <span class='ocrx_word' id='word_1_260' title='bbox 635 3345 741 3426; x_wconf 89' lang='lat' dir='ltr'><strong>possit,</strong></span> <span class='ocrx_word' id='word_1_261' title='bbox 752 3345 804 3407; x_wconf 84' lang='lat' dir='ltr'><strong>aad</strong></span> <span class='ocrx_word' id='word_1_262' title='bbox 820 3344 902 3408; x_wconf 80' lang='lat' dir='ltr'><strong>facile</strong></span> <span class='ocrx_word' id='word_1_263' title='bbox 916 3355 1002 3427; x_wconf 81' lang='lat' dir='ltr'><strong>atqne</strong></span> <span class='ocrx_word' id='word_1_264' title='bbox 1013 3345 1231 3409; x_wconf 73' lang='lat' dir='ltr'><strong>inconsiderate</strong></span> <span class='ocrx_word' id='word_1_265' title='bbox 1243 3339 1456 3410; x_wconf 69' lang='lat' dir='ltr'><strong>assentiatur?</strong></span> 
     </span>
     <span class='ocr_line' id='line_1_30' title="bbox 279 3447 1457 3530; baseline 0.002 -24"><span class='ocrx_word' id='word_1_266' title='bbox 279 3463 352 3525; x_wconf 85' lang='lat' dir='ltr'><strong>quae</strong></span> <span class='ocrx_word' id='word_1_267' title='bbox 366 3447 501 3526; x_wconf 85' lang='lat' dir='ltr'><strong>proiecto</strong></span> <span class='ocrx_word' id='word_1_268' title='bbox 517 3448 623 3510; x_wconf 83' lang='lat' dir='ltr'><strong>sortis</strong></span> <span class='ocrx_word' id='word_1_269' title='bbox 638 3448 667 3509; x_wconf 88' lang='lat' dir='ltr'><strong>h.</strong></span> <span class='ocrx_word' id='word_1_270' title='bbox 687 3467 712 3510; x_wconf 89' lang='lat' dir='ltr'><strong>e.</strong></span> <span class='ocrx_word' id='word_1_271' title='bbox 729 3448 813 3511; x_wconf 85' lang='lat' dir='ltr'><strong>firma</strong></span> <span class='ocrx_word' id='word_1_272' title='bbox 832 3457 918 3530; x_wconf 68' lang='lat' dir='ltr'><strong>atque</strong></span> <span class='ocrx_word' id='word_1_273' title='bbox 936 3456 1076 3510; x_wconf 85' lang='lat' dir='ltr'><strong>constans</strong></span> <span class='ocrx_word' id='word_1_274' title='bbox 1096 3448 1152 3510; x_wconf 86' lang='lat' dir='ltr'><strong>diri</strong></span> <span class='ocrx_word' id='word_1_275' title='bbox 1171 3449 1262 3513; x_wconf 91' lang='lat' dir='ltr'><strong>nullo</strong></span> <span class='ocrx_word' id='word_1_276' title='bbox 1285 3450 1385 3513; x_wconf 85' lang='lat' dir='ltr'><strong>modo</strong></span> <span class='ocrx_word' id='word_1_277' title='bbox 1400 3465 1457 3528; x_wconf 86' lang='lat' dir='ltr'><strong>po·</strong></span> 
     </span>
     <span class='ocr_line' id='line_1_31' title="bbox 279 3547 1458 3631; baseline -0.001 -19"><span class='ocrx_word' id='word_1_278' title='bbox 279 3549 335 3612; x_wconf 89' lang='lat' dir='ltr'><strong>tuit</strong></span> <span class='ocrx_word' id='word_1_279' title='bbox 344 3549 384 3624; x_wconf 64' lang='grc' dir='ltr'><strong>ὓ).</strong></span> <span class='ocrx_word' id='word_1_280' title='bbox 427 3550 522 3630; x_wconf 80' lang='lat' dir='ltr'><strong>Atque</strong></span> <span class='ocrx_word' id='word_1_281' title='bbox 535 3549 649 3613; x_wconf 84' lang='lat' dir='ltr'><strong>etiarnsi</strong></span> <span class='ocrx_word' id='word_1_282' title='bbox 663 3550 730 3630; x_wconf 83' lang='lat' dir='ltr'><strong>quis</strong></span> <span class='ocrx_word' id='word_1_283' title='bbox 745 3550 809 3631; x_wconf 87' lang='lat' dir='ltr'><strong>ipsa</strong></span> <span class='ocrx_word' id='word_1_284' title='bbox 821 3550 992 3614; x_wconf 87' lang='lat' dir='ltr'><strong>temeritatis</strong></span> <span class='ocrx_word' id='word_1_285' title='bbox 1007 3559 1110 3613; x_wconf 87' lang='lat' dir='ltr'><strong>natura</strong></span> <span class='ocrx_word' id='word_1_286' title='bbox 1124 3550 1195 3613; x_wconf 89' lang='lat' dir='ltr'><strong>illud</strong></span> <span class='ocrx_word' id='word_1_287' title='bbox 1212 3569 1340 3616; x_wconf 87' lang='lat' dir='ltr'><strong>nomen</strong></span> <span class='ocrx_word' id='word_1_288' title='bbox 1353 3547 1458 3631; x_wconf 80' lang='lat' dir='ltr'><strong>respui</strong></span> 
     </span>
     <span class='ocr_line' id='line_1_32' title="bbox 280 3650 1461 3736; baseline 0 -22"><span class='ocrx_word' id='word_1_289' title='bbox 280 3652 378 3714; x_wconf 88' lang='lat' dir='ltr'><strong>minus</strong></span> <span class='ocrx_word' id='word_1_290' title='bbox 393 3650 544 3731; x_wconf 73' lang='lat' dir='ltr'><strong>intelligat,</strong></span> <span class='ocrx_word' id='word_1_291' title='bbox 558 3651 616 3714; x_wconf 92' lang='lat' dir='ltr'><strong>hoc</strong></span> <span class='ocrx_word' id='word_1_292' title='bbox 630 3663 728 3716; x_wconf 85' lang='lat' dir='ltr'><strong>tamen</strong></span> <span class='ocrx_word' id='word_1_293' title='bbox 743 3660 821 3716; x_wconf 89' lang='lat' dir='ltr'><strong>certe</strong></span> <span class='ocrx_word' id='word_1_294' title='bbox 834 3654 901 3716; x_wconf 92' lang='lat' dir='ltr'><strong>loco</strong></span> <span class='ocrx_word' id='word_1_295' title='bbox 915 3669 978 3714; x_wconf 90' lang='lat' dir='ltr'><strong>non</strong></span> <span class='ocrx_word' id='word_1_296' title='bbox 992 3651 1051 3715; x_wconf 88' lang='lat' dir='ltr'><strong>rim</strong></span> <span class='ocrx_word' id='word_1_297' title='bbox 1066 3651 1141 3726; x_wconf 91' lang='lat' dir='ltr'><strong>eius,</strong></span> <span class='ocrx_word' id='word_1_298' title='bbox 1157 3652 1211 3715; x_wconf 86' lang='lat' dir='ltr'><strong>sed</strong></span> <span class='ocrx_word' id='word_1_299' title='bbox 1229 3654 1461 3736; x_wconf 87' lang='lat' dir='ltr'><strong>turpitudinem</strong></span> 
     </span>
     <span class='ocr_line' id='line_1_33' title="bbox 279 3753 1462 3836; baseline -0.001 -19"><span class='ocrx_word' id='word_1_300' title='bbox 279 3755 380 3836; x_wconf 90' lang='lat' dir='ltr'><strong>potius</strong></span> <span class='ocrx_word' id='word_1_301' title='bbox 394 3774 411 3817; x_wconf 87' lang='lat' dir='ltr'><strong>a</strong></span> <span class='ocrx_word' id='word_1_302' title='bbox 425 3753 564 3817; x_wconf 86' lang='lat' dir='ltr'><strong>Cicerone</strong></span> <span class='ocrx_word' id='word_1_303' title='bbox 579 3755 868 3819; x_wconf 87' lang='lat' dir='ltr'><strong>commemorandam</strong></span> <span class='ocrx_word' id='word_1_304' title='bbox 883 3753 975 3816; x_wconf 79' lang='lat' dir='ltr'><strong>inissa</strong></span> <span class='ocrx_word' id='word_1_305' title='bbox 987 3753 1123 3816; x_wconf 82' lang='lat' dir='ltr'><strong>universa</strong></span> <span class='ocrx_word' id='word_1_306' title='bbox 1134 3756 1370 3820; x_wconf 86' lang='lat' dir='ltr'><strong>sententiarum</strong></span> <span class='ocrx_word' id='word_1_307' title='bbox 1386 3771 1462 3818; x_wconf 92' lang='lat' dir='ltr'><strong>con·</strong></span> 
     </span>
     <span class='ocr_line' id='line_1_34' title="bbox 281 3856 1462 3940; baseline 0 -21"><span class='ocrx_word' id='word_1_308' title='bbox 281 3858 366 3919; x_wconf 81' lang='lat' dir='ltr'><strong>nexio</strong></span> <span class='ocrx_word' id='word_1_309' title='bbox 382 3857 569 3919; x_wconf 80' lang='lat' dir='ltr'><strong>manifestum</strong></span> <span class='ocrx_word' id='word_1_310' title='bbox 586 3858 678 3921; x_wconf 76' lang='lat' dir='ltr'><strong>faciet</strong></span> <span class='ocrx_word' id='word_1_311' title='bbox 704 3859 777 3921; x_wconf 88' lang='lat' dir='ltr'><strong>Nam</strong></span> <span class='ocrx_word' id='word_1_312' title='bbox 792 3865 950 3940; x_wconf 85' lang='lat' dir='ltr'><strong>postquam</strong></span> <span class='ocrx_word' id='word_1_313' title='bbox 962 3864 1085 3937; x_wconf 90' lang='lat' dir='ltr'><strong>propter</strong></span> <span class='ocrx_word' id='word_1_314' title='bbox 1098 3856 1255 3937; x_wconf 78' lang='lat' dir='ltr'><strong>ingentem</strong></span> <span class='ocrx_word' id='word_1_315' title='bbox 1272 3858 1462 3940; x_wconf 87' lang='lat' dir='ltr'><strong>placitorum</strong></span> 
     </span>
     <span class='ocr_line' id='line_1_35' title="bbox 281 3959 1465 4042; baseline 0.003 -23"><span class='ocrx_word' id='word_1_316' title='bbox 281 3962 446 4022; x_wconf 71' lang='lat' dir='ltr'><strong>ramatatem</strong></span> <span class='ocrx_word' id='word_1_317' title='bbox 463 3968 492 4022; x_wconf 89' lang='lat' dir='ltr'><strong>et</strong></span> <span class='ocrx_word' id='word_1_318' title='bbox 511 3960 752 4041; x_wconf 86' lang='lat' dir='ltr'><strong>discrepantiam,</strong></span> <span class='ocrx_word' id='word_1_319' title='bbox 775 3976 1007 4042; x_wconf 78' lang='lat' dir='ltr'><strong>praemagnum</strong></span> <span class='ocrx_word' id='word_1_320' title='bbox 1033 3959 1202 4022; x_wconf 75' lang='lat' dir='ltr'><strong>inscientiae</strong></span> <span class='ocrx_word' id='word_1_321' title='bbox 1228 3961 1465 4026; x_wconf 85' lang='lat' dir='ltr'><strong>documentum</strong></span> 
     </span>
     <span class='ocr_line' id='line_1_36' title="bbox 281 4061 1466 4143; baseline -0.002 -19"><span class='ocrx_word' id='word_1_322' title='bbox 281 4062 380 4125; x_wconf 88' lang='lat' dir='ltr'><strong>baberi</strong></span> <span class='ocrx_word' id='word_1_323' title='bbox 395 4062 519 4137; x_wconf 89' lang='lat' dir='ltr'><strong>deberet,</strong></span> <span class='ocrx_word' id='word_1_324' title='bbox 533 4063 694 4143; x_wconf 85' lang='lat' dir='ltr'><strong>prudenter</strong></span> <span class='ocrx_word' id='word_1_325' title='bbox 708 4062 897 4125; x_wconf 79' lang='lat' dir='ltr'><strong>Academicos</strong></span> <span class='ocrx_word' id='word_1_326' title='bbox 917 4061 1121 4125; x_wconf 87' lang='lat' dir='ltr'><strong>assensionem</strong></span> <span class='ocrx_word' id='word_1_327' title='bbox 1138 4080 1154 4125; x_wconf 91' lang='lat' dir='ltr'><strong>a</strong></span> <span class='ocrx_word' id='word_1_328' title='bbox 1168 4061 1270 4126; x_wconf 87' lang='lat' dir='ltr'><strong>rebus</strong></span> <span class='ocrx_word' id='word_1_329' title='bbox 1288 4064 1422 4128; x_wconf 89' lang='lat' dir='ltr'><strong>incertis</strong></span> <span class='ocrx_word' id='word_1_330' title='bbox 1438 4072 1466 4123; x_wconf 86' lang='lat' dir='ltr'><strong>et</strong></span> 
     </span>
    </p>
   </div>
   <div class='ocr_carea' id='block_1_5' title="bbox 409 4221 581 4229">
    <p class='ocr_par' dir='ltr' id='par_1_7' title="bbox 409 4221 581 4229">
     <span class='ocr_line' id='line_1_37' title="bbox 409 4221 581 4229; baseline 0.012 -2"><span class='ocrx_word' id='word_1_331' title='bbox 409 4221 581 4229; x_wconf 78' lang='lat'><em>..—-—--—-</em></span> 
     </span>
    </p>
   </div>
   <div class='ocr_carea' id='block_1_6' title="bbox 282 4304 1469 4459">
    <p class='ocr_par' dir='ltr' id='par_1_8' title="bbox 282 4304 1469 4459">
     <span class='ocr_line' id='line_1_38' title="bbox 349 4304 1469 4373; baseline 0.004 -16"><span class='ocrx_word' id='word_1_332' title='bbox 349 4308 375 4373; x_wconf 81' lang='lat' dir='ltr'><strong>b)</strong></span> <span class='ocrx_word' id='word_1_333' title='bbox 394 4304 551 4357; x_wconf 88' lang='lat' dir='ltr'><strong>lnbacllla</strong></span> <span class='ocrx_word' id='word_1_334' title='bbox 568 4306 650 4373; x_wconf 84' lang='lat' dir='ltr'><strong>potins</strong></span> <span class='ocrx_word' id='word_1_335' title='bbox 662 4306 801 4358; x_wconf 78' lang='lat' dir='ltr'><strong>huiuamodi</strong></span> <span class='ocrx_word' id='word_1_336' title='bbox 817 4306 932 4358; x_wconf 82' lang='lat' dir='ltr'><strong>assensio</strong></span> <span class='ocrx_word' id='word_1_337' title='bbox 951 4305 1081 4359; x_wconf 83' lang='lat' dir='ltr'><strong>dicebatur</strong></span> <span class='ocrx_word' id='word_1_338' title='bbox 1100 4321 1116 4357; x_wconf 85' lang='lat' dir='ltr'><strong>a</strong></span> <span class='ocrx_word' id='word_1_339' title='bbox 1136 4305 1248 4357; x_wconf 80' lang='lat' dir='ltr'><strong>Stoicis.</strong></span> <span class='ocrx_word' id='word_1_340' title='bbox 1292 4308 1411 4363; x_wconf 73' lang='lat' dir='ltr'><strong>Turoni.</strong></span> <span class='ocrx_word' id='word_1_341' title='bbox 1424 4306 1469 4372; x_wconf 86' lang='lat' dir='ltr'><strong>tv,</strong></span> 
     </span>
     <span class='ocr_line' id='line_1_39' title="bbox 282 4391 360 4459; baseline 0.013 -18"><span class='ocrx_word' id='word_1_342' title='bbox 282 4393 305 4459; x_wconf 80' lang='lat'><strong>7,</strong></span> <span class='ocrx_word' id='word_1_343' title='bbox 322 4391 360 4442; x_wconf 81' lang='lat'><strong>15.</strong></span> 
     </span>
    </p>
   </div>
   <div class='ocr_carea' id='block_1_7' title="bbox 0 0 1594 5138">
    <p class='ocr_par' dir='ltr' id='par_1_9' title="bbox 0 0 1594 5138">
     <span class='ocr_line' id='line_1_40' title="bbox 0 0 1594 5138; baseline 0 0"><span class='ocrx_word' id='word_1_344' title='bbox 0 0 1594 5138; x_wconf 95' lang='lat' dir='ltr'><strong> </strong></span> 
     </span>
    </p>
   </div>
  </div>
 </body>
</html>
