3154 5138
805 473 869 539 380

259 668 380 731 verbum
394 685 457 730 non
472 666 596 730 absimili
612 667 823 747 significatione
837 667 915 748 apud
929 665 1062 727 Tacitum
1077 664 1190 745 legun,
1206 664 1281 726 dnm
1297 660 1343 736 u,
1358 662 1414 725 22:

260 770 427 851 plurimis
453 770 658 833 mortalium
681 788 752 831 non
777 771 960 843 eximitur,
985 768 1071 849 quin
1099 768 1213 848 primo
1239 766 1416 846 cuiusque

261 882 339 936 ortu
355 882 508 936 ventura
523 873 760 935 destinentur.
790 874 896 935 Fateor
911 880 1081 934 tamennon
1096 866 1195 933 minus
1211 877 1312 949 aptum
1326 866 1416 930 videri

259 977 338 1057 quod
359 976 510 1038 Wallrerus
531 975 662 1049 coniecit,
682 974 765 1037 erui.
810 975 924 1037 Scilicet
938 973 1186 1055 quemadmodum
1202 972 1309 1053 stirpes
1323 971 1416 1033 tirmi-

259 1088 304 1140 ter
318 1080 383 1140 solo
399 1078 582 1141 inhaerentes
597 1084 783 1151 eruuntur,
804 1079 833 1140 h.
845 1099 870 1139 e.
886 1079 912 1138 vi
927 1077 1020 1156 aliqua
1035 1075 1146 1138 maime
1160 1074 1333 1146 evelluntur,
1348 1072 1417 1135 hine

260 1181 397 1243 translata
423 1179 549 1260 imagine
574 1181 660 1242 etiam
688 1180 843 1261 opiniones
863 1189 913 1242 aot
934 1178 1056 1241 consilia
1074 1180 1136 1240 erui
1156 1177 1305 1252 dicuntur,
1324 1194 1416 1258 quum

261 1283 326 1363 quis
342 1302 416 1363 quae
430 1284 580 1364 amplexus
599 1291 661 1345 erat
682 1291 732 1344 aut
746 1284 874 1346 voluerat
893 1282 1024 1344 amittere
1038 1302 1072 1343 ex
1088 1281 1186 1343 auimo
1203 1281 1325 1361 cogitur.
1368 1279 1418 1341 Sic

259 1386 337 1465 apud
353 1386 523 1448 Ciceronem
540 1385 575 1447 ad
593 1385 675 1447 Attio.
691 1385 753 1459 xit,
770 1385 820 1459 36,
838 1387 850 1446 l
869 1385 986 1467 legitur3
1001 1385 1132 1447 Fanum
1146 1383 1226 1447 lieri
1242 1383 1338 1460 volo,
1353 1400 1415 1447 ne-

260 1506 325 1568 que
341 1486 378 1549 id
400 1487 485 1550 mihi
503 1487 580 1550 erui
601 1495 734 1569 potest:
755 1506 932 1568 quamquem
947 1488 983 1549 de
998 1487 1168 1550 auctoritate
1182 1484 1270 1548 huius
1285 1487 1416 1550 lectionis

260 1608 321 1651 uon
337 1590 408 1653 satis
423 1597 552 1665 constat,
573 1592 746 1671 fuemntque
766 1592 816 1670 qui
837 1600 887 1652 aut
906 1590 996 1671 eripi
1016 1591 1170 1652 autetiam
1190 1590 1268 1652 erui
1289 1591 1416 1665 mallent,

259 1710 386 1774 quorum
406 1693 464 1755 hoe
483 1694 603 1755 alterum
624 1693 740 1775 quidem
761 1693 837 1755 haud
858 1691 945 1754 dubie
960 1693 1159 1772 spernendum
1174 1700 1228 1753 est
1260 1691 1317 1753 Sed
1333 1712 1417 1754 eom-

259 1796 354 1875 parari
370 1814 436 1857 cnm
451 1802 556 1857 nostro
576 1796 642 1857 lece
663 1802 791 1876 possunt
811 1814 885 1875 quae
903 1795 1069 1857 bacuntius
1089 1793 1191 1867 habet,
1212 1792 1418 1857 Ciceronianae

259 1898 395 1960 dictionis
404 1899 545 1973 aemulus,
554 1899 574 1960 Ι.
583 1899 615 1961 u.
624 1897 658 1972 ll,
674 1898 702 1960 6.
715 1899 767 1959 1οε
781 1914 903 1959 omnes
918 1897 1112 1977 religiones
1127 1896 1304 1958 radicitus
1319 1898 1416 1958 erui-

260 2002 322 2073 sti,
342 2001 378 2062 de
397 2002 576 2082 philosopho
596 2009 698 2063 eontra
716 1998 873 2078 religiones
888 1999 1055 2080 disputante
1069 2018 1176 2080 easque
1190 2017 1224 2060 ex
1241 1999 1346 2060 animis
1360 2001 1413 2062 ho

259 2103 373 2165 minum
389 2103 534 2166 evellente.

345 2206 415 2286 Gap.
431 2206 516 2278 xvu,
531 2205 581 2268 43.
597 2204 761 2285 ambigitur,
778 2213 877 2267 utrum
893 2205 1000 2267 rectius
1015 2205 1067 2267 sit:
1086 2222 1129 2266 ne
1148 2204 1323 2285 nymphae
1337 2204 1418 2285 qoi-

260 2307 335 2368 dem
352 2309 434 2371 deae
450 2308 573 2387 igitur,
590 2306 839 2389 quemadmodum
854 2306 886 2368 in
906 2308 1053 2387 plerisque
1073 2307 1222 2370 codicibus
1237 2315 1265 2369 et
1279 2306 1418 2369 editioni-

259 2409 316 2471 bus
331 2410 474 2490 scriptum
489 2418 602 2485 estant
618 2428 659 2472 ue
673 2410 844 2491 nymphae
858 2410 940 2471 deae
955 2409 1094 2490 quidem
1109 2411 1233 2490 igitur,
1249 2429 1335 2490 quam
1350 2426 1419 2472 rer·

259 2512 364 2573 horum
380 2512 615 2587 collocationem,
632 2513 661 2574 in
677 2511 804 2594 quinque
817 2512 923 2573 Moseri
939 2511 1089 2574 codicibus
1104 2511 1266 2586 inventam,
1288 2513 1419 2575 llleteius

259 2622 407 2694 praestare
427 2621 510 2694 putat
528 2622 683 2695 propterea
707 2616 785 2696 quod
806 2615 962 2696 particulae
977 2633 1019 2676 ne
1039 2650 1076 2659 —
1096 2615 1236 2695 quidem
1256 2624 1283 2677 et
1308 2615 1421 2695 igitur

258 2734 319 2778 non
332 2716 482 2780 debuerint
497 2717 593 2796 aliquo
608 2716 783 2797 interposito
798 2716 938 2778 vocabulo
954 2716 1089 2797 disiungi.
1119 2717 1155 2778 Et
1166 2735 1238 2779 sane
1253 2717 1324 2780 mihi
1340 2736 1419 2799 quo-

258 2838 314 2900 que
328 2821 387 2881 hoo
401 2819 436 2881 ab
450 2838 508 2882 usu
523 2820 702 2900 optimorum
718 2820 896 2901 scriptorum
911 2821 1069 2883 abhorrere
1083 2820 1204 2895 videtur,
1216 2838 1274 2882 nec
1287 2821 1420 2895 memini,

213 2927 240 2978 11
262 2922 357 3002 quiin
373 2922 542 2983 huiusmodi
564 2923 770 2985 sententiarum
792 2923 1037 2997 coulormatione,
1055 2923 1106 2986 ubi
1121 2924 1303 2986 antecederet
1318 2941 1360 2985 ne
1375 2959 1420 2969 —-

260 3024 413 3104 quidem,
428 3024 596 3085 rationalem
615 3024 865 3099 coniunctionem,
881 3025 906 3086 si
927 3045 959 3086 ea
974 3027 1115 3088 utendum
1135 3036 1226 3100 esset,
1243 3044 1303 3093 oon
1320 3027 1419 3088 statim

258 3127 311 3188 illis
327 3126 520 3200 submerserit,
535 3127 783 3205 quemadmodum
800 3146 816 3189 a
830 3127 969 3190 Cicerone
989 3131 1095 3191 lactum
1112 3129 1243 3192 videmus
1259 3128 1355 3209 paullo
1370 3125 1419 3190 in-

259 3231 301 3292 ira
317 3231 416 3305 §.blak
432 3247 475 3290 ne
492 3247 598 3290 orcus
613 3228 755 3309 quidem
770 3228 883 3308 igitur.
928 3228 1046 3292 Tuscul.
1062 3228 1083 3305 l,
1099 3231 1150 3305 36,
1166 3230 1222 3293 88:
1238 3248 1420 3292 necarere

260 3332 398 3412 quidem
414 3331 523 3410 igitur
537 3330 570 3391 in
587 3338 728 3392 mortuo
744 3339 807 3393 eet.
820 3331 856 3392 de
870 3332 956 3393 Finn.
971 3333 1016 3407 IV,
1031 3333 1082 3406 24,
1097 3332 1152 3395 67:
1168 3351 1211 3394 ne
1231 3333 1317 3394 vitia
1336 3331 1419 3413 qui-

259 3436 334 3496 dem
354 3433 466 3514 igitur
486 3450 646 3495 crescere
666 3441 847 3514 poterunt.
892 3435 971 3496 Licet
990 3435 1076 3515 igitur
1091 3435 1246 3508 rationem,
1262 3453 1314 3496 cur
1328 3434 1356 3496 id
1373 3434 1419 3496 sie

258 3535 319 3598 fieri
334 3535 435 3616 utique
449 3535 589 3609 debuerit,
604 3553 666 3596 non
682 3538 869 3617 perspiciam,
886 3537 1028 3617 aliosque,
1042 3539 1072 3599 in
1088 3537 1194 3618 quibus
1210 3539 1242 3600 F.
1258 3536 1417 3609 Raudium,

256 3639 463 3721 particularum
482 3637 699 3700 observatorem
721 3638 988 3720 diligentissimum,
1009 3639 1134 3701 Tursell.
1154 3639 1202 3714 Ill,
1221 3659 1249 3720 p.
1272 3639 1342 3715 198,
1357 3657 1418 3700 no-

257 3751 351 3805 strum
366 3742 464 3803 locum
484 3740 528 3803 sic
546 3749 579 3801 ut
599 3741 681 3819 vulgo
701 3742 828 3822 scriptus
849 3747 896 3803 est
913 3758 974 3803 nen
989 3750 1159 3822 suspectum
1174 3741 1281 3804 habere
1294 3741 1418 3816 rideam,

257 3862 319 3905 non
344 3844 491 3904 intercedo
516 3850 627 3917 nmen,
655 3843 814 3922 quominus
834 3844 1026 3923 corrigendus
1047 3845 1094 3905 sit
1135 3844 1234 3925 Neque
1257 3853 1355 3907 tamen
1375 3844 1418 3905 il-

258 3947 307 4009 lud
327 3964 428 4006 verum
448 3964 514 4007 esse
532 3950 618 4025 puto,
638 3944 717 4024 quod
737 3945 867 4007 Klotzius
890 3946 1037 4027 probarit:
1064 3963 1108 4008 ne
1135 3946 1307 4029 nymphae
1333 3947 1418 4009 deae

259 4047 398 4129 quidem
414 4067 469 4128 pro
484 4049 559 4126 vulg.
579 4065 623 4108 ne
641 4046 814 4127 nymphae
832 4047 971 4126 quidem
988 4048 1082 4109 deae.
1127 4050 1266 4123 Quaeres,
1281 4049 1350 4130 qnid
1366 4050 1414 4110 in-

259 4148 365 4211 tersit?
394 4149 470 4223 Hoc,
485 4150 516 4211 ni
532 4148 629 4222 fallor,
644 4155 677 4210 ut
691 4149 772 4228 prius
791 4149 861 4211 illud
876 4150 911 4211 ab
927 4169 962 4212 eo
978 4152 1096 4213 demum
1113 4160 1191 4214 reete
1205 4152 1261 4213 diei
1277 4151 1416 4232 potuerit,

259 4252 307 4333 qui
323 4253 392 4313 deas
407 4250 482 4325 illas,
497 4270 571 4332 quae
585 4251 730 4331 nymphae
750 4251 927 4327 dicerentur,
942 4272 1007 4313 esse
1021 4262 1139 4332 negaret
1153 4254 1182 4314 h.
1199 4274 1224 4315 e.
1240 4254 1333 4317 nullas
1348 4272 1416 4315 esse

258 4355 427 4428 affirmarem
439 4361 540 4414 eontra
556 4371 598 4414 ne
612 4356 783 4434 nymphae
797 4355 937 4435 quidem
952 4355 1036 4416 deae
1050 4355 1085 4416 ab
1100 4374 1135 4416 eo
1149 4354 1305 4418 dicendum
1317 4357 1415 4429 luerit,

259 4457 308 4537 qui
323 4457 359 4518 de
374 4476 420 4527 eo,
436 4462 571 4517 essentne
585 4457 731 4537 nymphae
746 4474 782 4519 au
797 4474 858 4518 non
874 4463 987 4527 essent,
1003 4456 1074 4518 nihil
1090 4457 1235 4519 affirmare
1250 4457 1347 4529 vellet,
1362 4457 1414 4519 sed
