3190 5136
636 443 835 541 --.l-lh..

230 630 337 693 Paullo
351 637 435 711 post,
450 630 521 693 item
535 630 567 692 in
580 628 774 705 commaticis,
788 649 814 693 v.
833 630 927 705 1479,
942 631 1058 694 codices
1069 631 1141 694 haec
1155 630 1274 693 hebent:

351 726 511 813 βιάζεται
530 724 564 794 d'
587 723 795 815 ὁμοσπόροις

353 829 565 920 ἐπιρροαῖσιν
587 825 736 915 αἱμάτων

352 928 579 1023 μόλαςἌρης·
602 929 687 999 ὅποι
708 932 747 999 όὲ
766 931 826 998 καὶ
847 929 1058 1022 προσβαίνων

354 1033 466 1118 πάχνα
486 1035 678 1124 κουροβόρῳ
699 1034 848 1122 παρέξοι.

150 1133 350 1225 Προβαίνων
362 1143 420 1205 iam
435 1142 546 1205 dudum
560 1142 700 1206 (ὶιιοιιιυε
714 1143 860 1223 reposuit,
876 1135 985 1222 πάχνα
995 1142 1194 1218 llermannus,
1206 1161 1314 1206 cruo-

151 1264 220 1307 rem
242 1246 304 1307 hoe
318 1244 460 1308 vocabolo
475 1246 630 1326 significari
645 1244 785 1319 credens,
801 1246 1034 1326 sententiamque
1047 1245 1091 1307 sic
1103 1246 1314 1325 interpretans:

152 1358 184 1409 et
196 1365 344 1428 quoquo
358 1347 593 1428 progrediens
608 1348 774 1410 nativoro
790 1347 910 1410 cruori
925 1368 985 1411 eas
999 1347 1194 1425 exhibebit,
1208 1366 1316 1430 nempe

153 1441 368 1535 ὁμοσπόροις
382 1444 541 1534 όπιρροάς
554 1441 711 1531 αἱμάτων.
746 1441 863 1526 ,ξὈποι
885 1444 923 1513 de*
937 1446 995 1514 καὶ
1016 1443 1241 1533 προβαίνιυν“,
1268 1452 1315 1514 in-

153 1555 223 1633 quit,
238 1553 342 1627 „idem
357 1560 403 1614 est
417 1561 503 1633 atque
517 1545 598 1615 ὅποι
613 1542 647 1614 d’
670 1541 711 1614 dv
729 1548 789 1614 καὶ
802 1550 945 1638 προβῇ.“
979 1553 1011 1614 ld
1026 1553 1099 1615 mihi
1113 1571 1254 1635 perquem
1268 1553 1315 1615 in·
1334 1570 1364 1620 15

153 1655 290 1718 credibile
301 1655 428 1730 videtur,
443 1664 471 1717 et
485 1648 596 1732 πάχνα
612 1656 649 1718 de
662 1673 768 1719 emere
781 1655 945 1719 inauditum
960 1664 1038 1719 cette
1052 1676 1087 1719 ac
1097 1656 1161 1719 sine
1171 1657 1314 1736 exemplo.

153 1757 331 1839 Aeschylum
345 1757 500 1838 scripsisse
515 1758 664 1840 suspicor:

354 1895 396 1905 -
438 1895 482 1905 —
524 1852 626 1942 ὅμοια
647 1852 678 1925 δ’
700 1848 742 1923 αὖ
761 1853 953 1944 προβαίνων

355 1959 460 2047 ποινᾷ
481 1957 674 2049 κουροβόρῳ
695 1958 841 2045 παρέξει.

154 2067 180 2127 h.
197 2085 222 2127 e.
239 2073 275 2126 et
288 2083 400 2145 porro
415 2066 657 2146 progrediens
678 2066 811 2128 similia
826 2084 954 2127 rursus
974 2065 1170 2141 exhibebit,
1189 2085 1314 2148 perse-

152 2168 295 2249 quendo
310 2184 462 2248 poenam
480 2168 677 2230 liberorum
692 2168 956 2230 devoratorum.
991 2162 1103 2229 Ποινά
1117 2164 1315 2253 κουροβόρος

152 2277 197 2331 est
211 2263 318 2331 ποινά
332 2263 458 2350 κούρων
471 2267 677 2354 βρωθέντων,
693 2278 725 2333 ut
738 2262 862 2351 εὐάγων
875 2263 959 2351 τιμά
969 2268 1046 2350 apud
1059 2268 1219 2332 Pindarum
1230 2270 1314 2331 Nem.

152 2373 187 2447 x,
203 2372 242 2432 71
262 2379 310 2433 est
324 2366 408 2450 τιμά
426 2362 551 2453 άγῶνος
569 2369 685 2449 καλοῦ,
706 2373 868 2454 similiaque
887 2373 965 2453 opud
984 2372 1185 2445 hethaeum,
1207 2391 1250 2451 gr.
1272 2389 1315 2451 gr,

153 2472 364 2548 144611013.
380 2492 405 2535 c
428 2465 561 2554 ἷΌμοια
576 2482 734 2556 postquam
753 2475 784 2537 in
804 2468 888 2536 ὅποι
903 2483 1075 2554 corruptum
1091 2475 1159 2551 fuit,
1180 2474 1267 2536 etiam
1283 2465 1314 2535 δ’

152 2562 193 2638 αὖ
210 2596 228 2638 a
249 2575 467 2638 correctoribus
485 2576 569 2639 metri
585 2595 672 2639 causa
687 2577 718 2638 in
734 2571 772 2637 de*
785 2568 844 2638 καί
857 2585 1001 2639 mutatum
1018 2584 1071 2638 est.

237 2679 271 2739 V.
297 2678 389 2740 1491.
434 2677 660 2759 Clytaemnestra
679 2686 803 2759 propter
817 2686 972 2740 mactatam
987 2678 1168 2760 Iphigeniam
1187 2679 1250 2740 iure
1266 2697 1316 2738 oe-

150 2784 243 2845 eisnm
259 2782 513 2863 Agamemnonem
528 2780 635 2860 arguit:

356 2874 425 2945 ἀλλ’
447 2874 524 2963 ἐμὸν
545 2873 695 2946 ἐκτοῦδ’
718 2872 807 2964 ἔρνος
830 2875 950 2965 ἀερθὲν

356 2980 416 3070 την
437 2980 663 3049 πολόκλαυτόν
683 2976 711 3047 τ’
729 2977 929 3071 Ἰφιγένειαν

356 3078 476 3165 άνάξια
499 3082 624 3171 δράσας
645 3078 725 3165 άξια
747 3082 884 3167 πάσχων

355 3185 458 3275 μηδὲν
480 3180 651 3253 ἐν”Αιόου
673 3184 918 3272 μεγαλαυχείτω

358 3285 566 3377 ξιφοδηλήτῳ

356 3387 495 3480 θανάτῳ
515 3386 611 3468 τίσας
632 3385 718 3478 άπερ
739 3381 800 3479 ἦρξ
834 3440 841 3455 .

146 3500 351 3562 tenerorum
365 3493 424 3582 την
437 3488 664 3579 πολυκλαύτην
675 3487 873 3583 Ἰφιγένειαν
884 3497 1048 3573 Porsenus,
1063 3495 1122 3582 τῆς
1134 3493 1318 3561 πολυκλαύ-

17 3644 19 3667 .
147 3623 206 3687 της
217 3594 422 3686 Ἰφιγενείας
435 3599 631 3671 llermannns,
646 3606 803 3679 propterea
819 3599 938 3675 scilicet,
953 3600 1020 3680 qnia
1035 3609 1216 3680 postremam
1232 3601 1317 3662 buius

148 3702 284 3766 nominis
294 3702 433 3783 syllabam
442 3702 473 3763 in
487 3702 650 3763 accusativo
666 3700 790 3780 produci
805 3720 866 3763 non
881 3721 971 3782 posse
987 3702 1164 3775 statuebant3
1180 3721 1274 3782 neque
1289 3703 1317 3763 id

148 3807 267 3880 iniuria,
283 3823 460 3887 quamquam
476 3802 668 3878 Dindortium,
683 3804 778 3865 virum
789 3804 1084 3883 praestantissimum,
1096 3802 1177 3865 aliter
1191 3804 1318 3867 iudicare

149 3909 244 3971 tideo.
285 3908 344 3970 Sed
365 3906 474 3970 mederi
494 3906 562 3969 huic
580 3905 786 3980 incommodo,
813 3906 958 3987 simulque
978 3908 1140 3988 planiorem
1160 3906 1317 3968 verborum

150 4010 406 4073 constructionem
425 4020 454 4073 et
473 4009 646 4072 sententiam
665 4009 818 4071 restituere
836 4008 933 4071 licebit
950 4028 1011 4073 uuo
1033 4027 1119 4070 versu
1138 4006 1317 4089 transposito

152 4122 180 4175 et
192 4112 351 4195 participio
367 4106 504 4189 πάσχων
518 4111 548 4173 iu
563 4111 686 4175 verbum
701 4112 817 4174 linitum
831 4119 960 4173 mutato:

356 4204 426 4275 ἀλλ’
448 4206 527 4293 ἐμόν
547 4208 585 4278 ἐκ
606 4205 700 4277 τοῦδ’
722 4205 811 4299 ἔρνος
831 4206 961 4299 άιρθὲν,

355 4311 415 4400 την
436 4309 665 4402 πολυκλαύτην
682 4308 890 4402 Ἰφιγένειαν,

355 4411 459 4501 μηόόν
479 4411 514 4479 ἐν
530 4408 652 4480 ’Άιόου
674 4412 924 4499 μιγαλαυχάτω.
