3164 5138
657 490 696 553 51

88 693 178 758 neone
192 674 324 738 camora
338 683 415 737 sunt
427 674 540 739 indicia
553 675 677 737 aliomm
691 676 860 750 nominum,
878 675 986 756 quibus
1000 693 1089 739 unam
1104 676 1257 740 alteramve

88 787 202 860 partem
216 786 365 859 nuquam
380 779 563 858 singularem
576 787 605 840 et
618 798 635 840 a
650 780 754 840 ceteris
767 780 957 859 separandam
973 780 1105 842 denouri
1120 800 1137 842 a
1151 778 1256 842 veteri·

89 882 142 944 lom
166 881 339 944 uoluerunt.
372 882 474 943 Veluti
492 882 573 961 quod
596 880 671 961 apud
692 880 867 942 Pausaniam
892 882 928 943 de
948 881 1129 944 Boeotorum
1149 881 1256 943 iudicio

88 984 225 1063 immas,
252 983 305 1058 IX,
331 984 383 1056 31,
409 983 443 1045 3:
469 977 594 1045 τούτων
628 979 705 1059 (τῶν
725 974 864 1067 Ἔργων)
896 980 937 1047 τὸ
967 978 1001 1060 ἐς
1025 982 1086 1060 τὰς
1112 980 1258 1060 Μούσας

88 1077 282 1171 ἀφαιροῦσι
306 1077 501 1167 προοίμιον,
535 1077 633 1170 ἀρχὴν
656 1082 715 1168 τῆς
742 1079 912 1169 ποιήσεως
938 1075 1024 1149 εἶναι
1048 1083 1092 1150 τὸ
1119 1081 1159 1162 ἐς
1189 1082 1259 1163 τὰς

85 1179 256 1272 Ἔριδας
283 1175 371 1249 εἶναι
391 1180 553 1268 λέγοντες,
579 1187 653 1249 nihii
671 1187 748 1249 aliud
767 1187 924 1267 significat,
948 1209 1035 1270 quam
1055 1189 1173 1269 genuini
1193 1209 1257 1251 car·

87 1292 180 1353 minis
193 1290 317 1351 initium
331 1289 395 1350 lieri
409 1289 446 1350 alr
456 1289 579 1351 liuidum
594 1291 883 1366 commemoratione,
898 1309 960 1352 uon
975 1300 1071 1354 autem
1086 1291 1258 1354 tralaticium

88 1394 148 1455 hoc
161 1393 263 1455 luisse
272 1391 385 1471 primae
395 1391 486 1471 partis
502 1396 621 1467 nomen,
636 1411 772 1473 quocum
787 1393 922 1455 acetaria
938 1395 1132 1474 seiungerent.
1158 1394 1259 1474 Neque

87 1497 185 1575 magis
204 1514 244 1556 ex
266 1513 319 1567 eo,
337 1494 415 1573 quod
435 1493 596 1568 Lucienus,
617 1493 735 1555 Hesiod.
756 1513 781 1556 o.
807 1496 839 1569 1,
857 1503 975 1575 poetam
995 1496 1201 1576 composuisse
1219 1495 1259 1557 ait

86 1590 358 1679 παραινέσεις
372 1591 601 1681 γεωργικὰς,
617 1590 675 1658 καὶ
690 1589 755 1659 ὅσα
770 1593 863 1679 περὶ
877 1590 1100 1675 Πλειάδων,
1120 1584 1179 1659 καὶ
1194 1588 1259 1660 ὅσα

86 1693 185 1783 περὶ
217 1694 371 1779 καιρῶν
403 1687 547 1779 ἀρότου
579 1692 647 1760 καὶ
680 1690 832 1782 ἀμήτου
859 1694 918 1760 καὶ
951 1694 1044 1786 περὶ
1070 1694 1172 1763 πλοῦ
1201 1693 1259 1762 καὶ

86 1797 176 1878 ὅλως
197 1798 268 1864 τῶν
288 1790 395 1861 ἄλλων
421 1790 588 1877 ἁπάντων,
614 1801 671 1863 hos
697 1801 900 1881 peculiares
927 1801 1049 1864 titulos
1075 1802 1255 1882 singularum

85 1905 221 1986 partium
237 1902 367 1966 usitatos
380 1901 470 1963 luisse
491 1902 669 1982 colligemus.
712 1903 794 1964 Mitto
809 1903 863 1965 alia
878 1904 1010 1966 eiusdem
1025 1904 1150 1984 generis,
1164 1921 1258 1984 quun·

85 2008 255 2089 doquidem
270 2006 330 2066 hoc
343 2004 415 2066 milri
436 2023 493 2084 pro
508 2012 586 2067 certo
601 2006 747 2067 affirmare
761 2024 851 2085 posse
865 2005 973 2080 uideor,
987 2006 1058 2068 nihil
1072 2025 1138 2068 esse
1153 2006 1182 2068 in
1197 2013 1256 2067 um
1275 2020 1291 2072 8

83 2111 191 2173 multis
209 2116 346 2171 ueterum
362 2107 556 2183 citationibus,
574 2109 653 2170 unde
672 2109 810 2188 cognosci
831 2116 909 2169 certo
936 2109 1044 2188 possit,
1070 2109 1139 2188 quid
1164 2108 1200 2169 iis
1220 2109 1257 2169 de

84 2212 225 2291 perulam
239 2210 334 2272 huius
345 2210 483 2272 carminis
498 2229 656 2291 earumque
670 2210 888 2291 compositione
901 2210 998 2272 uisum
1018 2210 1064 2272 sit.
1093 2209 1182 2272 Multo
1199 2211 1256 2271 rni-

82 2333 144 2376 nus
159 2320 268 2374 autmn
282 2311 354 2373 illud
369 2311 428 2372 ullo
443 2320 493 2374 aut
508 2312 675 2374 testimonio
687 2322 736 2375 aut
750 2322 923 2392 argumento
938 2312 1135 2374 demonstrari
1148 2319 1258 2392 potest,

85 2418 177 2481 aliam
198 2424 228 2477 et
248 2414 286 2476 ab
305 2414 374 2487 hac,
392 2432 479 2493 quam
499 2432 560 2475 nos
576 2421 748 2489 tractamus,
772 2415 932 2477 admodum
952 2414 1097 2477 diversam
1118 2414 1256 2477 carminis

86 2522 218 2582 formam
244 2517 307 2579 ullo
334 2526 468 2597 tempore
486 2516 631 2578 ueteribus
658 2525 759 2577 notam
786 2515 884 2579 iodsse.
926 2516 1113 2598 Quamquam
1132 2518 1258 2581 Wolfius

88 2623 213 2702 quidem
234 2620 320 2682 aliter
343 2619 496 2695 statuit³):
523 2635 618 2692 „non
641 2626 778 2679 tantum
798 2619 905 2682 luxati
927 2621 1133 2700 corporis“‚
1155 2619 1259 2700 inquit,

91 2724 178 2799 „sed
194 2730 232 2784 et
247 2721 439 2801 amplioris
454 2719 576 2800 operis
591 2720 750 2799 exiguam
766 2739 957 2801 superesse
976 2722 1116 2783 ruinam
1132 2722 1261 2782 docent

91 2826 278 2900 liauilius,
291 2823 446 2896 Plinius,
461 2823 536 2897 aiii,
556 2841 660 2901 quum
675 2841 715 2883 ox
729 2821 789 2882 illo
805 2824 962 2884 allerunt
977 2824 1089 2903 plura,
1109 2839 1257 2902 quorum

10 2998 11 3005 ,
92 2926 365 2991 nuncnecrola
383 2925 651 3004 neovestigium
673 2933 834 3004 apparet3
855 2926 928 2987 uisi
948 2925 1026 3004 quis
1043 2935 1174 2987 temere
1189 2923 1259 2984 liu·

94 3038 165 3110 gat,
181 3031 249 3091 laos
265 3029 307 3090 de
321 3028 464 3090 diuerso
485 3026 639 3088 carmine
658 3025 815 3086 testari.“
849 3026 936 3105 Atqui
951 3028 1008 3087 hoe
1023 3029 1103 3107 ipso,
1124 3025 1202 3107 quod
1219 3025 1257 3087 illi

96 3141 207 3195 tmere
221 3130 295 3210 tingi
311 3129 467 3202 videbatur,
481 3128 553 3189 nihil
567 3128 627 3189 ueri
642 3127 765 3189 similius
781 3137 838 3202 est,
853 3129 1073 3208 iudicaruutque
1088 3129 1131 3189 sio
1145 3136 1174 3189 et
1189 3127 1258 3189 olim

11 3272 12 3301 i
96 3233 293 3309 fluminea),
312 3239 341 3293 et
359 3239 460 3293 nostra
479 3230 623 3291 memoria
641 3230 753 3308 Hugius
765 3234 808 3307 ²),
829 3228 1019 3310 Goettlingius
1031 3236 1059 3309 8)
1088 3231 1191 3311 aliique
1205 3229 1258 3291 viri

10 3352 11 3375 ³
98 3334 275 3407 dodissimi,
289 3333 340 3412 qui
355 3332 450 3395 maius
465 3332 614 3411 quoddam
629 3350 747 3394 carmem
767 3333 934 3411 georgicum
950 3351 1030 3393 uuoo
1044 3332 1227 3412 deperditum
1242 3350 1259 3391 a

10 3494 11 3499 ,
99 3436 243 3499 odoribus
259 3433 389 3495 llesiodo
408 3432 550 3495 tributum
569 3434 660 3495 drisse
678 3434 751 3495 mihi
771 3435 888 3514 quidem
904 3435 1121 3515 propemodum
1136 3453 1259 3514 persua-

100 3546 210 3603 serunt
241 3536 302 3599 Sed
321 3535 342 3596 ii
361 3552 492 3616 quoquo,
511 3535 561 3616 qui
575 3536 635 3597 hoc
653 3537 752 3599 minus
768 3538 902 3617 probant,
918 3537 938 3598 1.
955 3538 1100 3615 Caesart)
1118 3546 1148 3600 et
1161 3538 1259 3599 Mark-

167 3727 193 3792 5)
211 3727 253 3781 tt
268 3724 371 3777 Hesiodi
387 3725 490 3777 Scotum
506 3725 580 3777 llere.
598 3743 622 3793 p.
641 3725 673 3776 ’19
691 3726 729 3776 ed.
748 3724 827 3777 Rauk.
843 3754 878 3765 -
893 3726 949 3777 Non
966 3728 1043 3778 aliter
1061 3732 1119 3777 unte
1137 3723 1259 3778 Wolduut

103 3811 263 3865 tummim
279 3812 442 3864 iudicaverat.
465 3811 522 3863 Vid.
537 3812 591 3861 eius
607 3810 810 3862 dissertationem
827 3813 948 3879 „Ueber
964 3814 1013 3864 dic
1031 3811 1184 3865 chichte
1201 3810 1258 3861 des

102 3897 282 3950 ΙΙιιίοιὶιιια
293 3898 319 3949 iu
330 3897 470 3950 Deulsclrr.
487 3897 512 3948 d.
523 3893 580 3959 ligi.
593 3895 674 3948 died.
686 3897 709 3947 d.
723 3896 881 3949 Wirsensclr.
899 3915 931 3949 zu
943 3900 1065 3950 Miinchen
1078 3896 1096 3949 f.
1109 3897 1132 3948 d.
1145 3897 1167 3948 J.
1182 3893 1259 3945 1813»

103 4002 126 4052 p.
135 3984 168 4035 81)
178 3992 231 4036 not.
247 3983 286 4035 lu.

165 4071 192 4136 6)
210 4068 348 4122 introduct.
359 4071 385 4122 iu
398 4070 428 4122 0.
441 4076 470 4122 et
480 4066 511 4121 D.
523 4084 576 4136 cup.
588 4066 624 4121 IV
636 4085 659 4135 p.
673 4067 723 4119 ott
736 4084 789 4135 sqq.
802 4070 832 4120 ed
845 4069 965 4121 Loesuer.

166 4158 191 4219 t)
209 4155 238 4207 ln
250 4156 457 4207 commentatione
470 4169 543 4223 quum
554 4154 682 4221 inscripsit
693 4153 796 4204 Hesiodl
808 4152 876 4225 ἔργα
886 4151 1003 4226 μεγάλα.
1028 4152 1144 4220 Friburg.
1158 4150 1232 4204 1835.

166 4241 192 4307 8)
209 4241 322 4293 Praefert„
339 4243 371 4293 ad
383 4241 484 4293 licaiod
502 4257 526 4307 p.
540 4238 661 4293 XXXIV.
674 4268 709 4279 -
720 4240 835 4293 Aliorum
852 4244 951 4295 nomina
968 4247 1144 4294 commemorat
1159 4235 1261 4290 Marak-

21 4356 30 4383 ι
107 4328 210 4380 Mer.
221 4328 240 4379 t
252 4342 312 4381 nox
323 4329 465 4380 iudicando.

21 4450 22 4453 =
166 4414 192 4477 9)
207 4413 237 4465 ln
254 4414 397 4468 Zimncrm.
409 4414 498 4467 Dium.
515 4414 637 4482 antiquar.
656 4412 782 4466 Zeitsclrr.
799 4412 817 4465 1.
834 4412 1101 4469 ddlterthumsuisa·
1119 4422 1176 4463 ano.
1196 4400 1262 4456 1888

106 4516 130 4552 ι.
139 4499 171 4551 tt
183 4514 237 4567 sqq.

1012 4592 1050 4653 4*
