3190 5136
869 490 929 555 180

315 682 430 763 protasi
444 679 585 761 spodosis
600 697 663 742 sua.
706 678 779 741 Nam
792 679 924 760 sequitur
936 678 1007 741 nibil
1021 677 1077 740 uisi
1091 678 1162 738 hoc:
1182 670 1358 756 πεύθομαι
1382 666 1473 738 (λοίπ’

316 774 474 864 ὀμμάτων
488 776 602 847 νόστον
617 773 823 866 αὐτόμαρτυς
837 772 897 859 τόν,
913 781 992 862 qnod
1007 799 1062 862 pro
1073 779 1198 860 npodosi
1212 779 1329 841 illorum
1341 779 1472 860 accipere

314 905 402 951 nemo
419 905 510 950 sanus
525 886 609 949 volet.
638 885 726 947 Recte
740 883 829 963 igitur
846 882 1032 945 Hermonnus
1051 881 1120 944 iilud
1139 874 1254 966 χρόνος
1275 871 1305 943 ά
1306 872 1383 944 ἐπεί
1402 899 1471 943 cor-

313 998 434 1071 ruptum
448 1008 514 1053 csse
527 987 680 1060 intellexit,
695 987 884 1068 reposuitque
901 978 1014 1069 χρόνος
1037 979 1075 1048 δέ
1095 1004 1159 1048 τοι.
1203 983 1281 1059 Ηοο,
1296 993 1330 1047 ut
1343 984 1471 1045 maxime

310 1092 479 1175 probabile,
505 1090 680 1172 accipimus:
706 1088 887 1168 reliquorum
908 1087 1089 1161 emendatio,
1110 1105 1183 1168 quac
1201 1086 1301 1148 minus
1326 1104 1471 1168 prospere

311 1195 375 1257 niro
389 1213 508 1258 summo
524 1191 682 1263 successit,
697 1188 783 1252 nobis
799 1189 842 1251 sic
855 1189 1032 1269 perficienda
1046 1208 1113 1251 csse
1126 1188 1245 1263 videtur,
1259 1196 1292 1250 nt
1306 1188 1469 1251 scribamus

513 1289 629 1382 χρόνος
651 1287 690 1357 δέ
710 1312 765 1356 τοι
787 1283 999 1377 πρυμνησίων
1019 1286 1231 1373 ξυνεμβολαῖς

510 1393 671 1481 ψαμμιᾶν
692 1385 822 1457 άκάτων
843 1387 1043 1479 παρήβησεν,
1066 1379 1160 1456 αίσ3’
1182 1384 1239 1456 ὑπ’
1260 1384 1362 1456 Ἴλιον

512 1486 598 1583 ὦρτο
619 1490 784 1579 ναυβάτας
806 1490 953 1582 στρατός.

310 1601 437 1665 Verbum
458 1597 613 1687 παρηβᾶν
625 1600 692 1663 iicet
705 1599 878 1662 insolentius
893 1606 1067 1663 nontamen
1085 1598 1275 1661 incommode
1289 1604 1467 1677 usurpatum

307 1714 356 1767 cst
369 1705 406 1767 dc
420 1713 553 1785 ternpore
567 1703 651 1786 quasi
665 1703 846 1766 exolescente
860 1711 946 1784 atquc
962 1708 1201 1765 consenescente.
1233 1699 1308 1762 Nam
1323 1701 1466 1780 quemad·

309 1807 432 1870 modum
451 1815 480 1868 ct
500 1801 564 1883 ζαῖν
581 1798 697 1890 χρόνος
711 1806 816 1870 dicitur
835 1817 864 1869 et
883 1799 1066 1891 γηράσκων,
1090 1803 1182 1886 Sopb.
1204 1801 1465 1864 Tracb.v.1159.

310 1909 413 1971 dasch.
428 1908 529 1971 Prom.
545 1927 570 1967 r.
587 1908 659 1971 985.
701 1909 787 1972 Eum.
806 1930 833 1970 v.
853 1908 931 1983 283,
951 1907 1052 1989 quidni
1072 1906 1158 1969 εόεαι
1174 1896 1341 1984 ἀκμάζων,
1364 1896 1465 1988 ἡβῶν,

308 2004 528 2095 παρηβήσαςῖ
557 2009 636 2072 bello
656 2009 784 2073 Troiano
804 2019 922 2090 tompus
944 2028 1031 2073 suurn
1050 2007 1183 2071 initiatis
1201 2006 1391 2069 destinatum:
1406 2007 1465 2069 ita-

307 2130 364 2192 que
379 2113 434 2174 tuit
446 2112 505 2175 boo
517 2120 636 2192 tempus
649 2112 724 2175 bello
740 2113 825 2192 quasi
839 2113 1039 2192 congenitum,
1053 2122 1086 2174 ut
1097 2108 1259 2192 συγγενεῖς
1273 2106 1371 2192 μῆνες
1383 2110 1465 2189 apud

307 2212 488 2292 Sophoclem
503 2213 652 2286 dicuntur,
674 2213 837 2294 dequibus
859 2214 1074 2294 supradictum
1100 2220 1158 2285 est,
1178 2219 1208 2274 ct
1228 2229 1286 2274 una
1305 2230 1371 2274 curn
1385 2211 1463 2273 bebo

305 2322 424 2394 tempus
446 2332 562 2394 quoquo
582 2322 645 2377 turn
660 2314 749 2394 viguit
771 2322 834 2379 tum
849 2315 1005 2377 consonuit
1019 2324 1106 2396 atquc
1120 2314 1250 2376 exolevit.
1293 2312 1338 2375 Ao
1351 2312 1461 2375 bobum

305 2414 427 2496 eiusque
440 2434 598 2478 aerumnas
625 2415 828 2496 significandos
847 2416 1055 2496 percommode
1073 2423 1275 2479 memorantur
1292 2414 1409 2477 navium
1429 2415 1462 2477 in

304 2515 402 2577 littore
415 2515 568 2578 stationes:
583 2516 637 2579 hos
652 2516 743 2591 enim,
758 2527 790 2580 ut
800 2517 926 2581 maxime
936 2536 1138 2593 aerumnosas,
1151 2517 1237 2580 ctiam
1250 2517 1373 2580 nuntius
1385 2536 1461 2580 con-

305 2627 426 2697 questus
440 2626 502 2679 erat
515 2637 541 2679 v.
557 2617 618 2680 533
634 2638 699 2699 sqq.
739 2619 881 2682 Dicuntur
906 2629 1003 2683 sutem
1027 2621 1082 2684 hac
1103 2621 1242 2684 stationes
1261 2614 1461 2701 ξυνεμβολαί

302 2713 516 2805 πρυμνησίων
535 2717 695 2804 ψαμμιάν
716 2711 857 2798 άκάτων,
879 2723 1017 2801 quoniam
1036 2722 1195 2786 subductae
1217 2723 1247 2784 in
1266 2722 1373 2784 littoris
1392 2741 1460 2784 are-

302 2840 372 2885 nam
387 2840 474 2885 naves
488 2821 586 2884 eiectis
601 2822 766 2885 retinaculis
780 2823 946 2901 religantur.
974 2824 1049 2887 Nam
1063 2825 1312 2905 quemadmodum
1330 2823 1413 2887 Pers.
1428 2844 1458 2887 v.

302 2923 362 2986 391
378 2918 495 3009 κάπης
516 2917 696 3009 ξυνεμβολή
718 2924 753 2986 de
772 2924 864 2987 remis
884 2925 1003 3001 dicitur,
1022 2927 1072 3008 qui
1089 2928 1173 2990 multi
1193 2926 1279 2989 simul
1299 2927 1458 3008 inaquam

300 3024 447 3099 incidunt,
462 3025 505 3089 sic
518 3025 606 3087 etiam
621 3017 832 3110 πρυμνησίων
853 3019 1050 3108 ξυνεμβολαί
1068 3036 1147 3093 recto
1164 3028 1220 3092 dici
1239 3028 1335 3110 potuit
1354 3030 1391 3093 de
1404 3049 1456 3092 rc-

299 3127 433 3190 tinaoulis
449 3127 606 3191 multarum
620 3126 736 3188 navium
753 3126 841 3189 simul
854 3128 885 3190 in
898 3128 979 3191 littus
994 3130 1132 3193 coniectis
1146 3128 1243 3210 ibique
1250 3130 1371 3211 alligatis
1385 3130 1415 3192 b.
1426 3151 1456 3192 e.

300 3227 625 3290 demultarumnarium
634 3228 1113 3311 stationcmlittoretquomobrcm
1121 3233 1147 3293 J.
1157 3233 1190 3293 G.
1199 3232 1368 3297 Schneidcri
1379 3251 1456 3297 oon-

299 3330 440 3392 iecturam
459 3328 491 3390 iu
509 3329 562 3391 teu
582 3347 625 3409 gr.
645 3330 831 3411 propositam
856 3333 985 3413 recipcre
1004 3351 1066 3396 non
1085 3333 1221 3397 dubitari.
1256 3333 1330 3398 Cum
1354 3335 1454 3399 dativo

299 3448 384 3505 casu,
400 3425 620 3510 ξυνεμβολαῖς,
643 3433 822 3495 construitur
835 3434 903 3497 illud
916 3428 1034 3517 χρόνος
1048 3429 1222 3521 παρήβησε
1235 3438 1339 3500 eodem
1350 3439 1454 3513 modo,

298 3550 358 3612 quo
373 3531 451 3612 apud
466 3531 567 3611 Eurip.
583 3532 646 3594 lon.
661 3553 686 3593 r.
703 3532 780 3595 353:
794 3531 910 3617 χρόνος
932 3530 970 3598 dd
992 3530 1043 3612 τίς
1056 3534 1105 3620 eq]
1119 3533 1223 3600 παιόί
1240 3535 1455 3625 διαπεπραγ-

297 3629 401 3719 μένῳς
423 3641 473 3695 aut
486 3633 563 3713 apud
579 3632 686 3697 Herod.
702 3634 736 3708 ΙΙ,
755 3635 827 3696 tna:
845 3631 959 3719 χρόνον
979 3632 1178 3720 ἐγγενέσθαι
1198 3637 1383 3727 τριβομένῳ
1404 3640 1455 3726 τῷ

297 3730 381 3818 λαῷ,
404 3734 515 3816 alioque
540 3734 645 3797 similia
669 3755 715 3817 ap.
742 3737 838 3799 Valcb.
858 3739 893 3799 cd
912 3738 1021 3802 Herod.
1041 3740 1080 3814 Π,
1097 3741 1126 3802 2.
1142 3776 1184 3787 —
1198 3733 1354 3822 Ἀκάτας,
1370 3746 1454 3826 quod

297 3835 413 3898 codices
439 3835 560 3909 habeut,
586 3838 759 3900 mutandum
779 3837 833 3901 tuit
854 3839 883 3900 in
903 3832 1046 3919 άκότων,
1072 3844 1179 3924 purtim
1204 3845 1285 3926 quod
1303 3846 1348 3908 illa
1363 3847 1455 3910 ultera

297 3938 393 4000 torma
412 3937 542 4000 nominis
557 3956 662 4018 parurn
681 3938 861 4001 auctoritatis
879 3941 977 4015 babet,
997 3944 1101 4022 partim
1127 3946 1213 4008 etism
1232 3948 1312 4027 quod
1331 3948 1453 4029 pluralis

297 4057 437 4101 numerus
453 4040 549 4120 optior
562 4040 699 4102 hocloco
719 4058 806 4120 quam
821 4041 975 4120 singrdnris
996 4055 1043 4106 cst
1062 4065 1154 4126 quum
1173 4047 1209 4109 dc
1228 4043 1453 4130 ξυνεμβολαῖς,

296 4140 459 4203 coniunctis
483 4142 644 4203 multorum
669 4141 783 4204 funium
802 4142 1003 4219 eiectionibus,
1027 4147 1185 4210 multarum
1211 4149 1307 4230 itaque
1332 4152 1453 4215 navium

295 4245 470 4307 stationibus
490 4263 588 4305 scrmo
608 4244 654 4305 sit.
697 4243 735 4305 Et
752 4251 873 4323 apparot
891 4244 990 4320 etiam,
1009 4250 1160 4328 quomodo
1180 4251 1268 4314 altero
1286 4255 1382 4316 torma
1402 4255 1452 4316 in·

293 4352 376 4408 vecta
391 4346 437 4408 sit
466 4344 540 4405 Nam
555 4344 581 4405 si
595 4345 630 4406 ab
646 4345 787 4424 Aeschylo
801 4342 961 4426 ψαμμιᾶν
974 4348 1131 4430 scriptum,
1151 4351 1181 4414 id
1195 4363 1293 4416 autem
1307 4354 1338 4417 in
1353 4364 1452 4439 ψαμ-

292 4438 373 4525 μίας
394 4453 567 4525 corruptum
580 4445 647 4521 furit,
661 4454 891 4509 consentancum
909 4449 963 4511 suit
977 4449 1062 4512 ctiam
1079 4442 1206 4529 άκάτας
1223 4455 1293 4519 huic
1307 4457 1450 4521 adcenso
