3154 5138
299 603 358 665 scd
378 603 469 683 quod
490 603 531 664 ab
552 621 591 664 eo
611 601 865 665 divinationem
885 601 1013 664 habere
1035 602 1231 675 videantur,
1250 620 1312 681 qua
1332 603 1445 683 prori-

299 708 422 769 dentes
449 706 530 787 quid
557 707 592 767 in
613 712 726 767 morte
745 705 828 766 boni
849 705 907 779 sit,
926 723 1002 766 euru
1019 714 1121 767 cantu
1136 705 1448 784 etvoluptalemo·

298 812 451 885 riantur,
472 809 703 871 sicomnibns
724 808 827 869 bonis
848 815 881 869 et
898 808 1013 870 doctis
1034 828 1110 870 esse
1130 808 1335 869 laciendum.
1376 808 1448 868 llaec

298 917 377 977 eninr
397 914 440 975 sie
459 920 625 975 constructa
641 918 782 986 suut,ut,
802 911 880 990 quod
900 911 1098 991 praedicatum
1117 912 1212 973 verbis
1232 920 1269 973 ut
1289 911 1385 991 cygni
1401 912 1450 971 ad·

298 1017 376 1096 iungi
392 1015 521 1090 deberet,
538 1034 614 1077 euru
630 1022 733 1076 cantu
752 1024 785 1075 et
799 1015 977 1094 voluptate
992 1015 1206 1088 moriantur,
1227 1014 1345 1076 relativo
1361 1032 1448 1074 naem-

297 1120 365 1193 bro,
381 1137 446 1198 qua
461 1119 688 1198 providentes
703 1152 746 1163 —·
761 1135 925 1179 connexum
942 1118 989 1191 sit,
1005 1118 1130 1198 ideoque
1141 1117 1294 1198 superiora
1310 1116 1356 1178 ilia
1371 1134 1451 1196 prae-

296 1221 390 1283 dicato
411 1241 467 1283 suo
488 1228 612 1283 careant.
656 1221 774 1282 Poterat
791 1227 888 1282 autern
910 1221 968 1281 hoc
986 1220 1052 1282 loco
1072 1220 1197 1299 legitima
1213 1228 1360 1283 structura
1376 1218 1452 1280 lacile

295 1324 408 1386 restitui
423 1332 473 1386 aut
488 1324 580 1385 deleto
596 1323 773 1404 pronomine
788 1323 906 1384 relativo
921 1331 987 1384 ante
1002 1322 1241 1402 providentes,
1257 1330 1307 1385 aut
1318 1323 1376 1383 lroc
1389 1339 1453 1402 par-

297 1427 396 1507 ticipio
412 1427 442 1488 lu
458 1426 577 1488 verbum
594 1426 707 1487 linitum
723 1434 850 1500 mutato,
872 1425 1118 1505 quemadmodum
1138 1434 1245 1487 nostro
1261 1425 1328 1488 loco
1344 1433 1455 1506 praeter

297 1549 346 1591 eas
362 1530 590 1603 emendationes,
607 1547 679 1608 quas
695 1528 810 1589 codices
827 1547 916 1608 supra
931 1529 1085 1590 memorati
1100 1528 1217 1603 habent,
1232 1536 1285 1591 aut
1298 1546 1387 1608 quam
1402 1528 1455 1590 na-

297 1634 386 1695 visius
409 1632 545 1714 protulit,
568 1631 770 1711 Apollinum
793 1632 836 1705 is,
851 1632 938 1694 etiarn
954 1631 1026 1693 haec
1033 1630 1167 1693 fortassis
1182 1632 1270 1694 alieni
1284 1632 1316 1693 in
1331 1639 1455 1693 mentera

296 1736 405 1809 veniat,
429 1755 467 1796 ex
493 1753 558 1815 qua
584 1741 616 1794 et
633 1734 789 1795 Minerva
811 1734 1007 1815 Apollinem
1039 1754 1130 1809 eum,
1156 1735 1262 1796 cuius
1289 1734 1325 1795 in
1352 1732 1456 1793 tutela

296 1840 451 1901 Athenae
466 1846 600 1912 essent,
622 1837 761 1917 antiqui
783 1837 949 1899 historici
965 1857 1047 1900 esse
1062 1840 1262 1901 voluerunt.
1310 1836 1368 1897 Sed
1383 1834 1458 1896 utin

295 1942 344 2003 illo
360 1940 591 2003 Tusculanarum
612 1940 692 2013 loeo,
713 1940 757 2002 sic
776 1941 861 2001 etiarn
882 1941 912 2001 in
932 1942 990 2003 hoo
1003 1951 1108 2003 nostro
1125 1942 1208 2004 omni
1227 1942 1395 2003 mutatione
1410 1937 1459 1997 alr-

295 2043 463 2105 stinendum
479 2061 593 2104 censeo.
638 2041 710 2104 Nam
733 2043 811 2123 quod
828 2042 958 2104 Handius
979 2043 1014 2105 ad
1031 2044 1191 2123 Wopkens.
1216 2044 1312 2105 Lecti.
1333 2041 1410 2103 Tull.
1432 2059 1459 2118 p.

297 2145 358 2208 303
378 2145 570 2224 flehdigerani
592 2145 701 2206 codicis
721 2147 908 2225 scripturam,
934 2166 971 2208 ex
993 2165 1062 2226 quo
1082 2147 1240 2210 Minerva
1257 2144 1459 2227 Apollinem

295 2267 371 2311 euru
388 2284 430 2293 -
445 2249 575 2328 vulgatae
591 2258 745 2328 propterea
761 2248 900 2326 praefert,
921 2250 999 2328 quod
1020 2249 1052 2309 in
1077 2250 1131 2310 hac
1150 2266 1212 2309 non
1236 2249 1313 2310 satis
1335 2249 1375 2309 sit
1395 2244 1461 2306 illud

295 2352 492 2432 praedicatum
508 2350 639 2431 eogitari,
655 2350 733 2429 quod
752 2349 887 2411 membro
909 2351 1026 2413 relativo
1042 2351 1183 2412 insertum
1199 2359 1263 2425 est,
1281 2351 1334 2412 sed
1352 2348 1461 2411 subau-

295 2453 350 2514 diri
365 2453 451 2515 etiam
467 2461 586 2514 nalum
601 2451 717 2526 debeat,
734 2470 825 2531 quum
849 2459 950 2515 eontra
973 2454 1002 2514 in
1026 2454 1071 2514 illa
1095 2453 1204 2514 codicis
1229 2453 1384 2534 scriptura
1406 2471 1463 2531 ge-

295 2556 374 2617 nuit
389 2554 501 2635 (quidni
517 2552 696 2635 peperit‘ll
712 2573 765 2634 per
784 2554 898 2634 ellipsin
920 2575 972 2617 seu
985 2575 1038 2637 per
1052 2556 1296 2636 euphemismunr
1318 2556 1461 2618 omissum

295 2659 435 2720 videatur:
452 2658 544 2719 miror
552 2656 688 2737 equidem
697 2656 757 2717 viro
766 2657 938 2718 doctissimo
954 2657 1056 2719 durius
1071 2658 1166 2720 visum
1183 2678 1267 2734 esse,
1285 2659 1323 2720 ad
1340 2659 1415 2720 haec
1428 2675 1464 2716 ev

294 2779 360 2843 quo
376 2769 409 2823 et
423 2761 574 2822 Minerva
590 2758 774 2841 participium
790 2770 924 2835 natum,
943 2780 1031 2841 quam
1046 2762 1081 2823 ad
1097 2760 1143 2822 ilia
1159 2780 1198 2822 ex
1214 2780 1289 2843 qno
1305 2761 1464 2823 Minerva

295 2864 414 2925 verbum
431 2865 551 2943 genuit
565 2862 730 2924 subaudire.

258 2983 272 3028 ἵ)
381 2967 449 3046 Cap.
465 2965 553 3038 Xllll,
570 2965 620 3026 56.
664 2966 860 3028 Mercurius
885 2986 973 3029 unus
998 2968 1102 3030 Caelo
1129 2977 1248 3048 patre,
1270 2969 1337 3031 Die
1357 2975 1464 3030 matre

293 3077 405 3131 natus.
430 3069 488 3130 Pro
503 3070 563 3131 llio
578 3070 711 3130 lloserus
728 3068 757 3129 in
769 3069 814 3129 ed.
827 3070 898 3130 min.
911 3077 940 3131 et
954 3069 1079 3132 Orellius
1094 3071 1154 3132 llia
1170 3072 1377 3152 seripserunt,
1389 3068 1465 3151 quod

292 3172 381 3233 estin
397 3172 496 3252 paucis
513 3172 686 3251 quibusdam
703 3171 861 3248 codicibus,
878 3172 1043 3252 placuitque
1059 3174 1144 3235 etiarn
1161 3174 1334 3251 Creuzero‚
1349 3176 1390 3238 de
1401 3174 1467 3236 llea

292 3275 364 3349 llia,
379 3293 465 3354 quam
482 3275 613 3336 Cererem
634 3275 853 3355 iuterpretatur,
873 3275 1018 3355 cogitanti.
1063 3277 1148 3357 Atqui
1169 3276 1228 3339 ista
1246 3280 1311 3342 llea
1327 3280 1380 3341 nia
1397 3296 1467 3359 pro·

292 3379 354 3459 pn'a
368 3378 539 3440 Latinorum
554 3387 608 3449 est,
624 3379 791 3456 Romaeque
807 3379 933 3440 maxime
947 3379 977 3440 in
992 3381 1115 3441 lvetrurn
1130 3380 1280 3444 arretium
1303 3382 1404 3445 sacris
1419 3398 1469 3442 eo·

290 3481 415 3555 lebatur3
432 3481 501 3560 (vid.
519 3482 614 3543 illaus.
631 3481 668 3542 de
685 3498 773 3541 carm.
790 3481 869 3542 fratr.
885 3500 942 3542 arv.
955 3500 984 3561 p.
998 3482 1039 3543 56
1051 3501 1116 3562 sqq.
1142 3482 1280 3545 Corssen
1296 3484 1374 3564 orig.
1387 3501 1467 3564 poes.

290 3585 375 3647 Rom.
391 3605 420 3665 p.
437 3585 500 3659 86.)
513 3584 584 3646 haec
598 3590 693 3645 aulem
710 3584 810 3645 Cottae
826 3583 924 3645 omnis
937 3585 1095 3665 disputatio
1111 3585 1335 3650 eGraecorum
1353 3587 1470 3651 theolo-

290 3706 395 3768 gorum
410 3687 492 3749 libris
511 3686 604 3761 fluvit,
620 3705 695 3766 quos
711 3704 814 3766 parurn
835 3687 972 3749 credibile
996 3696 1041 3749 est
1066 3696 1115 3750 aut
1138 3689 1284 3752 notitiam
1307 3692 1388 3753 Deae
1404 3690 1469 3752 lliae

289 3790 437 3863 habuisse,
454 3798 512 3862 aut,
528 3790 553 3851 si
569 3789 731 3863 habuerint,
745 3790 773 3851 in
789 3790 977 3852 contexendis
1001 3793 1123 3853 deorum
1140 3793 1332 3875 genealogiis
1349 3814 1384 3856 ea
1399 3812 1470 3856 usu·

288 3911 339 3955 ros
355 3893 453 3967 luisse,
470 3911 560 3973 quum
576 3893 745 3973 praesertim
762 3893 838 3972 apud
855 3892 936 3972 ipsos
945 3893 1064 3955 Latinos
1080 3895 1260 3958 huiusmodi
1278 3896 1470 3978 genealogiae

288 3996 381 4057 nullae
397 3996 490 4057 luisse
511 3995 675 4069 videantur,
695 3995 725 4055 id
745 3997 823 4075 quod
844 3995 880 4057 de
899 3996 1042 4058 Romanis
1062 3997 1180 4076 quidem
1204 3998 1328 4062 diserte
1350 4008 1472 4062 testatur

288 4098 445 4178 llionysius
471 4099 503 4159 A.
528 4098 562 4159 li.
583 4097 622 4171 ll,
641 4097 692 4171 18,
716 4099 763 4157 19.
807 4098 871 4159 Huc
890 4099 1012 4172 accedit,
1040 4100 1119 4179 quod
1136 4100 1293 4179 vulgatam
1309 4109 1471 4172 lectionem

288 4202 383 4263 nostri
399 4202 454 4262 loci
475 4201 564 4263 etiam
583 4200 701 4261 Servius
722 4200 756 4261 ad
778 4202 849 4262 Aen.
872 4201 893 4273 l,
918 4202 988 4264 297.
1009 4203 1053 4277 lV,
1076 4206 1139 4265 577
1161 4214 1190 4266 et
1212 4209 1381 4292 Ampelius
1405 4210 1470 4274 cil

288 4321 318 4382 p.
333 4304 373 4364 56
389 4304 474 4364 Beck.
491 4310 617 4364 tuentur.

374 4405 625 4486 uapxxlltan.
671 4405 786 4469 l‘enus
814 4407 926 4487 prima
952 4409 1055 4472 Caelo
1079 4419 1112 4472 et
1138 4410 1204 4472 uie
1235 4426 1340 4494 nala,
1371 4418 1472 4482 cuius
