3164 5138
11 1772 14 1923 l

381 1602 442 1697 uu
472 1600 740 1697 annuunt
771 1601 953 1697 uultui

174 1867 197 1946 t
221 1884 506 1947 venenositatem
525 1885 735 1966 anemonas
754 1905 816 1948 non
835 1904 902 1949 rara
923 1886 1080 1948 aenomaus
1102 1888 1251 1950 cuiusdam
1272 1918 1286 1968 ³

97 1986 205 2067 elliptici
220 1988 405 2050 mentionem
421 1988 483 2049 lieri
498 1988 646 2061 ridemus,
663 1989 741 2068 qnod
756 1984 895 2050 κατὰτὸ
909 1983 1126 2069 σιωπώμενον
1141 1990 1254 2061 dicitur,

98 2108 150 2169 quo
169 2090 321 2152 whemate
347 2100 464 2170 poetam
484 2106 571 2152 usum
594 2110 660 2152 esse
678 2099 841 2163 autumant,
867 2090 917 2151 ubi
944 2090 1067 2170 aliquid,
1093 2094 1173 2171 quod
1199 2093 1255 2153 dici

99 2192 231 2253 debtn'sse
260 2193 405 2266 ridemur,
441 2192 556 2253 silentio
586 2192 802 2274 praetermittit,
838 2200 871 2252 ut
899 2193 935 2252 ab
969 2192 1043 2270 ipsis
1074 2193 1254 2255 auditoribus

97 2294 337 2356 subandiendum.
389 2287 485 2355 Ἐστί
511 2290 572 2377 γὰρ
597 2292 711 2370 τοῦτο,
741 2294 834 2374 inquit
857 2293 1026 2355 Eustatbius
1052 2313 1080 2373 p,
1111 2296 1179 2368 174,
1205 2296 1255 2371 22,

95 2389 240 2473 μέθοδος
260 2387 453 2475 συντομίας,
482 2388 528 2471 ὥς
547 2392 591 2480 μή
614 2391 775 2470 θέλοντος
795 2397 856 2457 τοῦ
875 2393 1018 2480 ποιητοῦ
1037 2390 1257 2481 ἐνδιατρίβειν

96 2498 162 2573 τοῖς
179 2495 226 2582 μή
244 2492 402 2583 scopinae.
446 2498 484 2559 Et
503 2514 575 2559 sane
594 2516 656 2560 non
681 2498 789 2560 mirum
815 2506 865 2559 aut
884 2500 1115 2580 reprehensione
1134 2501 1253 2578 dignum
1360 2570 1364 2587 ‚

95 2599 300 2673 iudicabimus,
335 2598 362 2660 si
391 2616 454 2660 non
488 2614 591 2660 omnes
621 2617 669 2660 ree
698 2598 837 2660 minimas
867 2618 984 2679 semper
1013 2601 1128 2662 disertis
1159 2602 1254 2662 verbis

95 2718 251 2781 exponere,
288 2702 341 2763 sed
369 2701 511 2762 nonnulla
545 2702 631 2762 etiam
661 2701 826 2763 auditorum
862 2700 1064 2781 intelligentiae
1094 2702 1255 2781 relinquere

96 2805 227 2877 voluerit,
252 2804 450 2883 verbosaeque
477 2810 505 2863 et
530 2802 647 2882 putidae
672 2803 840 2883 loquacitati
866 2803 950 2864 talem
977 2802 1146 2865 brevitatem
1168 2822 1255 2883 prae-

96 2908 200 2978 tulerit,
227 2926 303 2987 qnae
328 2924 385 2968 uec
409 2904 576 2967 destitueret
601 2904 765 2966 auditorem
791 2924 924 2967 summae
948 2907 990 2967 rei
1015 2905 1174 2979 intentum,
1201 2925 1256 2968 nec

96 3016 259 3070 moraretur
292 3026 505 3089 supervacanea
540 3006 682 3068 leviorum
717 3009 1010 3083 commemoratione,
1044 3019 1171 3089 suntque
1199 3010 1255 3071 hao

94 3111 204 3172 ratione
222 3111 332 3190 aliquot
349 3110 415 3184 loci,
431 3110 461 3170 in
483 3109 588 3190 quihus
604 3128 682 3171 unus
703 3118 752 3171 aut
771 3110 842 3171 alter
861 3109 977 3171 criticus
999 3110 1172 3185 offenderat,
1193 3132 1254 3173 non

95 3213 194 3275 inseite
209 3214 246 3274 ab
262 3213 325 3273 aliis
341 3211 461 3273 defensi,
497 3210 582 3273 Velut
595 3211 628 3272 li.
643 3212 677 3288 ll,
693 3212 742 3287 76,
757 3212 807 3273 uhi
822 3212 1026 3291 Agamemnon
1041 3212 1071 3272 in
1087 3215 1254 3294 principum

96 3332 238 3378 consessa
256 3315 354 3377 verbis
371 3314 454 3377 lactis
475 3314 686 3376 consedisse
705 3313 810 3376 dicitur
829 3305 918 3399 (ἤτοι
933 3307 985 3394 dy'
1001 3304 1046 3388 dg
1062 3308 1167 3377 circada
1186 3311 1257 3377 και)

95 3406 143 3495 ἄρ’
157 3409 276 3492 ἕζετο),
297 3435 389 3497 quum
409 3424 493 3478 antea
511 3435 537 3477 v.
553 3416 594 3478 55
610 3435 670 3477 non
693 3415 787 3479 diuus
804 3418 842 3478 sit
856 3416 892 3478 ad
913 3416 1067 3478 dicendum
1084 3417 1255 3493 surrexisse,

95 3517 122 3577 id
136 3518 217 3598 quod
231 3517 298 3579 alibi
318 3518 349 3579 in
369 3517 540 3579 huiusmodi
558 3518 777 3580 narrationibus
792 3537 854 3579 non
870 3520 946 3580 solet
960 3519 1164 3599 praetermitti,
1183 3520 1255 3581 haec

11 3608 13 3669 i
95 3637 142 3679 ree
167 3620 353 3682 Zenodotum
380 3621 454 3681 adeo
480 3619 609 3692 offendit,
635 3630 667 3681 ut
687 3641 712 3682 v.
730 3622 770 3681 55
787 3639 841 3701 pro
858 3640 906 3696 eo,
933 3622 1011 3703 quod
1038 3641 1118 3683 nuuc
1142 3622 1255 3703 legitur,

94 3718 172 3795 τούς
185 3715 243 3803 ὅγε
264 3716 469 3802 συγκαλέσας
490 3718 630 3807 πυκινήν
651 3713 804 3807 ἡμιόνεια
825 3718 957 3808 βουλήν,
984 3724 1039 3787 bos
1059 3725 1134 3786 duos
1153 3745 1255 3788 versus

94 3832 266 3902 reponeret:
291 3815 396 3908 αὐτάρ
418 3815 496 3885 ἐπεί
527 3815 715 3908 ρυήμέρθεν
749 3818 922 3910 ὁμηγερέες
942 3818 972 3888 τ’
992 3822 1140 3911 ἐγένοντο
1166 3830 1254 3892 τοῖσι

94 3916 126 3984 d’
152 3916 367 4004 ἀνιστάμενος
386 3920 513 4009 μετέφη
545 3918 662 4008 κρείων
688 3918 910 4008 Ἀγαμέμνων.
955 3930 1056 4012 Longe
1083 3932 1164 3993 aliter
1189 3934 1255 3993 hri-

94 4027 243 4101 suturas,
263 4028 313 4109 qui
332 4047 424 4109 quum
444 4028 502 4089 hoc
521 4027 618 4108 ipsum
643 4048 750 4111 parurn
771 4031 906 4094 credibile
927 4033 1080 4107 iudicaret,
1100 4036 1256 4114 Agamem·

92 4147 202 4192 nonem
222 4131 254 4191 in
273 4137 387 4210 septem
405 4129 538 4193 virorum
558 4151 762 4197 consessu-
784 4141 827 4195 tot
846 4134 924 4197 enim
945 4137 1096 4199 convocati
1117 4146 1201 4196 erant
1215 4170 1256 4179 —

11 4254 12 4261 ¹
92 4241 219 4294 suarem
244 4232 332 4294 rerba
357 4233 475 4307 iecisse,
506 4252 623 4295 versum
650 4236 690 4297 76
716 4244 745 4297 et
775 4245 886 4317 septem
918 4239 1070 4317 proximos
1099 4256 1167 4299 curn
1199 4238 1258 4297 hoc

91 4334 285 4397 cohaerentes
310 4335 396 4415 plane
424 4335 586 4399 eiiciffldos
609 4356 678 4398 esee
703 4337 847 4400 censebat.
895 4338 950 4399 titi
977 4348 1095 4413 contra,
1128 4354 1256 4417 qnorum

87 4439 294 4501 austeritatem
313 4438 484 4501 Eustathins
504 4439 650 4519 sequitur,
671 4439 894 4519 haudquaquam
916 4441 983 4502 illud
1004 4437 1177 4502 incredibile
1194 4439 1258 4511 rati,

134 4539 189 4602 nt.
1038 4544 1053 4600 l
