3290 5142
818 422 967 522 ,IL

308 631 378 676 nam
405 612 542 676 dilectam
566 612 621 677 deo
648 630 732 676 avem
755 612 843 676 etiam
864 612 982 677 canenti
1002 612 1134 675 occinere
1153 618 1386 677 consentaneum
1405 621 1470 692 ert3

308 717 489 797 eandemque
509 716 546 780 uh
568 735 686 780 caueam
701 714 806 779 Deinm
826 715 1015 798 potissimum
1030 715 1110 781 abire
1124 716 1258 792 inbetm,
1280 716 1408 780 natalem
1423 717 1471 784 dei

293 818 450 883 inanum:

627 913 742 1002 λίμνας
764 913 868 1001 ἐπίβα
889 917 950 994 τᾶς
971 912 1153 1003 Δηλιάδος,

308 1024 338 1087 h.
354 1044 380 1087 e.
395 1024 493 1088 lacum
507 1023 589 1087 illum
604 1022 668 1095 adi,
688 1022 868 1086 celebratum
882 1021 914 1085 in
929 1021 1050 1096 fabulis,
1065 1014 1263 1101 εροχόεσσαν
1277 1041 1302 1085 ε.
1317 1041 1470 1104 τροχοει-

307 1118 369 1188 δέα
387 1121 500 1207 λίμνην
521 1125 591 1203 (rid.
611 1124 772 1205 spanhem.
793 1124 830 1186 ad
845 1123 956 1187 Gallim.
977 1124 1007 1187 h.
1030 1123 1061 1185 in
1081 1124 1144 1187 Del.
1159 1142 1186 1186 v.
1198 1124 1270 1186 261.
1284 1124 1413 1207 Stanley.
1430 1126 1469 1189 ad

307 1226 413 1291 doech.
428 1228 513 1290 Eum.
529 1245 555 1289 v.
572 1227 629 1306 9.),
651 1246 739 1308 quem
759 1228 856 1291 lacum
878 1227 975 1309 cygnis
997 1226 1124 1290 maxime
1138 1227 1319 1308 frequentari
1332 1228 1422 1291 etiam
1436 1229 1469 1292 in

307 1331 398 1412 lphiq.
418 1330 506 1394 Taur.
527 1350 554 1391 v.
578 1330 659 1392 1077
679 1329 820 1411 legimus:
845 1320 961 1408 λίμναν
988 1320 1194 1394 εἱλίσσουσαν
1218 1321 1307 1411 ὕδωρ
1327 1325 1468 1406 κύκλιον,

307 1426 393 1498 toea
408 1426 523 1508 κύκνος
536 1426 687 1517 μελῳδὸς
700 1428 843 1508 Μούσας
856 1427 1048 1514 θεραπεύει.
1077 1433 1115 1496 Et
1129 1434 1240 1516 pariter
1252 1451 1321 1498 cum
1335 1433 1468 1515 Apolline

307 1536 397 1601 etiam
411 1552 521 1618 cygnus
535 1529 663 1618 Δήλιος
676 1529 736 1597 καὶ
749 1530 886 1611 Πύθιος
900 1535 1008 1599 dicitur
1021 1535 1058 1598 ab
1071 1534 1268 1618 Aristophane
1282 1537 1335 1600 dr.
1351 1555 1378 1599 r.
1394 1536 1467 1601 869.

243 1652 248 1663 ’
391 1638 427 1703 In
439 1637 582 1720 proximis
597 1637 701 1713 verbis,
717 1656 743 1699 r.
763 1637 838 1701 168:

609 1730 769 1820 αἱμάξεις,
793 1731 824 1803 εἱ
843 1735 889 1825 μή
911 1734 1036 1816 πείσει,

606 1838 666 1918 τὰς
687 1837 957 1928 καλλιφθόγγους
981 1835 1072 1928 ᾠδάς

307 1946 394 2011 multi
408 1944 580 2021 huesemnt,
595 1945 775 2027 fueruntque
788 1946 862 2009 adeo
877 1945 929 2028 qui
943 1947 1155 2010 correctionem
1170 1946 1467 2012 abhiberecunuren-

306 2058 364 2113 tur.
394 2048 577 2130 Muegrariue
598 2049 718 2132 quidem
733 2038 887 2127 αἱμάξει
910 2040 943 2111 o'
966 2040 996 2112 εἲ
1017 2044 1062 2135 μὴ
1086 2050 1198 2114 πείσει
1212 2050 1301 2114 scribi
1316 2057 1346 2114 et
1360 2069 1468 2134 puren-

308 2152 412 2217 tiretiee
435 2152 508 2215 haec
527 2152 585 2216 dici
605 2151 709 2229 voluit,
729 2159 764 2216 ut
783 2152 1031 2232 coniungerentur
1053 2154 1141 2219 rerba
1155 2147 1337 2234 deciperetis
1351 2148 1467 2216 καλλι-

306 2248 479 2340 φθόγγους
493 2245 594 2339 ᾦδας,
608 2255 757 2318 transitiva
771 2254 882 2318 seilicet
896 2255 975 2318 verbi
988 2249 1091 2336 ἐπίβα
1101 2255 1322 2337 significatione,
1336 2264 1371 2319 ut
1380 2263 1467 2329 emet,

308 2358 558 2440 quemadmodum
577 2359 640 2440 ipae
660 2357 761 2431 vertit,
781 2357 927 2437 ingredi
940 2358 1063 2421 tacito.
1093 2359 1176 2422 Hauc
1195 2359 1381 2442 opinionem,
1401 2359 1469 2423 iicet

305 2461 395 2524 etiam
410 2461 518 2525 Bothio
536 2461 707 2543 probatam,
726 2459 855 2524 refutare
875 2477 938 2524 non
952 2479 1027 2542 upne
1041 2468 1094 2525 eet.
1125 2462 1182 2537 Qui
1196 2471 1296 2526 autem
1311 2453 1411 2543 cipri
1416 2457 1468 2539 ξω

306 2555 340 2627 o'
362 2556 391 2627 ai
412 2559 459 2650 μή
482 2556 655 2639 παύσεις
669 2558 731 2637 τὰς
743 2557 1015 2649 καλλιφθόγγους
1037 2553 1127 2649 ᾠδάς
1140 2565 1229 2629 eeribi
1244 2566 1345 2641 voluit,
1360 2564 1466 2630 dirrh-

306 2668 415 2730 heffius
436 2666 592 2730 credidisee
607 2666 722 2730 videtur
735 2674 855 2730 cantum
869 2666 997 2729 maxime
1012 2667 1097 2748 cygni
1111 2668 1270 2734 molestum
1286 2670 1350 2733 loni
1365 2669 1467 2745 tunae,

306 2770 336 2834 id
362 2770 442 2850 quud
467 2769 610 2832 absonum
634 2788 700 2833 esee
726 2787 833 2833 censor
856 2770 934 2833 illiue
952 2778 1032 2832 reete
1051 2770 1183 2846 monuit,
1207 2772 1239 2834 in
1258 2772 1344 2835 John.
1363 2774 1467 2838 dnnad

305 2872 405 2955 piniioi
420 2872 523 2935 LXXV
536 2892 566 2954 p.
582 2871 655 2935 464.
685 2872 773 2947 Quod
788 2878 887 2935 antem
903 2873 929 2934 ia
943 2871 1006 2954 ipae
1021 2874 1154 2948 coniecit
1171 2865 1330 2951 αἱιὶξεις
1350 2910 1391 2924 -·
1407 2871 1468 2952 τοὶς

305 2971 395 3041 καλλ.
410 2966 510 3061 ιγ’δεὶς,
524 2976 580 3040 etei
594 2993 655 3040 non
669 2977 816 3057 ineptum,
831 2982 911 3039 certe
925 2980 1026 3038 tamen
1040 2994 1289 3059 superuacaneum
1303 2985 1359 3041 est
1381 2977 1468 3042 Lice-

305 3078 356 3142 bat
368 3079 502 3161 proiecto
517 3086 620 3162 poetae
635 3079 723 3141 etium
740 3068 894 3157 αἱμάξεις
907 3095 1067 3161 usurpare,
1088 3086 1122 3143 ut
1136 3096 1262 3162 cygnum
1278 3087 1381 3144 cantus
1396 3100 1467 3145 auce

304 3182 448 3263 sangnine
475 3183 583 3245 mixtos
607 3182 758 3245 editurum
784 3180 973 3262 significaret,
1004 3198 1097 3262 quum
1122 3182 1295 3264 praesertim
1314 3192 1468 3267 pervagata

304 3285 383 3367 apnd
403 3293 516 3348 veteres
532 3284 630 3367 opinio
644 3286 691 3358 eit,
708 3301 817 3366 cygnos
829 3284 1023 3347 moribundos
1033 3284 1221 3365 potissimum
1234 3296 1352 3350 cantare
1361 3287 1466 3350 eolere.

305 3389 408 3470 ltaque
433 3389 485 3470 qni
510 3387 679 3452 vulneratus
700 3407 735 3452 nc
755 3388 886 3451 meriena
905 3405 964 3449 una
986 3405 1053 3450 cnm
1075 3396 1163 3452 cantu
1183 3389 1271 3452 etiam
1293 3388 1467 3472 sanguinem

304 3496 422 3573 gutture
435 3490 542 3566 tundit,
558 3491 655 3572 putuit
666 3492 743 3555 haud
756 3491 842 3554 dubie
854 3485 1008 3554 cruentare
1019 3498 1139 3554 cantum
1150 3498 1181 3555 et
1191 3492 1333 3573 sangnine
1343 3493 1466 3558 inuuere

303 3592 369 3668 dici,
383 3610 481 3675 neque
496 3594 526 3656 id
542 3595 634 3675 magis
650 3596 729 3658 mire¹
739 3594 851 3658 dictum
866 3599 929 3667 eet,
951 3611 1039 3673 qnam
1054 3594 1136 3676 qued
1150 3595 1227 3677 apud
1243 3595 1379 3658 Ovidium
1394 3596 1465 3678 legi·

304 3714 372 3759 mue
386 3697 422 3758 de
437 3695 605 3760 Heliadibus
619 3698 650 3759 iu
661 3697 781 3761 arbores
792 3697 923 3771 mutatis,
938 3697 1045 3778 quibua
1057 3697 1128 3760 dum
1140 3698 1305 3780 loquuntur
1318 3704 1466 3773 „cortex

303 3798 339 3861 in
358 3798 468 3862 verba
487 3799 689 3862 novissima
708 3800 844 3873 venit“‚
866 3800 1036 3873 Memmii,
1053 3799 1129 3875 363,
1151 3809 1203 3864 aut
1218 3801 1254 3864 de
1270 3801 1393 3875 Proteo,
1414 3801 1467 3884 qui

303 3901 381 3963 inter
399 3902 580 3983 loquendum
595 3901 732 3965 ductibus
748 3903 891 3983 mergitur
905 3900 1179 3985 „admittitque
1200 3922 1285 3968 εαοε
1308 3903 1345 3966 in
1359 3902 1467 3967 rerba

302 4003 506 4069 novissima
519 4005 696 4067 iinetue.“
725 4003 793 4066 diet
809 4003 858 4078 XI,
875 4005 948 4068 256.
973 4006 1076 4088 Neque
1091 4007 1252 4070 admodum
1266 4006 1408 4070 dieeintiie
1420 4010 1467 4071 eut

304 4097 481 4188 αἱμάσσειν
501 4103 622 4181 πέσεα,
643 4125 749 4171 εοεαε
769 4115 980 4182 cruentare,
1003 4108 1040 4172 do
1055 4108 1158 4190 Oedipi
1172 4108 1254 4183 tiliis,
1275 4109 1327 4191 qui
1340 4108 1466 4174 invicem

303 4345 423 4400 Grciicrr.
440 4346 520 4399 amu.
537 4345 663 4400 Zeitcuhr.
679 4345 732 4402 vol.
749 4346 760 4400 1
778 4345 866 4414 (18²2)
882 4364 905 4416 p.
918 4348 959 4401 ta.
985 4348 1049 4402 Add.
1066 4347 1137 4400 Oion
1154 4346 1322 4415 Natnrgeeed.
1337 4344 1391 4415 vu,
1403 4347 1464 4401 tat.

301 4431 380 4485 Lux.
391 4430 499 4498 nectes.
510 4448 534 4500 p.
547 4432 605 4485 685.
