3178 5136
447 1616 512 1707 ΑΒ
542 1613 768 1709 EURIPIDIS
799 1614 998 1708 lunula.

206 1903 289 1984 Rern
309 1920 398 1983 nobis
418 1922 513 1983 lacere
531 1920 663 1982 videmur
680 1938 736 1981 nec
754 1919 859 1993 Vobis,
879 1917 1109 1993 Commilitones‚
1129 1919 1282 1998 ingratam,
1302 1928 1317 1978 ³

126 2038 221 2101 neque
233 2030 363 2083 anostro
374 2022 472 2083 officio
481 2021 612 2093 alienam,
628 2021 662 2095 si,
671 2020 918 2101 quemadmodum
926 2020 1077 2102 aliquoties
1085 2022 1143 2083 iam
1155 2021 1285 2095 fecimus,

125 2125 157 2184 ia
174 2124 342 2206 prooemiis
357 2123 524 2186 scholarum
544 2123 635 2185 indici
654 2123 873 2203 praemittendis
892 2131 1062 2202 argumenta
1076 2130 1235 2185 tractamus
1250 2142 1285 2185 ex

125 2226 191 2306 ipso
212 2227 383 2289 scholarum
399 2236 569 2289 nostrarum
585 2226 656 2288 orbe
670 2225 837 2307 desumpta,
853 2245 911 2306 quo
927 2234 977 2288 aut
991 2245 1064 2307 quac
1080 2243 1178 2287 coram
1194 2224 1283 2285 Vobis

124 2329 282 2410 proposita
297 2336 379 2404 sunt,
400 2328 519 2390 uberim
540 2338 568 2389 et
587 2328 749 2390 accuratius
770 2327 880 2408 scripto
900 2328 1039 2408 explicata
1057 2326 1283 2407 recognoscatis,

125 2431 230 2492 autad
252 2450 301 2503 ea,
321 2449 395 2512 quae
414 2449 484 2492 mox
498 2430 623 2493 audituri
639 2431 725 2505 eatis,
751 2431 929 2512 praeparatis
948 2429 1065 2493 auribus
1080 2429 1284 2508 mentibusque

124 2531 256 2593 rasistis.
302 2531 384 2593 lianc
398 2532 437 2595 ob
452 2550 583 2604 causam,
599 2550 691 2612 quum
706 2550 802 2614 nuper
816 2533 846 2595 in
860 2532 1008 2613 Euripidis
1022 2532 1121 2594 Medea
1136 2533 1283 2595 nonnullis

124 2633 263 2696 lesbum
279 2633 497 2715 interpretanda
511 2634 618 2697 versati
633 2635 739 2709 simus,
752 2637 840 2716 hujus
856 2655 936 2699 nunc
949 2635 1061 2696 tabulae
1076 2635 1159 2697 locos
1174 2634 1284 2714 aliquot

125 2736 309 2798 difficiliores
323 2743 447 2798 tractare
460 2736 580 2817 placuit,
597 2737 633 2797 de
653 2736 759 2816 quibus
775 2745 825 2799 aut
843 2738 878 2800 ab
893 2737 1045 2810 Elmsleio,
1067 2737 1205 2817 primario
1220 2737 1281 2799 lle-
1312 2734 1317 2745 ’

124 2838 332 2911 desceditore,
344 2837 488 2911 antabiis‚
503 2839 552 2918 qui
567 2846 637 2918 post
651 2838 820 2901 Elmsleium
832 2839 862 2902 iu
877 2841 931 2901 bac
944 2838 1039 2901 tabula
1056 2857 1174 2919 operam
1191 2837 1281 2900 coilo-

122 2948 237 3015 ccmnt,
249 2940 480 3001 dissentiendum
494 2939 580 3001 nobis
592 2958 657 3001 csse
667 2939 787 3003 videtur.
797 2976 838 2987 -
847 2941 948 3002 Statim
959 2941 989 3002 in
999 2940 1123 3021 prologo
1131 2959 1156 3002 r.
1168 2941 1205 3004 10
1214 2958 1277 3020 sqq.

326 3031 398 3102 οὐδ’
419 3031 460 3101 dv
474 3074 515 3085 —·
530 3031 674 3123 κατῴκει
694 3034 791 3124 τήνδε
812 3037 871 3125 γῆν
891 3035 1078 3125 Κορινθίαν

326 3137 382 3218 ξῦν
402 3134 497 3225 ἀνδρὶ
516 3136 574 3204 καὶ
594 3134 767 3220 τέκνοισιν,
790 3134 976 3206 ἆνδάνονσα
996 3139 1056 3225 μὲν

326 3240 413 3330 φυγὴ
436 3240 582 3307 πολιτῶν
603 3230 649 3307 ὦν
670 3235 809 3331 ἄφίκετο
829 3238 938 3326 χθόνα
958 3242 1026 3308 κτλ.

3 3362 5 3373 ’
118 3349 198 3411 banc
212 3346 391 3428 scripturam
406 3346 441 3408 ab
460 3346 598 3409 Elmsleio
618 3354 763 3428 receptam
783 3364 844 3408 non
866 3347 983 3429 quidem
1004 3348 1194 3426 praeterimus
1215 3350 1277 3411 rul-

117 3459 204 3532 gatae
218 3445 319 3534 φυγῇ,
332 3448 511 3530 probabilem
526 3456 623 3511 tamen
638 3448 783 3531 scipsum,
797 3448 1016 3530 rationibusque
1027 3468 1089 3513 non
1100 3451 1169 3513 satis
1180 3451 1280 3513 validis

118 3552 310 3614 allambiaeo
331 3551 496 3614 damnatam
515 3569 581 3612 esse
599 3567 763 3611 censemus.
808 3549 883 3612 Nam
904 3567 994 3629 quum
1013 3552 1170 3614 Elmsleius
1191 3555 1279 3615 resti-

120 3654 203 3735 giram
217 3654 310 3715 huius
326 3654 487 3734 scripturae
502 3652 577 3733 apud
593 3651 779 3714 scholiastam
795 3650 850 3712 sibi
865 3651 1081 3731 deprehendere
1096 3655 1175 3717 daus
1191 3665 1279 3728 esset,

119 3756 149 3818 id
157 3754 316 3836 vestigium
323 3754 493 3817 llattbiaeus
501 3755 613 3817 nullum
623 3773 690 3816 esse
698 3754 857 3828 contendit,
866 3754 892 3815 si
903 3755 993 3816 modo
1005 3756 1093 3818 rerba
1105 3756 1279 3819 scholiastae

119 3855 399 3937 mmaacdpiantur.
423 3850 762 3932 Quodenimisdicatrd
773 3847 1009 3933 dddvdduonoo,
1026 3847 1114 3944 ὀρθή
1132 3850 1204 3921 ἀντὶ
1221 3855 1280 3922 do-

3 4032 4 4035 ,
119 3955 234 4043 τικῆς,
260 3948 336 4020 ἐπὶ
354 3955 412 4020 τοῦ
431 3949 630 4043 dedenarios),
649 3960 708 4021 boc
726 3965 840 4020 tantum
867 3957 922 4020 sibi
941 3958 1024 4033 velle,
1044 3978 1134 4040 quum
1160 3963 1280 4043 proprie

120 4059 249 4123 maun
262 4059 392 4134 Medeae,
412 4077 475 4123 non
489 4061 562 4123 haec
576 4060 654 4142 ipsa,
672 4060 786 4142 placere
800 4059 957 4123 Corinthiis
973 4059 1028 4122 dici
1044 4061 1194 4125 debuisset
1209 4056 1280 4141 (ἆν-

3 4146 5 4199 i
122 4157 271 4247 θανούσῃ
283 4164 404 4247 φνγῇ,)
418 4169 536 4244 poetam
556 4162 671 4224 inversa
685 4162 812 4225 dictione
826 4178 888 4224 non
903 4160 1033 4237 exilium,
1050 4163 1130 4244 quod
1146 4164 1277 4238 debebat,

122 4264 178 4326 sed
192 4263 326 4325 llcdeam
340 4273 463 4344 propter
481 4264 596 4327 exilium
616 4264 759 4344 placuisse
777 4264 881 4326 dicere.
925 4265 992 4326 'lale
1007 4263 1146 4326 iudicium
1161 4282 1218 4344 qua
1232 4282 1280 4326 ra-

124 4366 208 4427 tione
226 4365 401 4428 scholiastae
417 4365 507 4428 tribui
525 4365 621 4447 possit
640 4365 764 4426 latemur
777 4382 834 4426 nos
849 4381 911 4426 non
925 4364 1092 4444 intelligere.
1135 4364 1188 4423 Est
1202 4363 1280 4423 enim

124 4466 198 4530 illud
211 4467 314 4547 ipsum
328 4467 408 4548 qnod
423 4486 458 4530 ex
474 4466 585 4545 uulgata
599 4466 744 4548 scriptura
758 4464 910 4545 Euripides
930 4466 1010 4540 dicit,
1029 4464 1161 4527 bledeam
1176 4462 1281 4521 Corin-
