3266 5140
624 558 629 564 .
671 464 768 567 3⁸3-
787 562 820 567 m.

143 656 216 719 dnm
231 672 297 717 esse
309 656 427 736 sumo.
472 654 563 716 ditert
577 660 672 716 autom
688 653 788 733 Cicero
803 673 938 731 causam,
953 674 1006 719 cor
1019 657 1089 721 illud
1104 659 1165 740 lege
1180 660 1301 723 vetitum

143 760 191 832 sit,
206 775 280 838 quae
294 756 411 838 quidem
427 756 462 819 ab
477 755 672 831 auditoribus,
690 756 794 818 vetusti
814 776 849 820 ac
864 758 974 821 dudum
990 759 1115 823 obsoleti
1131 762 1223 823 moris
1239 763 1301 823 lor-

143 868 224 923 tasse
243 859 366 939 ignaris,
390 876 450 921 nou
471 877 525 921 sua
544 865 652 940 sponte
672 858 768 920 stetim
784 860 912 939 perspici
927 863 1064 941 potuerit
1108 862 1207 943 ltaque
1222 863 1301 933 olim,

144 960 194 1034 ait,
208 961 269 1022 boc
282 960 444 1023 lectitatum
458 979 525 1022 esse
538 960 637 1036 credo,
652 967 685 1023 ut
698 960 749 1023 uni
765 960 849 1041 plura
865 963 967 1025 tierent
978 964 1088 1038 lunera,
1102 966 1231 1045 primum
1243 964 1302 1031 sci-

144 1063 225 1136 licet,
251 1080 341 1142 mum
361 1061 398 1123 ad
417 1080 523 1149 pogurn
543 1081 652 1142 corpus
672 1064 836 1137 efferretur,
861 1064 985 1127 alterum
1010 1067 1092 1139 dein,
1116 1076 1145 1129 et
1170 1066 1303 1133 sommis

144 1165 233 1227 etiam
248 1164 341 1244 plura,
357 1182 448 1243 quum
462 1163 534 1226 lecta
549 1173 618 1245 post
634 1164 869 1228 combustionem
891 1186 960 1230 ossa
975 1168 1070 1249 aliquo
1085 1177 1157 1249 post
1171 1176 1305 1249 tempere

145 1268 176 1329 in
189 1266 335 1329 tumulum
351 1266 542 1340 deterrentur,
556 1265 638 1328 lectis
654 1275 682 1328 et
697 1266 760 1346 ipsa
772 1267 919 1348 imposita.
934 1305 976 1315 —
991 1270 1049 1332 Sed
1065 1270 1170 1351 excipit
1183 1270 1228 1331 lex
1241 1270 1302 1333 bel-

146 1369 230 1431 licem
257 1368 503 1449 peregrinamque
527 1376 666 1441 mortem,
692 1368 721 1430 b.
742 1389 767 1429 e.
788 1371 839 1450 qui
858 1372 888 1434 in
907 1371 982 1434 bello
1001 1390 1035 1434 ac
1053 1390 1173 1452 peregre
1192 1371 1302 1434 mortui

146 1480 224 1545 snut,
238 1488 340 1532 eornm
357 1472 437 1551 plura
455 1472 564 1542 lunera,
578 1468 646 1531 bina
662 1468 855 1545 saltcm‚·lieri
870 1474 949 1548 licet,
965 1473 1091 1554 primum
1108 1494 1143 1536 eo
1158 1475 1238 1549 loeo,
1252 1474 1302 1536 ubi

146 1574 293 1647 obierunt,
313 1592 403 1654 qunm
419 1572 601 1634 comburitur
616 1591 741 1653 corpus,
759 1573 883 1638 alterum
902 1575 933 1637 in
952 1576 1060 1658 patria,
1076 1594 1168 1656 quum
1183 1596 1252 1640 ossa
1267 1576 1303 1639 ad

147 1676 331 1755 propinquos
355 1674 445 1736 relata
471 1675 583 1736 tumulo
611 1675 788 1738 conduntur.
853 1677 947 1760 Atque
972 1679 1052 1740 hunc
1076 1696 1188 1740 morem
1216 1678 1302 1741 etiam

146 1777 265 1839 Athenis
291 1775 455 1838 obtinuisse
473 1793 562 1856 quum
586 1775 638 1837 alia
664 1778 794 1859 exempla
820 1778 1035 1854 demonstrant,
1056 1788 1118 1843 tum
1139 1780 1208 1843 illud
1224 1780 1302 1861 quod

147 1889 223 1943 extat
248 1880 326 1962 apud
351 1878 465 1941 lsaeum
486 1887 632 1940 oratorem
653 1879 689 1940 de
710 1880 809 1942 beced.
827 1881 986 1945 Nicostrati
1011 1887 1060 1959 tt.
1084 1883 1122 1945 19
1144 1891 1173 1944 et
1192 1883 1248 1957 26,
1268 1903 1303 1944 ex

147 1983 253 2063 quibus
273 1982 346 2044 locis
368 1981 561 2062 posteriorem
582 1980 716 2043 lleiskius
737 1982 781 2043 vel
799 1982 960 2061 ignorantie
982 1984 1074 2046 moris
1094 1985 1137 2045 vel
1160 1983 1304 2046 oblivione

146 2085 268 2147 mirifice
282 2084 466 2165 interpretari
484 2092 605 2144 conatus
621 2091 675 2144 est.

230 2187 291 2249 lam
311 2205 379 2248 vero
399 2186 519 2248 sirecte
537 2184 584 2246 isti
607 2204 709 2247 versus
729 2204 746 2246 a
766 2185 852 2247 nobis
864 2205 919 2248 suo
934 2186 999 2248 loco
1014 2187 1136 2267 repositi
1153 2196 1231 2260 sunt,
1245 2188 1304 2249 boc

146 2309 264 2372 quaeque
283 2298 414 2370 apparet,
433 2306 495 2350 non
514 2287 612 2350 inesse
633 2288 663 2350 in
683 2288 719 2350 iis
739 2288 891 2351 duodecim
911 2288 1073 2351 tabularum
1100 2292 1304 2370 fragmentum,

147 2393 226 2474 quod
243 2392 340 2454 inesse
355 2410 458 2452 omnes
473 2390 568 2452 adbuc
581 2390 633 2453 viri
650 2391 728 2453 docti
744 2390 940 2463 crediderunt,
955 2392 1013 2453 hoe
1029 2392 1088 2453 iere
1102 2393 1193 2454 modo
1208 2411 1224 2454 a
1239 2391 1303 2473 ple·

146 2497 246 2576 risque
261 2504 450 2574 conceptum:

248 2596 304 2659 Uni
319 2595 401 2677 plura
416 2596 518 2657 lunera
534 2613 571 2657 ne
586 2595 671 2657 tacito
685 2613 758 2657 neve
772 2595 862 2659 lectos
879 2596 976 2676 plures
993 2597 1124 2659 sternito.

147 2700 264 2780 Quippe
283 2715 345 2760 non
364 2698 456 2778 legem
472 2697 596 2777 aliquam
617 2696 717 2759 Cicero
738 2697 792 2759 illis
808 2696 902 2759 verbis
917 2699 1013 2770 refert,
1027 2697 1077 2759 sed
1095 2715 1177 2758 suam
1193 2695 1303 2777 prioris

146 2803 217 2883 legis
238 2801 458 2882 explicationem
480 2799 634 2879 proponit:
655 2817 721 2861 osso
736 2799 792 2879 legi
811 2816 866 2879 quo
884 2810 952 2880 post
970 2802 1063 2881 penite
1076 2801 1131 2881 fiot
1149 2807 1305 2880 propterea

148 2905 241 2985 legem
267 2903 405 2975 vetuisse,
431 2902 569 2983 quoniam
591 2903 661 2963 elim
682 2902 841 2964 lectitatum
862 2902 964 2972 luerit,
986 2912 1018 2964 ut
1036 2902 1086 2965 uni
1106 2901 1189 2981 plura
1204 2902 1304 2962 lbnera

147 3008 259 3068 tierent.
279 3040 322 3050 —
342 3004 475 3066 Ceterum
501 3004 560 3065 boc
585 3022 701 3085 quoque
727 3002 891 3064 addendum
917 3003 1031 3066 videtur
1057 3004 1093 3066 od
1119 3001 1303 3065 refellendam

147 3127 252 3171 eorum
272 3108 483 3179 coniecturam,
499 3107 549 3186 qui
565 3126 654 3187 quum
669 3108 782 3187 feretro
798 3124 852 3186 pro
867 3105 971 3186 fierent
984 3105 1185 3186 reponendum
1202 3123 1304 3167 cense-

148 3219 227 3286 rent,
242 3210 368 3292 aliquam
384 3208 537 3271 duodecim
552 3209 714 3271 tabularum
735 3207 827 3286 legem
843 3215 871 3269 et
885 3207 940 3289 ipsi
955 3209 1002 3271 his
1018 3210 1114 3271 verbis
1129 3207 1229 3270 reterri
1244 3214 1305 3268 sta-

148 3321 276 3377 tuerunt
320 3312 504 3374 blaniiestum
519 3321 564 3372 est
578 3311 654 3373 enirn
671 3309 838 3371 Ciceronem
854 3310 933 3391 loqui
946 3311 982 3371 de
996 3328 1028 3372 re
1039 3310 1168 3373 obsoleta
1186 3318 1214 3372 et
1229 3328 1245 3370 a
1261 3308 1306 3370 sui

148 3417 292 3497 temporis
307 3413 440 3476 moribus
451 3421 579 3484 remota,
601 3431 686 3493 quarn
703 3421 858 3491 propterea
872 3412 1018 3474 auditores
1033 3412 1159 3474 docendi
1174 3410 1306 3473 videren-

150 3530 206 3582 tur.
251 3516 282 3579 ld
303 3517 391 3580 etiarn
411 3513 570 3595 Madvigius
597 3514 749 3576 intellexit:
775 3512 1038 3593 „significaverat,“
1058 3514 1164 3594 inquit,
1191 3531 1307 3594 „quae-

149 3623 217 3684 dam
232 3621 263 3682 in
277 3619 389 3700 legibus
406 3617 544 3699 praecipi,
560 3635 685 3697 quorum
702 3634 802 3687 causa,
823 3614 956 3678 moribus
971 3616 1099 3692 mutatis,
1114 3634 1176 3678 non
1191 3614 1306 3697 perspi·

151 3731 277 3798 seretur,
296 3742 329 3785 ea
349 3720 499 3801 probabile
518 3740 584 3783 esse
604 3721 639 3784 ad
655 3720 770 3782 illorum
785 3728 952 3797 temporum
968 3737 1067 3781 mores
1082 3720 1174 3782 luisse
1188 3736 1305 3780 accom-
1324 3733 1340 3784 8

151 3826 277 3889 mndata.
320 3824 364 3887 Ex
383 3824 489 3886 borum
511 3843 617 3904 genere
630 3823 689 3885 boc
704 3829 780 3895 erat3
796 3828 910 3902 poterat
920 3820 999 3883 enim
1015 3822 1122 3902 quaeri,
1137 3839 1189 3883 cur
1203 3820 1248 3882 lex
1259 3838 1307 3880 ve-

151 3936 226 3993 taret
245 3929 344 4009 plures
363 3925 414 3989 uni
433 3928 523 3988 lectos
538 3937 682 4000 sternere,
702 3943 793 4007 quum
813 3923 842 3985 id
857 3940 945 3984 nemo
965 3924 1093 3985 indutus
1108 3931 1213 3987 esset“
1255 3923 1308 3984 dt·

151 4031 282 4113 quinon
303 4036 419 4111 poterat
438 4029 467 4090 id
491 4029 606 4109 quaeri,
627 4029 736 4110 quippe
755 4045 845 4108 quum
866 4025 962 4106 plures
983 4024 1012 4087 in
1027 4044 1087 4087 uno
1103 4029 1204 4089 sunere
1218 4026 1309 4088 lectos

151 4133 239 4197 etiam
255 4131 404 4194 Ciceronis
420 4132 553 4210 aequales
568 4149 709 4211 usurpare
725 4130 866 4203 solerent,
887 4146 981 4209 neque
997 4128 1095 4209 plures
1114 4136 1242 4201 tanturn,
1258 4127 1309 4189 sed

152 4236 238 4300 etiam
255 4235 407 4316 plurimos.
453 4232 526 4295 Nam
549 4232 579 4294 in
595 4231 689 4295 Sullae
703 4232 821 4313 quidem
841 4233 942 4293 iuuere
961 4249 1012 4293 scr
1028 4231 1105 4293 mille
1119 4228 1196 4291 baud
1211 4228 1310 4290 minus

152 4340 220 4401 lecti
239 4336 305 4398 elati
320 4354 387 4397 esse
403 4334 551 4408 dicuntur3
570 4334 600 4395 in
616 4335 717 4396 benere
735 4332 858 4396 Marcelli
880 4340 1032 4395 sexcentos
1053 4333 1202 4413 Augustus
1223 4347 1309 4411 prae·
