3154 5138
309 1431 625 1528 conmotam
648 1432 707 1525 ur.
723 1434 786 1526 an
803 1430 1034 1529 cinnum
1050 1436 1206 1528 trem
1225 1435 1325 1531 ull.
1341 1436 1464 1530 onon

273 1747 287 1795 a
407 1716 626 1811 llisputavimus
646 1730 676 1791 in
696 1730 849 1811 superiore
864 1732 1018 1811 prooemio
1033 1731 1223 1794 hibernarum
1239 1734 1409 1796 scholarum
1424 1734 1467 1794 in-

308 1831 364 1892 dici
383 1833 548 1911 praemisso
568 1833 605 1893 de
623 1832 732 1913 aliquot
749 1833 821 1894 locis
841 1833 990 1896 Ciceronis
1005 1832 1148 1897 libromm
1163 1834 1200 1897 de
1215 1844 1323 1899 natura
1338 1834 1467 1907 deorum,

308 1933 344 1994 de
364 1953 489 2014 quorum
511 1935 714 1997 emendatione
733 1954 749 1996 a
768 1937 906 2015 proximo
926 1937 1039 1998 editore
1053 1937 1087 1999 ll.
1104 1937 1218 1999 Klotzio
1235 1938 1467 2006 dissentiremus,

307 2036 336 2096 in
353 2054 412 2117 qno
426 2056 517 2117 quum
533 2038 606 2099 ultra
622 2037 751 2118 primum
766 2037 874 2100 librum
889 2041 1027 2119 progredi
1042 2056 1103 2101 non
1119 2040 1247 2113 licuerit,
1268 2038 1421 2103 nunciam
1437 2058 1469 2102 ex

307 2138 562 2220 reliquis²duobus
582 2160 635 2203 eos
656 2148 734 2201 certe
751 2140 834 2202 locos
856 2149 978 2203 tractare
989 2141 1067 2216 libet,
1082 2142 1120 2203 de
1134 2142 1244 2222 quibus
1261 2162 1338 2223 quae
1353 2142 1469 2205 dicenda

306 2250 392 2304 erunt
405 2243 540 2304 nonnihil
555 2244 680 2304 tortasse
695 2241 780 2303 etiam
796 2243 940 2322 prodesse
953 2244 1119 2306 iunioribus
1134 2264 1228 2326 posse
1244 2247 1410 2309 rideantur.

390 2344 521 2406 Primum
543 2345 631 2426 igitur
650 2364 712 2424 cap.
730 2344 779 2419 Vl,
797 2345 850 2418 16,
867 2364 957 2425 quum
973 2347 1059 2426 vulgo
1081 2347 1277 2411 scriberetur:
1295 2357 1352 2410 est
1367 2349 1471 2428 igitur

307 2447 353 2520 id,
370 2465 439 2528 quo
455 2448 514 2510 illa
529 2447 789 2517 conficiuntur,
805 2448 949 2510 bomine
965 2449 1105 2524 melius,
1125 2469 1179 2529 ogo
1202 2448 1286 2512 band
1305 2456 1472 2513 cunctanter

305 2568 320 2609 a
336 2568 403 2629 qno
419 2550 475 2612 illa
492 2550 740 2613 conticiuntur
754 2550 881 2630 reposui,
897 2570 992 2631 neque
1005 2551 1205 2614 dubitaturum
1219 2555 1258 2615 de
1269 2552 1363 2615 nutus
1374 2567 1470 2613 emen·

304 2652 430 2713 dationis
441 2652 558 2715 vertute
573 2670 748 2733 quemquam
764 2672 855 2734 posse
870 2653 1020 2733 putabam,
1041 2654 1090 2734 qui
1106 2654 1148 2715 vel
1163 2654 1236 2733 quid
1254 2655 1417 2717 interesset
1429 2653 1473 2715 in-

304 2762 347 2816 ter
361 2762 515 2836 utmmque
536 2764 712 2818 structuram
732 2763 849 2829 nosset,
868 2756 910 2816 rel
931 2757 1193 2836 argumentationis
1205 2757 1298 2832 eins,
1325 2776 1401 2839 quae
1419 2756 1473 2816 hou

304 2857 370 2918 loco
391 2858 580 2939 proponitur,
600 2858 674 2919 viam
696 2858 766 2919 satis
787 2858 966 2921 attendisset.
997 2858 1049 2920 Est
1067 2859 1145 2920 enim
1166 2860 1244 2923 baec
1265 2856 1432 2932 eiusmodi,
1446 2865 1476 2919 nt

305 2978 366 3019 non
382 2960 418 3021 de
432 2960 669 3023 instrumento
684 2960 782 3040 aliquo
797 2980 895 3022 rerum
916 2960 1148 3036 efficiendarum,
1171 2963 1231 3024 scd
1246 2962 1288 3025 de
1301 2964 1370 3044 ipso
1386 2961 1472 3023 elle·

304 3068 402 3122 ctoro
422 3062 608 3141 cogitandum
629 3083 695 3124 esse
715 3071 869 3143 appareat:
889 3064 1055 3124 effectorem
1074 3073 1169 3125 autem
1191 3065 1225 3127 in
1253 3067 1306 3128 tali
1331 3074 1474 3128 structura

303 3181 369 3224 oum
385 3163 474 3225 verbo
489 3164 606 3244 passivo
622 3182 683 3225 non
699 3165 779 3226 nudo
795 3184 865 3227 casu
880 3164 1002 3227 ablativo
1018 3166 1172 3247 designari,
1187 3167 1383 3250 sedsemper
1393 3183 1474 3249 prae-

302 3265 478 3345 positionem
494 3267 621 3330 additam
637 3267 744 3329 babere
759 3267 868 3329 dudum
891 3288 906 3328 a
926 3266 1126 3329 subtilioribus
1146 3270 1362 3348 grammaticis
1378 3270 1476 3331 obser·

301 3375 399 3429 vatum
414 3375 459 3430 est
470 3372 506 3447 ¹).
537 3369 637 3449 ltaque
652 3388 719 3449 quo
736 3368 795 3430 illa
810 3368 1069 3443 coniiciuntur,
1085 3370 1163 3449 quod
1185 3370 1334 3436 Klotzius
1349 3368 1476 3439 retinuil.

301 3489 316 3531 a
333 3468 472 3533 Cicerone
491 3471 579 3533 scribi
600 3489 660 3532 non
681 3471 773 3550 magis
793 3471 851 3532 hoc
872 3470 938 3533 loco
959 3471 1070 3552 potuit,
1097 3490 1187 3551 quam
1212 3475 1321 3554 paullo
1339 3486 1410 3539 ante
1424 3492 1477 3535 res

301 3572 476 3635 caelestes
504 3572 646 3634 bomine
672 3573 806 3635 confici
832 3592 903 3635 non
927 3583 1097 3653 possunt,
1118 3594 1174 3656 pro
1197 3576 1244 3639 ab
1259 3578 1477 3647 homine-‚

300 3675 547 3753 quemadmodum
560 3683 637 3737 recte
651 3674 679 3735 lu
696 3675 833 3737 omnibus
849 3675 998 3738 codicibus
1013 3677 1126 3757 legitur.

384 3777 451 3857 Cap.
468 3777 566 3851 xxtv,
582 3777 621 3839 63
638 3797 728 3857 qurum
744 3778 828 3857 vulgo
846 3776 1035 3840 scriberetur:
1056 3797 1133 3842 nam
1153 3792 1269 3845 uetus
1287 3783 1381 3847 baec
1402 3780 1479 3864 opi·

300 3876 357 3939 nio
384 3878 561 3940 Graeciam
589 3878 760 3959 opplevit,
789 3889 968 3943 exsectum
994 3883 1138 3946 Caelum
1158 3904 1174 3946 a
1198 3887 1290 3949 lilio
1320 3889 1478 3950 Saturno

299 3988 374 4055 cto,
389 3979 521 4043 Davisius
538 3981 606 4043 olim
622 3990 651 4043 et
666 4000 760 4063 nuper
773 3981 903 4045 Klotzius
919 3993 988 4065 post
1003 3986 1161 4066 opplevit
1183 3986 1391 4054 inseruerunt
1410 3987 1478 4052 sci·

304 4157 554 4165 m-m*.-.-
588 4159 595 4165 .

367 4243 390 4307 l)
410 4242 442 4294 cl.
455 4240 536 4293 linita.
548 4243 579 4293 nd
598 4241 701 4292 sutum
719 4239 771 4306 lug.
785 4259 806 4293 c.
819 4242 859 4309 tt,
873 4243 898 4293 3.
933 4243 1059 4296 Nonnulla
1077 4246 1133 4297 bnic
1149 4252 1286 4315 opposuit
1303 4252 1435 4305 uomitu
1455 4250 1478 4300 in

296 4327 385 4379 Annal.
404 4326 522 4395 philolog.
534 4333 561 4378 et
572 4326 676 4394 prodas.
688 4327 740 4377 vol.
753 4326 850 4380 LXXV
865 4327 957 4394 (1857)
971 4345 994 4397 p.
1013 4329 1076 4395 490,
1093 4331 1137 4382 sed
1154 4347 1229 4398 quac
1249 4338 1388 4392 removeri
1405 4334 1477 4390 facilc

297 4413 404 4480 possint.
