3276 5144
707 395 856 495 Q

201 583 297 667 Antip.
306 603 333 647 r.
348 583 419 659 143,
431 584 481 647 uhi
493 584 596 647 hostes
608 576 783 666 πάγχαλκα
794 578 871 669 τέλη
881 582 941 647 lori
950 582 1085 666 'l'ropaeo
1095 582 1249 664 reliquisse
1258 581 1361 645 dicun-

201 686 424 768 tur‚spolia]diei
431 688 563 750 ridemus
571 689 705 752 hostibus
715 689 845 751 detracta
855 684 1146 751 etariotorihusiori
1155 685 1362 760 consecranda,

202 806 278 871 quae
293 791 473 852 consecratio
487 794 567 853 carte
580 807 642 853 non
656 808 759 877 ercana
774 791 840 853 init.
877 790 994 871 Perapti
1008 798 1106 852 auum
1121 788 1153 851 hi
1168 790 1226 850 duo
1243 788 1362 872 Sopho-

199 891 251 955 clis
266 892 322 955 ioci
336 911 401 955 esse
417 894 552 956 videntur
566 894 602 956 ed
618 893 901 967 demonstrandum,
923 912 979 973 qua
994 892 1107 956 ratione
1121 892 1232 954 factum
1252 891 1306 963 sit,
1328 896 1362 954 ut

200 1012 282 1057 sacre
302 994 357 1057 diis
377 996 473 1059 oblata
495 996 583 1059 etiam
598 997 655 1059 hoc
668 993 769 1058 τελῶν
788 996 909 1058 nomine
923 1003 1106 1058 uocarentur.
1137 994 1254 1057 Scilicet
1268 1012 1361 1074 quum

201 1097 348 1178 vectigalia
363 1106 394 1159 et
406 1098 525 1174 tributa,
542 1118 616 1179 quae
632 1099 674 1161 rei
688 1098 820 1181 publicae
834 1099 1013 1180 penduntur,
1027 1098 1115 1178 vulgo
1128 1092 1203 1181 τέλη
1216 1096 1272 1159 dici
1283 1098 1362 1159 sole·

201 1208 277 1273 rent,
294 1200 397 1263 eodem
409 1200 548 1264 vocabulo
564 1203 654 1263 etiam
669 1200 788 1264 donaria
801 1221 837 1264 ac
850 1201 990 1264 sacrificia
1005 1200 1149 1281 designari
1164 1198 1241 1262 haud
1257 1199 1362 1262 incon·

201 1321 306 1383 quum
323 1310 395 1377 erat,
411 1305 648 1385 quandoquidem
664 1304 736 1367 haec
747 1323 866 1385 quoque
876 1311 1018 1386 tanquam
1029 1303 1138 1366 tributa
1149 1303 1293 1384 quaedam
1305 1301 1360 1364 diis

200 1406 300 1468 deberi
317 1406 561 1482 ridebantur21).
595 1407 681 1481 Quod
701 1408 726 1469 si
746 1409 786 1470 ita
807 1414 862 1480 est,
884 1424 995 1469 nomen
1013 1406 1087 1468 itluu
1108 1406 1138 1467 in
1159 1424 1248 1467 omne
1267 1423 1361 1487 genus

200 1509 418 1583 sacrificiorum,
437 1510 498 1572 sive
518 1529 553 1571 ea
572 1510 687 1591 publice
703 1510 763 1571 sive
783 1509 929 1592 privatim,
950 1510 1010 1572 sive
1025 1510 1120 1592 palem
1136 1509 1196 1570 sive
1210 1508 1242 1569 in
1256 1515 1361 1590 operto

199 1612 312 1685 fierent,
334 1611 443 1693 pariter
463 1613 635 1675 convenisse
655 1620 784 1695 apparet.
813 1612 905 1675 Aliter
924 1620 1023 1675 autem
1043 1631 1075 1674 se
1095 1630 1143 1674 res
1158 1609 1247 1672 hahet
1260 1610 1292 1672 in
1307 1630 1358 1673 co·

200 1723 289 1795 gnato
304 1714 445 1777 vocabulo
463 1707 585 1800 τελετή.
614 1715 689 1777 lluic
711 1715 790 1776 enirn
810 1716 896 1777 istam
916 1731 1094 1778 arcanorum
1114 1721 1145 1775 et
1165 1712 1360 1794 mysticorum

198 1834 350 1879 sacrorum
370 1815 612 1896 significationem
632 1818 714 1899 quasi
736 1817 886 1898 propriam
908 1819 1015 1881 iactam
1037 1837 1102 1879 esse
1124 1816 1275 1880 fatendum
1297 1820 1359 1878 est:

201 1935 381 2000 quemqnam
402 1919 492 1982 etiam
512 1920 700 2000 generalioris
725 1919 946 2000 significationis
971 1922 1106 2002 exempla
1131 1919 1360 2000 haudquaquam

199 2021 301 2084 deesse
310 2020 452 2083 videmus.
468 2021 582 2083 Horum
595 2038 688 2083 unum
703 2022 761 2083 iem
772 2021 960 2085 Hermannus
971 2021 1222 2094 commemorarit,
1238 2021 1358 2102 dntiqu

197 2142 272 2188 secr.
295 2129 323 2200 ἦ.
339 2124 390 2198 52,
416 2123 439 2197 L
465 2142 502 2186 er
520 2123 725 2204 Aristophanis
740 2124 829 2186 Ranis
849 2144 875 2186 v.
900 2125 978 2200 370,
1003 2126 1054 2188 ubi
1072 2125 1278 2206 Dionysiorum
1299 2123 1361 2187 ludi

198 2225 306 2290 scenici
327 2219 469 2307 πάτριοι
489 2227 550 2289 τοῦ
565 2220 733 2289 Διονύσου
753 2221 882 2289 vemet
903 2228 1050 2291 dicuntur.
1081 2227 1213 2289 Alterum
1228 2225 1360 2289 eiusdem

198 2337 303 2411 poetae
320 2338 366 2394 est
379 2330 411 2393 in
425 2330 500 2393 Pace
515 2349 541 2391 v.
557 2330 630 2405 415,

598 2461 751 2532 τούτοισι
772 2462 812 2531 dd
834 2468 911 2547 (Soli
924 2476 955 2531 et
969 2469 1081 2546 Lunae)

399 2561 432 2634 oi
453 2564 619 2655 βάρβαροι
639 2565 789 2643 θύουσα,
802 2566 862 2634 διὰ
882 2563 970 2635 τοῦτ’
992 2563 1129 2648 εἰκότως

398 2664 560 2756 βούλοιντ’
584 2662 624 2735 dr
644 2665 731 2753 ὑμᾶς
752 2667 880 2749 πάντας
901 2668 1104 2751 ἐξολωλέναι,

399 2772 454 2840 ἵνα
472 2770 533 2851 τοὶς
551 2770 685 2852 τελετὰς
703 2770 840 2858 λάβοιεν
859 2767 956 2839 αὐτοὶ
975 2772 1040 2839 τῶν
1058 2772 1158 2839 θεῶν.

200 2921 230 2977 et
243 2915 340 2999 paullo
356 2922 434 3000 post,
449 2934 475 2977 v.
488 2912 568 2977 420:

361 3049 418 3117 καὶ
439 3046 495 3116 σοὶ
516 3048 558 3115 ed
580 3042 693 3133 pcydi'
714 3041 808 3135 ἡμεῖς
829 3044 1040 3137 Παναθήναι’
1062 3041 1184 3130 ἕξομεν

363 3150 478 3230 πόσας
497 3174 534 3217 τι
555 3150 615 3230 τὰς
637 3144 740 3229 ἄλλας
759 3148 894 3229 τολιπιλς
913 3150 974 3230 τὰς
993 3150 1059 3217 τῶν
1078 3151 1176 3231 θεῶν,

159 3299 161 3302 ’
199 3296 235 3358 ad
250 3314 340 3378 quem
355 3295 453 3358 locum
470 3293 640 3357 scholiastes
656 3285 912 3378 παρατηρητέον,
934 3293 1039 3374 inquit,
1057 3282 1271 3356 decantent
1287 3288 1359 3367 τὰς

199 3390 347 3473 θυσίας
368 3399 477 3460 κοῖται
498 3387 762 3472 ederedeseie.
800 3395 896 3458 Etiam
919 3396 949 3457 in
968 3395 1071 3476 Vespis
1091 3414 1119 3456 r.
1136 3394 1213 3457 907:

242 3520 271 3596 α’
285 3532 392 3614 γεῖτον
405 3523 496 3609 ιἰἷναξ,
513 3524 792 3615 δοσπότ’Ἅγυιιῦ,
807 3524 932 3614 τούμοῦ
946 3524 1123 3618 προθύρου
1138 3524 1342 3614 προπύλαια,

242 3631 334 3712 δέξαι
347 3630 477 3718 τολοτην
490 3630 613 3720 καινήν,
630 3624 726 3715 ὦναξ,
741 3627 782 3721 ἣν
794 3638 845 3722 τῷ
860 3631 965 3715 πατρὶ
979 3636 1244 3716 καινοτομοῦμεν,

200 3775 237 3839 de
256 3775 371 3839 arcanis
390 3774 481 3837 sacris
501 3792 563 3836 non
583 3774 770 3856 cogitandum
788 3784 842 3838 est.
871 3773 1025 3858 Euripides
1039 3791 1140 3856 porro,
1160 3772 1253 3855 Iphig.
1268 3772 1355 3835 Teuc.

199 3898 226 3942 ν.
242 3879 315 3956 954,
331 3878 382 3941 uhi
397 3878 532 3941 Orestem
548 3878 718 3958 loquentem
732 3878 812 3954 iacit,
845 3870 856 3891 '

199 4048 400 4061 w

266 4151 309 4217 21)
329 4152 371 4203 Sic
387 4154 463 4204 etiem
480 4151 558 4204 lexiei
569 4150 719 4205 Peesovieui
731 4152 869 4205 editoribus
883 4154 965 4206 risum
976 4161 1025 4219 eet,
1037 4161 1098 4207 ton.
1111 4151 1132 4205 ll
1143 4160 1210 4222 pert.
1223 4152 1238 4204 2
1251 4168 1274 4217 p.
1291 4153 1357 4205 1858

199 4237 237 4288 ed.
250 4237 329 4304 quiet.
350 4238 399 4290 Sed
411 4239 535 4291 Herodoti
544 4238 616 4291 loeus
625 4237 644 4303 Ι,
656 4238 713 4302 183,
725 4254 797 4307 quern
806 4240 894 4304 citant,
906 4238 1025 4292 nihilhuc
1032 4239 1156 4309 pertinet:
1169 4254 1225 4290 nen
1234 4233 1268 4290 τιλ
1279 4237 1357 4291 τέλεα

199 4321 234 4372 ihi
247 4338 295 4372 non
307 4323 495 4376 substantivum
506 4333 555 4390 est,
567 4326 611 4377 sed
623 4325 783 4389 ediectivum,
794 4324 812 4377 i
825 4341 848 4393 q.
859 4322 894 4377 τὰ
906 4326 1005 4389 τέλεια,
1021 4325 1246 4393 significanturque
1257 4324 1357 4377 hestiae

198 4405 336 4474 perfectae,
348 4409 470 4477 integrae,
481 4411 564 4465 iustae
576 4411 676 4464 aetatis.
