3164 5138
835 431 874 493 ld

816 525 947 533 -.---...

273 633 332 698 quo
351 635 489 699 egressos
508 617 631 681 navbus
651 617 779 681 Graecos
798 620 906 682 frustra
925 617 1064 699 repellere
1083 616 1181 681 conati
1202 624 1285 691 sunt,
1310 649 1353 662 -
1373 634 1431 698 quo

272 721 429 783 miamine
447 721 642 796 Protesilaus,
663 722 712 801 qui
732 722 847 804 primns
868 721 1001 784 omnium
1021 722 1058 783 do
1075 738 1148 783 nave
1167 719 1295 791 desiluit,
1316 718 1431 782 ocdsus

271 841 339 885 esse
351 822 457 886 dicitur
470 824 506 899 ll,
522 825 594 899 701,
609 859 650 869 -
666 841 720 903 per
733 842 822 886 omne
835 823 980 905 reliquum
995 830 1113 903 tempus
1133 830 1231 885 tantus
1246 823 1341 884 luerat
1355 821 1432 902 apud

273 944 325 987 eos
339 934 436 989 terror
451 934 587 1007 tantaque
601 926 706 988 virium
721 926 892 999 diffidentia,
911 934 944 988 ut
958 925 1081 987 tolerare
1096 924 1282 987 obsidionem
1298 942 1386 1004 quam
1401 922 1431 985 in

272 1045 391 1107 pugnae
410 1027 568 1091 discrimen
588 1048 621 1091 se
641 1029 825 1092 committere
844 1029 971 1091 mallent
1017 1026 1101 1089 Certe
1119 1043 1270 1107 nunquam
1288 1024 1432 1088 universis

271 1129 365 1209 copiis
380 1132 579 1194 conflictatum
594 1140 654 1205 est,
668 1150 777 1213 paucae
792 1133 919 1194 fortasse
933 1151 987 1212 per
1001 1130 1187 1194 occasionem
1201 1149 1236 1191 ex
1254 1129 1328 1191 urbe
1342 1146 1431 1209 crop-

273 1231 367 1295 tioues
382 1234 486 1310 iactae,
501 1253 592 1314 quum
607 1234 719 1307 Graeci,
735 1242 938 1314 praeterquam
953 1235 1033 1316 quod
1048 1233 1113 1296 illos
1129 1232 1270 1295 obsessos
1287 1230 1431 1303 tenebant,

273 1333 376 1398 crebro
402 1336 487 1398 etiam
517 1336 737 1417 longinquiores
762 1337 951 1400 excursiones
977 1345 1040 1400 tuto
1067 1335 1250 1417 susciperent
1278 1333 1432 1413 sonasque

272 1436 359 1499 orbes
378 1448 590 1520 expugnarent,
609 1440 640 1501 iu
659 1439 766 1520 quibus
785 1439 917 1513 Thebas,
935 1441 1112 1521 Lyrnesum,
1131 1437 1278 1499 Pedesum
1304 1435 1432 1515 aliasque

272 1557 332 1601 nou
348 1558 465 1619 paucas.
509 1540 583 1604 Narn
597 1549 658 1603 tres
673 1548 702 1603 ct
715 1541 815 1620 viginti
834 1561 850 1603 a
866 1561 898 1603 se
913 1550 1013 1623 captas
1027 1548 1056 1602 et
1075 1539 1204 1620 direptas
1225 1556 1293 1601 esse
1307 1537 1432 1600 smiles

271 1641 410 1721 gloriatm
424 1642 472 1717 tx,
487 1643 558 1706 328.
603 1643 687 1706 Unde
702 1644 791 1723 igitur
810 1661 889 1706 nunc
903 1645 976 1706 haec
990 1641 1085 1706 subita
1100 1638 1241 1704 audadal
1285 1638 1432 1702 Ridebuut

273 1743 349 1806 band
365 1744 453 1808 dubie
467 1745 551 1809 mrrlti
570 1746 614 1807 sic
636 1754 836 1826 quaerentem,
855 1753 890 1808 nt
909 1745 1035 1825 quinon
1054 1743 1245 1826 perspiciam,
1259 1742 1289 1804 id
1304 1741 1384 1822 quod
1399 1743 1429 1805 in

271 1853 373 1924 aperto
388 1846 436 1919 sit,
452 1857 536 1909 antea
550 1847 694 1909 Troianos
714 1856 795 1911 metu
809 1848 927 1912 tetius
942 1846 1095 1929 perculsos
1110 1844 1267 1909 moenibus
1287 1863 1319 1907 se
1334 1844 1430 1908 couti·

271 1948 382 2023 nuisse,
396 1966 476 2011 nnnc
489 1956 597 2022 autem,
613 1949 671 2012 boc
684 1959 766 2013 metu
780 1951 916 2031 dempto,
930 1967 993 2012 non
1006 1948 1132 2029 amplius
1147 1955 1295 2010 conamen
1316 1948 1430 2010 detrec-

272 2052 382 2127 tare⁴).
428 2049 478 2113 Sic
495 2051 574 2112 enim
594 2067 657 2111 nou
677 2051 775 2113 solum
794 2050 932 2114 Achillem
947 2050 1121 2130 gloriantem
1136 2049 1271 2112 andimus
1291 2047 1340 2120 lll,
1360 2046 1431 2121 352,

271 2153 322 2215 sed
349 2154 540 2217 confirmatur
564 2173 613 2216 res
638 2154 726 2216 etiam
749 2153 871 2216 lunonis
897 2160 927 2215 et
951 2153 1079 2233 Neptuni
1104 2151 1281 2215 testimoniis
1307 2151 1339 2226 V,
1359 2148 1431 2213 788.

225 2271 256 2321 tn
274 2253 349 2327 Xlll,
378 2256 448 2329 105,
478 2256 633 2337 ipsiusque
657 2255 888 2335 Agamemnonis
920 2263 1142 2335 mimorumque
1165 2253 1332 2335 principum
1357 2270 1431 2315 oon-

271 2357 399 2419 lessione
414 2356 462 2431 itt
480 2358 540 2420 116
555 2358 677 2439 aliisque
691 2358 773 2420 locis.
807 2358 882 2421 Nolo
898 2375 1045 2438 quaerere,
1061 2375 1113 2419 cur
1126 2374 1164 2417 ne
1178 2356 1298 2418 meante
1312 2354 1431 2434 quidem

271 2458 302 2520 in
321 2459 556 2538 expeditionibus
574 2460 684 2523 Achille
702 2462 852 2524 decertare
876 2479 944 2523 cum
963 2459 999 2520 iis
1019 2458 1084 2520 ausi
1104 2458 1175 2530 siut,
1200 2456 1250 2538 qui
1270 2458 1300 2519 iu
1326 2456 1432 2518 castris

272 2560 496 2624 remansissent:
516 2580 584 2625 nom
604 2563 782 2644 responderi
800 2562 919 2643 poterit,
938 2560 1099 2624 nescivisse
1112 2579 1178 2633 eos,
1199 2568 1298 2623 utrum
1317 2559 1432 2622 abesset

272 2664 319 2725 ille
333 2683 370 2726 an
386 2682 461 2737 non,
477 2682 559 2728 nunc
572 2673 670 2729 autem
686 2667 824 2730 certiores
839 2667 932 2729 laotos
947 2666 984 2728 de
997 2666 1061 2728 eius
1076 2663 1117 2726 ira
1136 2672 1227 2743 utque
1241 2662 1387 2725 abstinere
1401 2662 1431 2723 in

272 2773 366 2828 totum
386 2766 461 2829 bello
483 2767 654 2839 denotent,
673 2768 802 2848 reliquos
822 2768 959 2829 uoniam
978 2764 1197 2848 pertimescere.
1242 2765 1319 2827 Sane
1339 2764 1382 2825 sic
1398 2772 1433 2826 ut

272 2876 417 2930 statuatur
431 2868 530 2931 omnis
545 2869 719 2931 oeconomia
735 2867 872 2930 carminis
887 2867 1009 2947 flagitat3
1023 2867 1090 2937 sed,
1105 2864 1163 2927 nisi
1179 2865 1273 2939 lallor,
1287 2865 1434 2945 llagiubat

271 2987 332 3032 nou
353 2969 451 3031 minus
477 2969 547 3031 artis
565 2969 623 3044 lex,
648 2977 682 3032 ut
699 2968 728 3031 id
751 2967 838 3031 etiam
858 2968 1014 3042 dicoretur,
1039 2986 1135 3048 neque
1159 2967 1368 3030 incommodus
1395 2968 1432 3030 ad

271 3070 428 3133 dicendum
456 3070 539 3132 locus
567 3078 629 3133 erat
656 3070 687 3133 in
712 3069 798 3132 lm'dis
827 3069 972 3142 oratione,
1001 3086 1093 3149 quum
1123 3088 1156 3131 ea
1182 3069 1264 3131 lovis
1293 3070 1431 3134 mandato

272 3172 416 3235 Troianos
436 3172 554 3235 Graecis
574 3171 688 3234 obviarn
709 3171 752 3232 ire
771 3171 865 3245 iubet,
883 3170 924 3243 ll,
944 3170 1122 3235 uno-806.
1166 3171 1251 3233 Nunc
1264 3181 1361 3235 autom
1374 3173 1431 3235 itis

272 3274 344 3337 nibil
368 3274 425 3337 uisi
440 3274 636 3337 incredibilem
655 3272 788 3335 hostium
802 3273 1019 3337 multitudinem
1034 3280 1195 3347 memorat,
1216 3291 1289 3354 quae
1308 3292 1355 3337 res
1370 3283 1432 3338 ter·

272 3396 369 3438 rorem
390 3376 489 3457 potius
511 3375 646 3437 Troianis
667 3391 755 3454 quarn
778 3374 893 3437 animos
916 3376 1023 3439 addere
1048 3375 1183 3439 debuisse
1209 3376 1335 3451 videtum
1361 3377 1432 3441 illud

272 3486 390 3552 oonua,
410 3495 469 3557 quo
483 3495 545 3539 uno
564 3476 639 3539 haec
656 3475 774 3538 insolita
794 3478 829 3538 ad
853 3478 1059 3540 decertandum
1075 3478 1193 3540 audacia
1208 3478 1354 3541 credibilis
1368 3478 1431 3541 llari

272 3581 381 3661 potuit,
406 3597 445 3640 ne
463 3578 553 3641 verbo
580 3578 699 3658 quidem
724 3579 826 3659 tangit
870 3579 1059 3643 Retieoutiam
1086 3579 1174 3659 igitur
1199 3588 1304 3661 poetae
1326 3581 1357 3643 in
1376 3582 1434 3645 bac

272 3691 354 3764 parta
373 3680 546 3743 narrationis
566 3698 654 3742 nemo
674 3699 736 3744 non
757 3682 865 3762 poterit
883 3698 1053 3762 agnoscere,
1077 3700 1171 3762 nequo
1193 3684 1345 3746 debiturus
1365 3702 1434 3746 esse

273 3785 375 3858 credo,
394 3782 444 3863 qui
464 3783 540 3846 hauc
558 3801 620 3846 non
640 3784 732 3846 modo
747 3803 812 3847 nou
825 3785 1002 3858 mirandam,
1016 3784 1081 3851 sed.
1097 3785 1123 3846 si
1137 3785 1212 3866 ipsis
1226 3785 1265 3847 ita
1279 3785 1432 3867 placuerit,

272 3886 358 3948 etiam
370 3885 544 3948 uodmdam
555 3905 621 3949 esse
632 3887 798 3950 rationibus
812 3886 935 3949 acutulis
950 3887 1161 3950 tenemusne
1191 3888 1309 3949 interim
1324 3894 1433 3959 tamen,

272 3989 367 4049 donec
378 3987 492 4049 veriora
507 3987 629 4050 edoctus
644 3991 740 4063 luero,
752 3989 895 4070 profiteor
908 3988 1043 4069 equidem
1058 3990 1135 4052 banc
1148 3989 1221 4052 rnibi
1232 3990 1431 4052 narrationem

272 4107 333 4152 non
349 4091 393 4152 sie
406 4098 440 4151 ut
452 4108 506 4171 par
520 4097 583 4153 erat
596 4091 633 4152 ad
648 4091 788 4171 reliquam
809 4090 948 4154 carrninis
963 4092 1165 4155 oeconomiam
1180 4091 1432 4155 accommodatam

272 4192 368 4265 videri,
383 4192 434 4254 sed
449 4193 575 4273 prodere
590 4193 676 4254 alium
692 4201 822 4273 poetam,
838 4193 884 4255 cui
898 4209 960 4256 uon
970 4194 1081 4267 eadem,
1096 4213 1182 4275 quam
1198 4212 1289 4274 supra
1298 4193 1432 4274 descrip-

340 4417 365 4480 ι)
384 4417 721 4484 circumseptos.
