3154 5138
833 387 896 452 tot

284 590 359 648 esse,
373 571 434 636 boc
442 572 576 653 profecto
585 572 641 635 ista
651 572 764 637 ratione
773 588 836 635 non
846 571 1076 635 demerebatur.
1100 571 1172 635 Nam
1184 589 1339 653 quousque
1350 588 1442 652 qnae-

285 692 343 755 que
355 674 452 755 lingua
466 674 497 738 in
513 675 656 739 dilatanda
672 674 828 738 verbumm
837 673 1051 753 significatione
1061 682 1091 737 et
1099 676 1158 738 huc
1168 682 1254 756 utque
1265 674 1332 737 illue
1342 684 1443 737 unns·

285 778 403 843 tuenda
418 779 610 860 processerit,
628 795 689 839 non
705 778 741 841 ad
761 776 882 841 aliarum
902 776 1066 856 linguonum
1085 777 1318 854 similitudinem,
1336 777 1388 840 sed
1408 797 1444 839 ex

285 880 347 945 eius
368 880 463 963 ipsium
480 898 539 945 usu
557 889 586 943 et
604 879 810 943 observatione
829 878 916 942 statari
936 878 1033 953 debet,
1057 898 1153 962 neque
1172 882 1331 962 quidquam
1350 880 1444 959 magis

287 984 446 1049 carendum
462 983 662 1064 graunnratico,
678 1002 766 1065 quant
781 1001 829 1056 ne,
844 982 925 1062 quod
939 982 1068 1062 potuerit
1081 984 1206 1047 fortasse
1220 983 1286 1058 dici,
1302 983 1442 1046 rontium

286 1086 373 1149 etiam
388 1084 497 1149 dicun
513 1105 581 1151 esse
594 1085 702 1149 medat
730 1084 807 1147 Sunt
821 1084 938 1166 quidem
954 1102 970 1145 a
985 1083 1086 1148 Beiero
1101 1086 1188 1149 etium
1202 1085 1335 1166 exempla
1354 1103 1444 1166 quae·

286 1188 354 1252 dam
373 1187 497 1269 profau,
516 1188 543 1251 si
561 1188 661 1251 uolnus
680 1187 773 1268 ipsius
793 1185 872 1249 rubi
890 1185 1075 1266 significo,
1097 1197 1127 1249 at
1149 1185 1322 1250 substantivi
1345 1193 1445 1248 umen

287 1290 524 1370 significatio,
539 1290 646 1370 quibus
660 1291 748 1352 bum
762 1286 1031 1368 interpretationem
1045 1289 1167 1353 stabiliri
1180 1296 1308 1370 pulsnm
1323 1288 1375 1351 sed
1386 1287 1445 1349 bo·

286 1410 354 1455 rum
368 1392 571 1472 exemqtlorum
585 1392 629 1455 vis
643 1393 680 1455 ad
695 1390 881 1471 probandum
896 1389 973 1451 nulle
988 1398 1044 1453 est.
1068 1392 1171 1455 Attulit
1180 1401 1277 1455 anum
1286 1392 1359 1454 baec
1369 1389 1446 1452 duo:

286 1494 344 1557 Cic.
366 1495 402 1557 de
416 1493 499 1557 (illic
524 1495 551 1567 1,
576 1494 622 1568 15,
642 1493 698 1555 46:
718 1492 895 1555 neminem
916 1492 1062 1556 omnino
1081 1514 1161 1557 esse
1179 1493 1446 1575 negligendum,

239 1607 270 1658 13
289 1597 324 1659 iu
346 1615 414 1678 quo
435 1594 553 1677 aliqua
572 1594 798 1675 significatio
817 1594 960 1657 virtutis
980 1595 1038 1658 sit.
1057 1605 1088 1659 et
1104 1597 1152 1673 lll,
1173 1599 1221 1672 11,
1240 1597 1296 1659 47:
1321 1604 1447 1658 nostra

286 1697 491 1779 respublica
505 1732 548 1744 -
562 1697 739 1761 Cannensi
754 1696 952 1761 calamitate
969 1707 1114 1779 accepta
1136 1699 1289 1762 maiores
1308 1699 1447 1762 animos

287 1800 426 1874 babuit,
444 1816 546 1881 quam
561 1816 712 1880 unquam
731 1797 838 1863 rebus
857 1798 1039 1862 secundis:
1058 1801 1155 1864 nulla
1173 1800 1316 1863 timoris
1335 1799 1448 1879 signi·

287 1903 428 1980 ficatio,
443 1901 539 1964 nulla
553 1899 687 1963 mentio
702 1899 812 1981 pacis.
839 1899 897 1963 Sed
912 1900 970 1963 boc
984 1902 1377 1983 quidemlocomanifestum
1390 1911 1449 1973 est,

289 2005 362 2069 nibil
376 2004 454 2071 aliud
467 2002 538 2077 dici,
557 2003 615 2067 nisi
630 2003 743 2066 nulbrm
757 2000 873 2067 uncus
889 2003 1007 2084 signum
1021 2004 1131 2068 editum
1152 2024 1230 2081 esse,
1249 2004 1321 2067 nibil
1335 2003 1448 2067 mum

290 2117 341 2170 ant
360 2107 483 2181 fectum,
504 2105 583 2185 quod
606 2104 743 2167 timorem
765 2104 948 2182 signiticaret.
986 2108 1058 2171 item
1080 2106 1111 2170 in
1132 2107 1222 2170 ultera
1243 2106 1310 2169 loeo
1332 2105 1449 2186 aliqua

291 2207 513 2291 significatio
528 2206 673 2270 virtutis
688 2206 766 2269 idem
782 2216 828 2269 est
841 2207 919 2270 baud
934 2208 1029 2284 dubie,
1044 2219 1133 2290 atque
1145 2210 1341 2292 aliquidquod
1354 2210 1450 2272 virtu-

289 2320 346 2374 tem
362 2311 393 2373 iu
408 2310 529 2373 bomine
544 2328 613 2372 esse
626 2309 784 2389 significet,
804 2309 833 2371 b.
849 2329 874 2371 e.
889 2311 969 2373 uude
984 2312 1137 2388 coniicias,
1156 2313 1263 2394 aliquid
1280 2313 1311 2375 in
1332 2331 1367 2374 eo
1387 2313 1450 2375 rir-

290 2415 359 2479 tutis
374 2432 452 2476 esse.
479 2411 590 2475 liddam
607 2412 671 2492 ipse
685 2411 802 2475 tertium
816 2412 929 2488 locum,
944 2414 982 2477 de
994 2414 1049 2478 (lli.
1065 2416 1087 2491 l,
1102 2416 1154 2491 ³6,
1172 2415 1246 2478 131:
1266 2415 1450 2479 anhelitus

288 2525 491 2591 morentur,
510 2516 630 2581 vultus
645 2521 840 2590 mutantur,
860 2535 921 2581 ora
934 2525 1159 2599 torquentur,
1178 2537 1217 2581 ex
1234 2517 1363 2599 quibus
1378 2536 1451 2579 ma-

289 2638 354 2700 gna
369 2620 590 2700 significatio
605 2619 661 2693 fit,
682 2635 754 2679 nou
768 2618 897 2682 adesse
910 2621 1158 2684 constantiam
1174 2621 1202 2684 lt
1218 2641 1244 2683 e
1259 2620 1366 2700 quibus
1381 2627 1449 2682 tan·

289 2741 374 2806 quam
391 2723 483 2805 signis
499 2722 669 2786 certissimis
683 2722 742 2784 boc
757 2722 929 2798 ostenditur,
944 2742 1007 2787 non
1021 2723 1125 2787 adesm
1139 2722 1344 2787 constantiam.
1370 2721 1452 2784 Nitril

290 2826 377 2907 igitnr
390 2825 483 2889 biset
500 2826 642 2889 sinilibus
662 2824 802 2905 exemplis
822 2825 1016 2889 demonstrari
1035 2835 1149 2907 potest,
1168 2824 1240 2899 nisi,
1259 2825 1339 2906 quod
1357 2842 1450 2887 nemo

289 2927 412 3002 dubitat,
426 2926 668 3008 significationem
682 2926 803 2989 ubeuius
818 2928 860 2990 rei
871 2928 936 3003 dici,
951 2948 1041 3011 quum
1053 2927 1147 3010 siguis
1158 2927 1334 3010 quemdem
1346 2935 1450 2990 estm-

290 3030 389 3103 datur,
406 3048 469 3093 mm
484 3049 548 3093 eam
568 3029 686 3105 adesse3
704 3031 741 3092 de
757 3029 862 3093 umbra
880 3037 977 3094 autem
995 3031 1038 3095 rei
1058 3039 1087 3094 et
1104 3030 1243 3111 berghe,
1266 3037 1301 3092 ut
1314 3028 1449 3111 Wytteu·

289 3131 426 3206 bachim,
446 3140 496 3194 aut
509 3132 546 3194 de
558 3131 614 3194 levi
633 3132 787 3195 alledione
806 3140 834 3196 et
853 3133 1029 3213 quibusdem
1047 3134 1131 3216 quasi
1151 3131 1332 3213 praenuntiis
1350 3130 1450 3194 morbi

290 3233 468 3297 aduenientis
483 3234 788 3316 significationem
804 3236 860 3301 diei
875 3235 1001 3311 solitam,
1015 3236 1046 3298 id
1060 3254 1156 3317 neque
1170 3236 1226 3298 ista
1239 3235 1383 3316 menapia,
1396 3252 1449 3297 ne·

291 3352 348 3415 que
362 3334 429 3409 alia,
443 3343 475 3398 ut
491 3335 611 3416 opinor,
628 3337 744 3402 docent.
771 3339 816 3402 lld
828 3346 966 3402 nostrum
982 3346 1079 3402 autern
1093 3340 1191 3402 locam
1209 3350 1243 3403 ut
1261 3348 1450 3414 mammon

291 3435 418 3517 loquitur
432 3436 473 3498 ibi
486 3436 608 3500 Velleius
623 3437 660 3500 de
674 3458 708 3502 ee
722 3442 870 3516 molestia,
884 3460 943 3522 qna
956 3441 1084 3521 rigentes
1098 3450 1151 3503 aut
1164 3443 1300 3505 ardentes
1314 3442 1449 3505 afficiun-

292 3550 354 3614 tur·,
372 3537 534 3619 rigentibus
553 3547 653 3603 autem
672 3548 723 3605 aut
740 3544 910 3608 ardentibus
926 3561 989 3607 non
1007 3545 1079 3617 boc,
1105 3545 1183 3624 quod
1204 3545 1288 3625 signa
1305 3546 1448 3626 quaedam

291 3641 469 3705 advenientis
482 3641 597 3706 ardoris
611 3644 781 3725 astrigeris
795 3647 936 3722 existunt,
954 3647 1006 3709 sed
1022 3646 1093 3709 illud
1107 3646 1208 3728 ipsum
1222 3648 1388 3711 andraeam
1407 3647 1450 3710 ri·

291 3763 359 3824 gere
372 3745 531 3807 molestum
546 3754 592 3807 est
607 3752 613 3790 ¹
629 3748 679 3825 st).

374 3846 410 3911 ln
423 3847 527 3910 eodem
542 3848 637 3929 cupite
650 3849 677 3912 X
696 3860 766 3931 pest
780 3852 867 3915 verba
886 3869 975 3932 supra
990 3850 1137 3934 adscripta
1151 3852 1339 3916 continuetur
1352 3852 1447 3915 oratio

291 3951 350 4013 boc
367 3951 473 4012 modo:
496 3944 607 4015 'ferra
626 3952 718 4015 enini
737 3957 919 4035 profecte,
945 3956 1115 4037 quonium
1138 3974 1221 4037 pars
1239 3954 1358 4018 mundi
1379 3963 1446 4029 est,

291 4071 374 4134 pars
389 4060 444 4115 est
457 4051 561 4117 etiam
578 4055 642 4117 dei.
664 4056 768 4136 Atqui
780 4059 1074 4121 terraemaximas
1085 4058 1251 4139 regiones
1266 4057 1445 4121 inhabita·

292 4212 344 4220 μ..-
352 4212 561 4219 --..-«.--—--·-...
571 4210 586 4218 α

361 4296 389 4347 11
398 4297 422 4361 b)
442 4296 658 4361 significetur
669 4293 732 4349 ferri
744 4312 793 4349 non
805 4314 881 4367 posse
893 4300 1022 4354 intellexit
1034 4301 1110 4355 etiam
1118 4297 1290 4353 [aetenum
1301 4300 1334 4351 sd
1345 4298 1445 4351 bucret

290 4399 315 4450 p.
329 4380 391 4433 tet:
404 4383 458 4450 ipse
470 4389 554 4434 autem
566 4382 613 4433 sic
625 4382 781 4436 incitetur
792 4386 949 4439 scribendum
961 4395 1040 4455 putat
