<?xml version="1.0" encoding="UTF-8"?>
<!DOCTYPE html PUBLIC "-//W3C//DTD XHTML 1.0 Transitional//EN"
    "http://www.w3.org/TR/xhtml1/DTD/xhtml1-transitional.dtd">
<html xmlns="http://www.w3.org/1999/xhtml" xml:lang="en" lang="en">
 <head>
  <title>
</title>
<meta http-equiv="Content-Type" content="text/html;charset=utf-8" />
  <meta name='ocr-system' content='tesseract 3.04.00' />
  <meta name='ocr-capabilities' content='ocr_page ocr_carea ocr_par ocr_line ocrx_word'/>
</head>
<body>
  <div class='ocr_page' id='page_1' title='image "./opusculaacademi00schogoog_0251.png"; bbox 0 0 3178 5136; ppageno 0'>
   <div class='ocr_carea' id='block_1_1' title="bbox 875 412 938 481">
    <p class='ocr_par' dir='ltr' id='par_1_1' title="bbox 875 412 938 481">
     <span class='ocr_line' id='line_1_1' title="bbox 875 412 938 481; baseline -0.032 0"><span class='ocrx_word' id='word_1_1' title='bbox 875 412 938 481; x_wconf 78' lang='lat'><strong><em>238</em></strong></span> 
     </span>
    </p>
   </div>
   <div class='ocr_carea' id='block_1_2' title="bbox 267 600 1497 4473">
    <p class='ocr_par' dir='ltr' id='par_1_2' title="bbox 267 600 1497 4473">
     <span class='ocr_line' id='line_1_2' title="bbox 324 600 1469 683; baseline 0.003 -21"><span class='ocrx_word' id='word_1_2' title='bbox 324 604 500 663; x_wconf 68' lang='lat' dir='ltr'><strong><em>mercaturis</em></strong></span> <span class='ocrx_word' id='word_1_3' title='bbox 512 618 576 663; x_wconf 81' lang='lat' dir='ltr'><strong><em>rara</em></strong></span> <span class='ocrx_word' id='word_1_4' title='bbox 586 616 734 682; x_wconf 80' lang='lat' dir='ltr'><strong><em>qumrere,</em></strong></span> <span class='ocrx_word' id='word_1_5' title='bbox 747 604 782 663; x_wconf 81' lang='lat' dir='ltr'><strong><em>ai</em></strong></span> <span class='ocrx_word' id='word_1_6' title='bbox 790 611 851 664; x_wconf 84' lang='lat' dir='ltr'><strong><em>tam</em></strong></span> <span class='ocrx_word' id='word_1_7' title='bbox 861 601 1060 683; x_wconf 62' lang='lat' dir='ltr'><strong><em>penestarum</em></strong></span> <span class='ocrx_word' id='word_1_8' title='bbox 1073 604 1140 678; x_wconf 80' lang='lat' dir='ltr'><strong><em>aict,·</em></strong></span> <span class='ocrx_word' id='word_1_9' title='bbox 1154 609 1184 665; x_wconf 91' lang='lat' dir='ltr'><strong><em>et</em></strong></span> <span class='ocrx_word' id='word_1_10' title='bbox 1192 600 1288 681; x_wconf 82' lang='lat' dir='ltr'><strong><em>paulo</em></strong></span> <span class='ocrx_word' id='word_1_11' title='bbox 1300 613 1380 681; x_wconf 90' lang='lat' dir='ltr'><strong><em>post:</em></strong></span> <span class='ocrx_word' id='word_1_12' title='bbox 1394 621 1469 665; x_wconf 85' lang='lat' dir='ltr'><strong><em>mar-</em></strong></span> 
     </span>
     <span class='ocr_line' id='line_1_3' title="bbox 326 704 1470 786; baseline 0.003 -21"><span class='ocrx_word' id='word_1_13' title='bbox 326 714 452 765; x_wconf 86' lang='lat' dir='ltr'><strong><em>catoreat</em></strong></span> <span class='ocrx_word' id='word_1_14' title='bbox 464 713 559 767; x_wconf 85' lang='lat' dir='ltr'><strong><em>autern</em></strong></span> <span class='ocrx_word' id='word_1_15' title='bbox 573 713 723 766; x_wconf 76' lang='lat' dir='ltr'><strong><em>ammaum</em></strong></span> <span class='ocrx_word' id='word_1_16' title='bbox 733 704 946 785; x_wconf 62' lang='lat' dir='ltr'><strong><em>annonamque</em></strong></span> <span class='ocrx_word' id='word_1_17' title='bbox 956 708 1003 767; x_wconf 83' lang='lat' dir='ltr'><strong><em>ret</em></strong></span> <span class='ocrx_word' id='word_1_18' title='bbox 1011 704 1193 786; x_wconf 72' lang='lat' dir='ltr'><strong><em>quaerendae</em></strong></span> <span class='ocrx_word' id='word_1_19' title='bbox 1204 706 1350 779; x_wconf 72' lang='lat' dir='ltr'><strong><em>caiatiam</em></strong></span> <span class='ocrx_word' id='word_1_20' title='bbox 1364 722 1470 779; x_wconf 76' lang='lat' dir='ltr'><strong><em>vemat,</em></strong></span> 
     </span>
     <span class='ocr_line' id='line_1_4' title="bbox 325 804 1471 887; baseline 0.002 -20"><span class='ocrx_word' id='word_1_21' title='bbox 325 815 358 867; x_wconf 86' lang='lat' dir='ltr'><strong><em>at</em></strong></span> <span class='ocrx_word' id='word_1_22' title='bbox 378 822 471 887; x_wconf 81' lang='lat' dir='ltr'><strong><em>supra</em></strong></span> <span class='ocrx_word' id='word_1_23' title='bbox 491 807 568 877; x_wconf 77' lang='lat' dir='ltr'><strong><em>acer,</em></strong></span> <span class='ocrx_word' id='word_1_24' title='bbox 588 804 788 886; x_wconf 72' lang='lat' dir='ltr'><strong><em>periculosam</em></strong></span> <span class='ocrx_word' id='word_1_25' title='bbox 812 817 839 869; x_wconf 88' lang='lat' dir='ltr'><strong><em>ct</em></strong></span> <span class='ocrx_word' id='word_1_26' title='bbox 857 806 1065 870; x_wconf 64' lang='lat' dir='ltr'><strong><em>calaamomm</em></strong></span> <span class='ocrx_word' id='word_1_27' title='bbox 1098 806 1264 870; x_wconf 84' lang='lat' dir='ltr'><strong><em>Crediditne</em></strong></span> <span class='ocrx_word' id='word_1_28' title='bbox 1283 805 1369 887; x_wconf 80' lang='lat' dir='ltr'><strong><em>igitur</em></strong></span> <span class='ocrx_word' id='word_1_29' title='bbox 1392 807 1471 869; x_wconf 86' lang='lat' dir='ltr'><strong><em>talem</em></strong></span> 
     </span>
     <span class='ocr_line' id='line_1_5' title="bbox 327 899 1473 994; baseline 0.001 -24"><span class='ocrx_word' id='word_1_30' title='bbox 327 909 473 988; x_wconf 89' lang='lat' dir='ltr'><strong><em>quandam</em></strong></span> <span class='ocrx_word' id='word_1_31' title='bbox 487 908 662 971; x_wconf 88' lang='lat' dir='ltr'><strong><em>sententiam</em></strong></span> <span class='ocrx_word' id='word_1_32' title='bbox 677 908 766 971; x_wconf 89' lang='lat' dir='ltr'><strong><em>etiam</em></strong></span> <span class='ocrx_word' id='word_1_33' title='bbox 781 908 812 971; x_wconf 91' lang='lat' dir='ltr'><strong><em>in</em></strong></span> <span class='ocrx_word' id='word_1_34' title='bbox 827 908 921 971; x_wconf 83' lang='lat' dir='ltr'><strong><em>verbis</em></strong></span> <span class='ocrx_word' id='word_1_35' title='bbox 937 899 996 972; x_wconf 80' lang='grc' dir='ltr'><strong><em>οὐκ</em></strong></span> <span class='ocrx_word' id='word_1_36' title='bbox 1011 899 1166 994; x_wconf 73' lang='grc' dir='ltr'><strong><em>εὕκληρον</em></strong></span> <span class='ocrx_word' id='word_1_37' title='bbox 1180 905 1300 973; x_wconf 75' lang='lat' dir='ltr'><strong><em>inesse?</em></strong></span> <span class='ocrx_word' id='word_1_38' title='bbox 1329 907 1398 971; x_wconf 88' lang='lat' dir='ltr'><strong><em>llihi</em></strong></span> <span class='ocrx_word' id='word_1_39' title='bbox 1412 908 1473 988; x_wconf 84' lang='lat' dir='ltr'><strong><em>qui·</em></strong></span> 
     </span>
     <span class='ocr_line' id='line_1_6' title="bbox 325 1010 1472 1092; baseline -0.001 -19"><span class='ocrx_word' id='word_1_40' title='bbox 325 1011 392 1073; x_wconf 90' lang='lat' dir='ltr'><strong><em>dem</em></strong></span> <span class='ocrx_word' id='word_1_41' title='bbox 407 1027 470 1073; x_wconf 89' lang='lat' dir='ltr'><strong><em>non</em></strong></span> <span class='ocrx_word' id='word_1_42' title='bbox 484 1010 538 1073; x_wconf 80' lang='lat' dir='ltr'><strong><em>alia</em></strong></span> <span class='ocrx_word' id='word_1_43' title='bbox 557 1010 644 1073; x_wconf 91' lang='lat' dir='ltr'><strong><em>huius</em></strong></span> <span class='ocrx_word' id='word_1_44' title='bbox 660 1010 790 1073; x_wconf 83' lang='lat' dir='ltr'><strong><em>adiectiri</em></strong></span> <span class='ocrx_word' id='word_1_45' title='bbox 812 1010 985 1091; x_wconf 74' lang='lat' dir='ltr'><strong><em>significatio</em></strong></span> <span class='ocrx_word' id='word_1_46' title='bbox 1005 1021 1155 1092; x_wconf 90' lang='lat' dir='ltr'><strong><em>comperta</em></strong></span> <span class='ocrx_word' id='word_1_47' title='bbox 1175 1022 1229 1086; x_wconf 87' lang='lat' dir='ltr'><strong><em>est,</em></strong></span> <span class='ocrx_word' id='word_1_48' title='bbox 1248 1010 1306 1073; x_wconf 90' lang='lat' dir='ltr'><strong><em>nisi</em></strong></span> <span class='ocrx_word' id='word_1_49' title='bbox 1320 1018 1353 1073; x_wconf 90' lang='lat' dir='ltr'><strong><em>ut</em></strong></span> <span class='ocrx_word' id='word_1_50' title='bbox 1366 1010 1403 1072; x_wconf 90' lang='lat' dir='ltr'><strong><em>sit</em></strong></span> <span class='ocrx_word' id='word_1_51' title='bbox 1416 1010 1433 1071; x_wconf 93' lang='lat' dir='ltr'><strong><em>i.</em></strong></span> <span class='ocrx_word' id='word_1_52' title='bbox 1447 1030 1472 1091; x_wconf 89' lang='lat' dir='ltr'><strong><em>q.</em></strong></span> 
     </span>
     <span class='ocr_line' id='line_1_7' title="bbox 323 1113 1476 1194; baseline 0.003 -20"><span class='ocrx_word' id='word_1_53' title='bbox 323 1115 506 1194; x_wconf 75' lang='lat' dir='ltr'><strong><em>fortunatus,</em></strong></span> <span class='ocrx_word' id='word_1_54' title='bbox 523 1129 670 1194; x_wconf 79' lang='lat' dir='ltr'><strong><em>prospera</em></strong></span> <span class='ocrx_word' id='word_1_55' title='bbox 683 1115 807 1194; x_wconf 78' lang='lat' dir='ltr'><strong><em>fortuna</em></strong></span> <span class='ocrx_word' id='word_1_56' title='bbox 820 1113 944 1190; x_wconf 70' lang='lat' dir='ltr'><strong><em>floram</em></strong></span> <span class='ocrx_word' id='word_1_57' title='bbox 959 1121 1155 1176; x_wconf 86' lang='lat' dir='ltr'><strong><em>mercaturam</em></strong></span> <span class='ocrx_word' id='word_1_58' title='bbox 1169 1122 1281 1188; x_wconf 74' lang='lat' dir='ltr'><strong><em>auten,</em></strong></span> <span class='ocrx_word' id='word_1_59' title='bbox 1295 1131 1414 1193; x_wconf 88' lang='lat' dir='ltr'><strong><em>eamque</em></strong></span> <span class='ocrx_word' id='word_1_60' title='bbox 1427 1130 1476 1193; x_wconf 84' lang='lat' dir='ltr'><strong><em>per</em></strong></span> 
     </span>
     <span class='ocr_line' id='line_1_8' title="bbox 324 1214 1474 1296; baseline -0.001 -19"><span class='ocrx_word' id='word_1_61' title='bbox 324 1234 428 1277; x_wconf 86' lang='lat' dir='ltr'><strong><em>servos</em></strong></span> <span class='ocrx_word' id='word_1_62' title='bbox 444 1216 614 1289; x_wconf 86' lang='lat' dir='ltr'><strong><em>lactitatam,</em></strong></span> <span class='ocrx_word' id='word_1_63' title='bbox 635 1232 687 1276; x_wconf 91' lang='lat' dir='ltr'><strong><em>cur</em></strong></span> <span class='ocrx_word' id='word_1_64' title='bbox 701 1214 924 1296; x_wconf 82' lang='lat' dir='ltr'><strong><em>improbandam</em></strong></span> <span class='ocrx_word' id='word_1_65' title='bbox 939 1214 1129 1277; x_wconf 88' lang='lat' dir='ltr'><strong><em>Philodemus</em></strong></span> <span class='ocrx_word' id='word_1_66' title='bbox 1143 1215 1204 1278; x_wconf 88' lang='lat' dir='ltr'><strong><em>hoc</em></strong></span> <span class='ocrx_word' id='word_1_67' title='bbox 1216 1214 1406 1296; x_wconf 89' lang='lat' dir='ltr'><strong><em>potissimum</em></strong></span> <span class='ocrx_word' id='word_1_68' title='bbox 1423 1231 1474 1276; x_wconf 90' lang='lat' dir='ltr'><strong><em>no·</em></strong></span> 
     </span>
     <span class='ocr_line' id='line_1_9' title="bbox 323 1313 1476 1397; baseline 0 -18"><span class='ocrx_word' id='word_1_69' title='bbox 323 1318 403 1380; x_wconf 87' lang='lat' dir='ltr'><strong><em>mine</em></strong></span> <span class='ocrx_word' id='word_1_70' title='bbox 417 1317 592 1392; x_wconf 87' lang='lat' dir='ltr'><strong><em>iudicaverit,</em></strong></span> <span class='ocrx_word' id='word_1_71' title='bbox 606 1318 687 1397; x_wconf 88' lang='lat' dir='ltr'><strong><em>quod</em></strong></span> <span class='ocrx_word' id='word_1_72' title='bbox 701 1316 880 1380; x_wconf 81' lang='lat' dir='ltr'><strong><em>infortunata</em></strong></span> <span class='ocrx_word' id='word_1_73' title='bbox 896 1324 981 1391; x_wconf 74' lang='lat' dir='ltr'><strong><em>esset</em></strong></span> <span class='ocrx_word' id='word_1_74' title='bbox 995 1316 1081 1396; x_wconf 90' lang='lat' dir='ltr'><strong><em>plane</em></strong></span> <span class='ocrx_word' id='word_1_75' title='bbox 1094 1334 1156 1379; x_wconf 92' lang='lat' dir='ltr'><strong><em>non</em></strong></span> <span class='ocrx_word' id='word_1_76' title='bbox 1168 1317 1326 1397; x_wconf 85' lang='lat' dir='ltr'><strong><em>perspicio,</em></strong></span> <span class='ocrx_word' id='word_1_77' title='bbox 1344 1333 1432 1396; x_wconf 69' lang='lat' dir='ltr'><strong><em>mum</em></strong></span> <span class='ocrx_word' id='word_1_78' title='bbox 1443 1313 1476 1379; x_wconf 88' lang='lat' dir='ltr'><strong><em>ab</em></strong></span> 
     </span>
     <span class='ocr_line' id='line_1_10' title="bbox 323 1417 1477 1499; baseline -0.002 -18"><span class='ocrx_word' id='word_1_79' title='bbox 323 1420 508 1482; x_wconf 85' lang='lat' dir='ltr'><strong><em>inhonestate</em></strong></span> <span class='ocrx_word' id='word_1_80' title='bbox 522 1419 622 1499; x_wconf 89' lang='lat' dir='ltr'><strong><em>potius</em></strong></span> <span class='ocrx_word' id='word_1_81' title='bbox 636 1419 699 1481; x_wconf 92' lang='lat' dir='ltr'><strong><em>eius</em></strong></span> <span class='ocrx_word' id='word_1_82' title='bbox 716 1417 892 1499; x_wconf 79' lang='lat' dir='ltr'><strong><em>vituperatio</em></strong></span> <span class='ocrx_word' id='word_1_83' title='bbox 913 1419 1071 1498; x_wconf 87' lang='lat' dir='ltr'><strong><em>repetenda</em></strong></span> <span class='ocrx_word' id='word_1_84' title='bbox 1089 1418 1179 1481; x_wconf 88' lang='lat' dir='ltr'><strong><em>luisse</em></strong></span> <span class='ocrx_word' id='word_1_85' title='bbox 1198 1419 1338 1482; x_wconf 81' lang='lat' dir='ltr'><strong><em>rideauu.</em></strong></span> <span class='ocrx_word' id='word_1_86' title='bbox 1367 1417 1409 1480; x_wconf 78' lang='lat' dir='ltr'><strong><em>eh</em></strong></span> <span class='ocrx_word' id='word_1_87' title='bbox 1427 1417 1477 1479; x_wconf 85' lang='lat' dir='ltr'><strong><em>hcc</em></strong></span> 
     </span>
     <span class='ocr_line' id='line_1_11' title="bbox 322 1521 1479 1603; baseline -0.003 -19"><span class='ocrx_word' id='word_1_88' title='bbox 322 1522 403 1584; x_wconf 89' lang='lat' dir='ltr'><strong><em>enim</em></strong></span> <span class='ocrx_word' id='word_1_89' title='bbox 418 1521 443 1583; x_wconf 92' lang='lat' dir='ltr'><strong><em>si</em></strong></span> <span class='ocrx_word' id='word_1_90' title='bbox 458 1522 623 1595; x_wconf 76' lang='lat' dir='ltr'><strong><em>recesseris,</em></strong></span> <span class='ocrx_word' id='word_1_91' title='bbox 639 1521 710 1601; x_wconf 88' lang='lat' dir='ltr'><strong><em>quid</em></strong></span> <span class='ocrx_word' id='word_1_92' title='bbox 724 1522 755 1583; x_wconf 91' lang='lat' dir='ltr'><strong><em>in</em></strong></span> <span class='ocrx_word' id='word_1_93' title='bbox 770 1522 827 1583; x_wconf 88' lang='lat' dir='ltr'><strong><em>hoc</em></strong></span> <span class='ocrx_word' id='word_1_94' title='bbox 841 1529 887 1583; x_wconf 89' lang='lat' dir='ltr'><strong><em>est</em></strong></span> <span class='ocrx_word' id='word_1_95' title='bbox 901 1522 1082 1598; x_wconf 78' lang='lat' dir='ltr'><strong><em>infortunati,</em></strong></span> <span class='ocrx_word' id='word_1_96' title='bbox 1098 1522 1124 1584; x_wconf 92' lang='lat' dir='ltr'><strong><em>si</em></strong></span> <span class='ocrx_word' id='word_1_97' title='bbox 1139 1522 1204 1603; x_wconf 90' lang='lat' dir='ltr'><strong><em>quie</em></strong></span> <span class='ocrx_word' id='word_1_98' title='bbox 1220 1531 1272 1586; x_wconf 90' lang='lat' dir='ltr'><strong><em>aut</em></strong></span> <span class='ocrx_word' id='word_1_99' title='bbox 1282 1521 1442 1585; x_wconf 82' lang='lat' dir='ltr'><strong><em>tabernario</em></strong></span> <span class='ocrx_word' id='word_1_100' title='bbox 1452 1534 1479 1582; x_wconf 85' lang='lat' dir='ltr'><strong><em>et</em></strong></span> 
     </span>
     <span class='ocr_line' id='line_1_12' title="bbox 323 1624 1478 1705; baseline 0 -18"><span class='ocrx_word' id='word_1_101' title='bbox 323 1624 502 1705; x_wconf 84' lang='lat' dir='ltr'><strong><em>cauponario</em></strong></span> <span class='ocrx_word' id='word_1_102' title='bbox 514 1642 668 1687; x_wconf 81' lang='lat' dir='ltr'><strong><em>serrorum</em></strong></span> <span class='ocrx_word' id='word_1_103' title='bbox 679 1642 801 1687; x_wconf 87' lang='lat' dir='ltr'><strong><em>suorum</em></strong></span> <span class='ocrx_word' id='word_1_104' title='bbox 810 1632 940 1704; x_wconf 84' lang='lat' dir='ltr'><strong><em>quaestu,</em></strong></span> <span class='ocrx_word' id='word_1_105' title='bbox 950 1632 1001 1687; x_wconf 83' lang='lat' dir='ltr'><strong><em>aut</em></strong></span> <span class='ocrx_word' id='word_1_106' title='bbox 1011 1624 1185 1687; x_wconf 85' lang='lat' dir='ltr'><strong><em>mercaturis</em></strong></span> <span class='ocrx_word' id='word_1_107' title='bbox 1195 1624 1478 1705; x_wconf 73' lang='lat' dir='ltr'><strong><em>eorumetnegotia·</em></strong></span> 
     </span>
     <span class='ocr_line' id='line_1_13' title="bbox 323 1724 1479 1808; baseline -0.001 -20"><span class='ocrx_word' id='word_1_108' title='bbox 323 1727 451 1789; x_wconf 89' lang='lat' dir='ltr'><strong><em>tionibus</em></strong></span> <span class='ocrx_word' id='word_1_109' title='bbox 471 1724 585 1790; x_wconf 74' lang='lat' dir='ltr'><strong><em>alatur?</em></strong></span> <span class='ocrx_word' id='word_1_110' title='bbox 613 1726 769 1790; x_wconf 87' lang='lat' dir='ltr'><strong><em>Beatorum</em></strong></span> <span class='ocrx_word' id='word_1_111' title='bbox 790 1728 888 1808; x_wconf 90' lang='lat' dir='ltr'><strong><em>potius</em></strong></span> <span class='ocrx_word' id='word_1_112' title='bbox 908 1726 1062 1789; x_wconf 87' lang='lat' dir='ltr'><strong><em>hominum</em></strong></span> <span class='ocrx_word' id='word_1_113' title='bbox 1082 1735 1111 1789; x_wconf 89' lang='lat' dir='ltr'><strong><em>et</em></strong></span> <span class='ocrx_word' id='word_1_114' title='bbox 1130 1726 1323 1808; x_wconf 81' lang='lat' dir='ltr'><strong><em>locupletium</em></strong></span> <span class='ocrx_word' id='word_1_115' title='bbox 1343 1729 1400 1790; x_wconf 91' lang='lat' dir='ltr'><strong><em>hoc</em></strong></span> <span class='ocrx_word' id='word_1_116' title='bbox 1418 1746 1479 1788; x_wconf 85' lang='lat' dir='ltr'><strong><em>esse</em></strong></span> 
     </span>
     <span class='ocr_line' id='line_1_14' title="bbox 322 1828 1480 1910; baseline 0 -19"><span class='ocrx_word' id='word_1_117' title='bbox 322 1828 444 1904; x_wconf 82' lang='lat' dir='ltr'><strong><em>dixeris,</em></strong></span> <span class='ocrx_word' id='word_1_118' title='bbox 458 1848 493 1891; x_wconf 85' lang='lat' dir='ltr'><strong><em>ex</em></strong></span> <span class='ocrx_word' id='word_1_119' title='bbox 508 1830 614 1910; x_wconf 88' lang='lat' dir='ltr'><strong><em>qulbus</em></strong></span> <span class='ocrx_word' id='word_1_120' title='bbox 629 1846 691 1892; x_wconf 89' lang='lat' dir='ltr'><strong><em>non</em></strong></span> <span class='ocrx_word' id='word_1_121' title='bbox 706 1847 817 1910; x_wconf 88' lang='lat' dir='ltr'><strong><em>paucos</em></strong></span> <span class='ocrx_word' id='word_1_122' title='bbox 833 1829 901 1890; x_wconf 88' lang='lat' dir='ltr'><strong><em>olim</em></strong></span> <span class='ocrx_word' id='word_1_123' title='bbox 917 1828 1004 1891; x_wconf 82' lang='lat' dir='ltr'><strong><em>talem</em></strong></span> <span class='ocrx_word' id='word_1_124' title='bbox 1025 1836 1180 1909; x_wconf 81' lang='lat' dir='ltr'><strong><em>quaestum</em></strong></span> <span class='ocrx_word' id='word_1_125' title='bbox 1201 1849 1258 1910; x_wconf 86' lang='lat' dir='ltr'><strong><em>per</em></strong></span> <span class='ocrx_word' id='word_1_126' title='bbox 1277 1849 1382 1892; x_wconf 81' lang='lat' dir='ltr'><strong><em>servos</em></strong></span> <span class='ocrx_word' id='word_1_127' title='bbox 1402 1847 1480 1891; x_wconf 82' lang='lat' dir='ltr'><strong><em>ener-</em></strong></span> 
     </span>
     <span class='ocr_line' id='line_1_15' title="bbox 323 1930 1480 2012; baseline -0.001 -19"><span class='ocrx_word' id='word_1_128' title='bbox 323 1931 419 1994; x_wconf 89' lang='lat' dir='ltr'><strong><em>cuisse</em></strong></span> <span class='ocrx_word' id='word_1_129' title='bbox 428 1941 551 1995; x_wconf 81' lang='lat' dir='ltr'><strong><em>constet</em></strong></span> <span class='ocrx_word' id='word_1_130' title='bbox 573 1932 634 1994; x_wconf 83' lang='lat' dir='ltr'><strong><em>Vid.</em></strong></span> <span class='ocrx_word' id='word_1_131' title='bbox 644 1932 794 1994; x_wconf 85' lang='lat' dir='ltr'><strong><em>Demosth.</em></strong></span> <span class='ocrx_word' id='word_1_132' title='bbox 806 1950 862 2011; x_wconf 89' lang='lat' dir='ltr'><strong><em>pro</em></strong></span> <span class='ocrx_word' id='word_1_133' title='bbox 872 1931 993 1994; x_wconf 87' lang='lat' dir='ltr'><strong><em>Phorm.</em></strong></span> <span class='ocrx_word' id='word_1_134' title='bbox 1008 1950 1038 2012; x_wconf 91' lang='lat' dir='ltr'><strong><em>p.</em></strong></span> <span class='ocrx_word' id='word_1_135' title='bbox 1049 1931 1110 1993; x_wconf 83' lang='lat'><strong><em>957</em></strong></span> <span class='ocrx_word' id='word_1_136' title='bbox 1125 1941 1154 1995; x_wconf 89' lang='lat' dir='ltr'><strong><em>et</em></strong></span> <span class='ocrx_word' id='word_1_137' title='bbox 1162 1932 1272 1996; x_wconf 84' lang='lat' dir='ltr'><strong><em>librum</em></strong></span> <span class='ocrx_word' id='word_1_138' title='bbox 1283 1942 1364 1995; x_wconf 81' lang='lat' dir='ltr'><strong><em>nost</em></strong></span> <span class='ocrx_word' id='word_1_139' title='bbox 1375 1933 1411 1994; x_wconf 89' lang='lat' dir='ltr'><strong><em>de</em></strong></span> <span class='ocrx_word' id='word_1_140' title='bbox 1422 1930 1480 1993; x_wconf 88' lang='lat' dir='ltr'><strong><em>ord.</em></strong></span> 
     </span>
     <span class='ocr_line' id='line_1_16' title="bbox 322 2023 1483 2118; baseline 0.001 -23"><span class='ocrx_word' id='word_1_141' title='bbox 322 2033 408 2097; x_wconf 89' lang='lat' dir='ltr'><strong><em>iudic.</em></strong></span> <span class='ocrx_word' id='word_1_142' title='bbox 420 2034 478 2097; x_wconf 74' lang='lat' dir='ltr'><strong><em>att</em></strong></span> <span class='ocrx_word' id='word_1_143' title='bbox 489 2053 518 2115; x_wconf 89' lang='lat' dir='ltr'><strong><em>p.</em></strong></span> <span class='ocrx_word' id='word_1_144' title='bbox 527 2034 599 2095; x_wconf 83' lang='lat'><strong>559.</strong></span> <span class='ocrx_word' id='word_1_145' title='bbox 617 2035 715 2116; x_wconf 84' lang='lat' dir='ltr'><strong><em>ltaque</em></strong></span> <span class='ocrx_word' id='word_1_146' title='bbox 727 2034 752 2096; x_wconf 89' lang='lat' dir='ltr'><strong><em>si</em></strong></span> <span class='ocrx_word' id='word_1_147' title='bbox 764 2042 915 2097; x_wconf 76' lang='lat' dir='ltr'><strong><em>teneamus</em></strong></span> <span class='ocrx_word' id='word_1_148' title='bbox 927 2026 1127 2118; x_wconf 77' lang='grc' dir='ltr'><strong><em>πωλητικήν,</em></strong></span> <span class='ocrx_word' id='word_1_149' title='bbox 1141 2034 1281 2115; x_wconf 86' lang='lat' dir='ltr'><strong><em>equidem</em></strong></span> <span class='ocrx_word' id='word_1_150' title='bbox 1293 2053 1351 2115; x_wconf 89' lang='lat' dir='ltr'><strong><em>pro</em></strong></span> <span class='ocrx_word' id='word_1_151' title='bbox 1364 2025 1422 2098; x_wconf 82' lang='grc' dir='ltr'><strong><em>οὐκ</em></strong></span> <span class='ocrx_word' id='word_1_152' title='bbox 1434 2023 1483 2096; x_wconf 69' lang='lat' dir='ltr'><strong><em>sl-</em></strong></span> 
     </span>
     <span class='ocr_line' id='line_1_17' title="bbox 322 2126 1481 2221; baseline -0.001 -23"><span class='ocrx_word' id='word_1_153' title='bbox 322 2131 440 2221; x_wconf 76' lang='lat' dir='ltr'><strong><em>aippor</em></strong></span> <span class='ocrx_word' id='word_1_154' title='bbox 458 2137 646 2199; x_wconf 83' lang='lat' dir='ltr'><strong><em>scribendum</em></strong></span> <span class='ocrx_word' id='word_1_155' title='bbox 665 2136 807 2199; x_wconf 87' lang='lat' dir='ltr'><strong><em>suaserim</em></strong></span> <span class='ocrx_word' id='word_1_156' title='bbox 827 2127 886 2199; x_wconf 74' lang='lat' dir='ltr'><strong><em>oda</em></strong></span> <span class='ocrx_word' id='word_1_157' title='bbox 905 2126 1077 2221; x_wconf 68' lang='grc' dir='ltr'><em>εἰὶσχημονε</em></span> <span class='ocrx_word' id='word_1_158' title='bbox 1101 2154 1169 2199; x_wconf 88' lang='lat' dir='ltr'><strong><em>nam</em></strong></span> <span class='ocrx_word' id='word_1_159' title='bbox 1194 2146 1378 2210; x_wconf 87' lang='lat' dir='ltr'><strong><em>mereatum,</em></strong></span> <span class='ocrx_word' id='word_1_160' title='bbox 1402 2135 1481 2198; x_wconf 90' lang='lat' dir='ltr'><strong><em>ctiam</em></strong></span> 
     </span>
     <span class='ocr_line' id='line_1_18' title="bbox 322 2238 1483 2320; baseline 0 -20"><span class='ocrx_word' id='word_1_161' title='bbox 322 2256 375 2318; x_wconf 88' lang='lat' dir='ltr'><strong><em>per</em></strong></span> <span class='ocrx_word' id='word_1_162' title='bbox 390 2257 491 2301; x_wconf 88' lang='lat' dir='ltr'><strong><em>servos</em></strong></span> <span class='ocrx_word' id='word_1_163' title='bbox 506 2239 642 2314; x_wconf 76' lang='lat' dir='ltr'><strong><em>lactitma,</em></strong></span> <span class='ocrx_word' id='word_1_164' title='bbox 661 2239 731 2319; x_wconf 88' lang='lat' dir='ltr'><strong><em>quin</em></strong></span> <span class='ocrx_word' id='word_1_165' title='bbox 747 2238 896 2318; x_wconf 79' lang='lat' dir='ltr'><strong><em>Epicureis</em></strong></span> <span class='ocrx_word' id='word_1_166' title='bbox 917 2238 993 2301; x_wconf 87' lang='lat' dir='ltr'><strong><em>sicut</em></strong></span> <span class='ocrx_word' id='word_1_167' title='bbox 1012 2239 1115 2301; x_wconf 88' lang='lat' dir='ltr'><strong><em>ceteris</em></strong></span> <span class='ocrx_word' id='word_1_168' title='bbox 1135 2238 1330 2320; x_wconf 83' lang='lat' dir='ltr'><strong><em>philosophis</em></strong></span> <span class='ocrx_word' id='word_1_169' title='bbox 1350 2238 1483 2303; x_wconf 70' lang='lat' dir='ltr'><strong><em>omnmus</em></strong></span> 
     </span>
     <span class='ocr_line' id='line_1_19' title="bbox 320 2339 1481 2423; baseline -0.003 -19"><span class='ocrx_word' id='word_1_170' title='bbox 320 2359 425 2422; x_wconf 86' lang='lat' dir='ltr'><strong><em>parum</em></strong></span> <span class='ocrx_word' id='word_1_171' title='bbox 440 2341 563 2405; x_wconf 88' lang='lat' dir='ltr'><strong><em>honesta</em></strong></span> <span class='ocrx_word' id='word_1_172' title='bbox 578 2341 640 2404; x_wconf 86' lang='lat' dir='ltr'><strong><em>visa</em></strong></span> <span class='ocrx_word' id='word_1_173' title='bbox 655 2342 705 2415; x_wconf 88' lang='lat' dir='ltr'><strong><em>sit,</em></strong></span> <span class='ocrx_word' id='word_1_174' title='bbox 721 2358 809 2404; x_wconf 90' lang='lat' dir='ltr'><strong><em>nemo</em></strong></span> <span class='ocrx_word' id='word_1_175' title='bbox 824 2339 976 2403; x_wconf 78' lang='lat' dir='ltr'><strong><em>dubitabit</em></strong></span> <span class='ocrx_word' id='word_1_176' title='bbox 1006 2340 1043 2403; x_wconf 81' lang='lat' dir='ltr'><strong><em>Et</em></strong></span> <span class='ocrx_word' id='word_1_177' title='bbox 1056 2341 1120 2403; x_wconf 87' lang='lat' dir='ltr'><strong><em>lieri</em></strong></span> <span class='ocrx_word' id='word_1_178' title='bbox 1134 2341 1218 2404; x_wconf 88' lang='lat' dir='ltr'><strong><em>lacile</em></strong></span> <span class='ocrx_word' id='word_1_179' title='bbox 1234 2342 1349 2423; x_wconf 87' lang='lat' dir='ltr'><strong><em>potuit,</em></strong></span> <span class='ocrx_word' id='word_1_180' title='bbox 1363 2350 1398 2404; x_wconf 89' lang='lat' dir='ltr'><strong><em>ut</em></strong></span> <span class='ocrx_word' id='word_1_181' title='bbox 1409 2341 1481 2402; x_wconf 88' lang='lat' dir='ltr'><strong><em>litte·</em></strong></span> 
     </span>
     <span class='ocr_line' id='line_1_20' title="bbox 319 2439 1483 2528; baseline -0.003 -22"><span class='ocrx_word' id='word_1_182' title='bbox 319 2462 368 2507; x_wconf 87' lang='lat' dir='ltr'><strong><em>rec</em></strong></span> <span class='ocrx_word' id='word_1_183' title='bbox 384 2461 424 2522; x_wconf 84' lang='grc' dir='ltr'><strong><em>σχ</em></strong></span> <span class='ocrx_word' id='word_1_184' title='bbox 439 2452 467 2506; x_wconf 90' lang='lat' dir='ltr'><strong><em>et</em></strong></span> <span class='ocrx_word' id='word_1_185' title='bbox 480 2464 504 2523; x_wconf 82' lang='grc' dir='ltr'><strong><em>μ</em></strong></span> <span class='ocrx_word' id='word_1_186' title='bbox 519 2443 551 2506; x_wconf 91' lang='lat' dir='ltr'><strong><em>in</em></strong></span> <span class='ocrx_word' id='word_1_187' title='bbox 564 2444 707 2507; x_wconf 88' lang='lat' dir='ltr'><strong><em>semiusto</em></strong></span> <span class='ocrx_word' id='word_1_188' title='bbox 722 2461 834 2524; x_wconf 73' lang='lat' dir='ltr'><strong><em>papyro</em></strong></span> <span class='ocrx_word' id='word_1_189' title='bbox 850 2441 1049 2505; x_wconf 72' lang='lat' dir='ltr'><strong><em>delitescentes</em></strong></span> <span class='ocrx_word' id='word_1_190' title='bbox 1064 2462 1131 2506; x_wconf 92' lang='lat' dir='ltr'><strong><em>cum</em></strong></span> <span class='ocrx_word' id='word_1_191' title='bbox 1146 2439 1186 2504; x_wconf 79' lang='grc' dir='ltr'><strong><em>κλ</em></strong></span> <span class='ocrx_word' id='word_1_192' title='bbox 1199 2452 1230 2506; x_wconf 91' lang='lat' dir='ltr'><strong><em>et</em></strong></span> <span class='ocrx_word' id='word_1_193' title='bbox 1245 2464 1266 2528; x_wconf 87' lang='grc' dir='ltr'><strong><em>ρ</em></strong></span> <span class='ocrx_word' id='word_1_194' title='bbox 1280 2453 1483 2526; x_wconf 83' lang='lat' dir='ltr'><strong><em>permutaren-</em></strong></span> 
     </span>
     <span class='ocr_line' id='line_1_21' title="bbox 320 2541 1485 2630; baseline -0.001 -22"><span class='ocrx_word' id='word_1_195' title='bbox 320 2554 377 2611; x_wconf 86' lang='lat' dir='ltr'><strong><em>tur.</em></strong></span> <span class='ocrx_word' id='word_1_196' title='bbox 417 2546 552 2611; x_wconf 85' lang='lat' dir='ltr'><strong><em>Ceterum</em></strong></span> <span class='ocrx_word' id='word_1_197' title='bbox 572 2564 663 2626; x_wconf 69' lang='lat' dir='ltr'><strong><em>mum</em></strong></span> <span class='ocrx_word' id='word_1_198' title='bbox 687 2546 785 2626; x_wconf 90' lang='lat' dir='ltr'><strong><em>ipsum</em></strong></span> <span class='ocrx_word' id='word_1_199' title='bbox 808 2545 878 2607; x_wconf 88' lang='lat' dir='ltr'><strong><em>illud</em></strong></span> <span class='ocrx_word' id='word_1_200' title='bbox 900 2541 1093 2630; x_wconf 78' lang='grc' dir='ltr'><strong><em>πωλητικῆς</em></strong></span> <span class='ocrx_word' id='word_1_201' title='bbox 1116 2564 1244 2626; x_wconf 87' lang='lat' dir='ltr'><strong><em>prorsus</em></strong></span> <span class='ocrx_word' id='word_1_202' title='bbox 1270 2546 1417 2610; x_wconf 80' lang='lat' dir='ltr'><strong><em>lacertum</em></strong></span> <span class='ocrx_word' id='word_1_203' title='bbox 1442 2545 1485 2619; x_wconf 89' lang='lat' dir='ltr'><strong><em>eit,</em></strong></span> 
     </span>
     <span class='ocr_line' id='line_1_22' title="bbox 320 2647 1485 2728; baseline 0 -17"><span class='ocrx_word' id='word_1_204' title='bbox 320 2650 408 2713; x_wconf 88' lang='lat' dir='ltr'><strong><em>etiam</em></strong></span> <span class='ocrx_word' id='word_1_205' title='bbox 423 2649 500 2713; x_wconf 88' lang='lat' dir='ltr'><strong><em>hanc</em></strong></span> <span class='ocrx_word' id='word_1_206' title='bbox 518 2648 750 2712; x_wconf 73' lang='lat' dir='ltr'><strong><em>emendationem</em></strong></span> <span class='ocrx_word' id='word_1_207' title='bbox 770 2647 996 2711; x_wconf 86' lang='lat' dir='ltr'><strong><em>incertissimam</em></strong></span> <span class='ocrx_word' id='word_1_208' title='bbox 1016 2663 1162 2710; x_wconf 90' lang='lat' dir='ltr'><strong><em>essenon</em></strong></span> <span class='ocrx_word' id='word_1_209' title='bbox 1182 2667 1264 2728; x_wconf 89' lang='lat' dir='ltr'><strong><em>opus</em></strong></span> <span class='ocrx_word' id='word_1_210' title='bbox 1286 2657 1337 2711; x_wconf 89' lang='lat' dir='ltr'><strong><em>est</em></strong></span> <span class='ocrx_word' id='word_1_211' title='bbox 1360 2666 1485 2711; x_wconf 77' lang='lat' dir='ltr'><strong><em>monuo</em></strong></span> 
     </span>
     <span class='ocr_line' id='line_1_23' title="bbox 320 2750 1486 2832; baseline -0.002 -17"><span class='ocrx_word' id='word_1_212' title='bbox 320 2752 388 2815; x_wconf 83' lang='lat' dir='ltr'><strong><em>Fuit</em></strong></span> <span class='ocrx_word' id='word_1_213' title='bbox 408 2752 485 2815; x_wconf 89' lang='lat' dir='ltr'><strong><em>enim</em></strong></span> <span class='ocrx_word' id='word_1_214' title='bbox 506 2753 632 2815; x_wconf 82' lang='lat' dir='ltr'><strong><em>tortasse</em></strong></span> <span class='ocrx_word' id='word_1_215' title='bbox 645 2771 662 2814; x_wconf 90' lang='lat' dir='ltr'><strong><em>a</em></strong></span> <span class='ocrx_word' id='word_1_216' title='bbox 677 2751 848 2815; x_wconf 83' lang='lat' dir='ltr'><strong><em>Philodamo</em></strong></span> <span class='ocrx_word' id='word_1_217' title='bbox 871 2750 957 2830; x_wconf 78' lang='lat' dir='ltr'><strong><em>longe</em></strong></span> <span class='ocrx_word' id='word_1_218' title='bbox 976 2750 1054 2813; x_wconf 88' lang='lat' dir='ltr'><strong><em>aliud</em></strong></span> <span class='ocrx_word' id='word_1_219' title='bbox 1074 2758 1216 2831; x_wconf 84' lang='lat' dir='ltr'><strong><em>quaestus</em></strong></span> <span class='ocrx_word' id='word_1_220' title='bbox 1231 2769 1332 2832; x_wconf 78' lang='lat' dir='ltr'><strong><em>genus</em></strong></span> <span class='ocrx_word' id='word_1_221' title='bbox 1358 2769 1486 2814; x_wconf 89' lang='lat' dir='ltr'><strong><em>comme·</em></strong></span> 
     </span>
     <span class='ocr_line' id='line_1_24' title="bbox 320 2851 1486 2936; baseline 0 -19"><span class='ocrx_word' id='word_1_222' title='bbox 320 2863 477 2928; x_wconf 90' lang='lat' dir='ltr'><strong><em>moratum,</em></strong></span> <span class='ocrx_word' id='word_1_223' title='bbox 494 2854 540 2918; x_wconf 89' lang='lat' dir='ltr'><strong><em>cui</em></strong></span> <span class='ocrx_word' id='word_1_224' title='bbox 555 2854 632 2919; x_wconf 88' lang='lat' dir='ltr'><strong><em>aliud</em></strong></span> <span class='ocrx_word' id='word_1_225' title='bbox 647 2854 733 2917; x_wconf 66' lang='lat' dir='ltr'><strong><em>cmm</em></strong></span> <span class='ocrx_word' id='word_1_226' title='bbox 748 2853 945 2934; x_wconf 86' lang='lat' dir='ltr'><strong><em>praedicatum</em></strong></span> <span class='ocrx_word' id='word_1_227' title='bbox 957 2851 1136 2926; x_wconf 63' lang='lat' dir='ltr'><strong><em>convenirem</em></strong></span> <span class='ocrx_word' id='word_1_228' title='bbox 1147 2854 1199 2915; x_wconf 87' lang='lat' dir='ltr'><strong><em>sed</em></strong></span> <span class='ocrx_word' id='word_1_229' title='bbox 1212 2854 1287 2917; x_wconf 87' lang='lat' dir='ltr'><strong><em>illud</em></strong></span> <span class='ocrx_word' id='word_1_230' title='bbox 1297 2856 1385 2936; x_wconf 81' lang='lat' dir='ltr'><strong><em>qrrale</em></strong></span> <span class='ocrx_word' id='word_1_231' title='bbox 1397 2854 1486 2927; x_wconf 78' lang='lat' dir='ltr'><strong><em>merit,</em></strong></span> 
     </span>
     <span class='ocr_line' id='line_1_25' title="bbox 320 2953 1487 3040; baseline -0.002 -21"><span class='ocrx_word' id='word_1_232' title='bbox 320 2958 352 3020; x_wconf 90' lang='lat' dir='ltr'><strong><em>in</em></strong></span> <span class='ocrx_word' id='word_1_233' title='bbox 368 2966 426 3020; x_wconf 88' lang='lat' dir='ltr'><strong><em>tam</em></strong></span> <span class='ocrx_word' id='word_1_234' title='bbox 441 2957 554 3019; x_wconf 85' lang='lat' dir='ltr'><strong><em>infinita</em></strong></span> <span class='ocrx_word' id='word_1_235' title='bbox 569 2955 750 3019; x_wconf 87' lang='lat' dir='ltr'><strong><em>coniectandi</em></strong></span> <span class='ocrx_word' id='word_1_236' title='bbox 764 2955 899 3029; x_wconf 88' lang='lat' dir='ltr'><strong><em>materia,</em></strong></span> <span class='ocrx_word' id='word_1_237' title='bbox 919 2953 983 3017; x_wconf 87' lang='lat' dir='ltr'><strong><em>aliis</em></strong></span> <span class='ocrx_word' id='word_1_238' title='bbox 998 2956 1199 3035; x_wconf 87' lang='lat' dir='ltr'><strong><em>quaerendum</em></strong></span> <span class='ocrx_word' id='word_1_239' title='bbox 1213 2956 1389 3040; x_wconf 81' lang='lat' dir='ltr'><strong><em>relinquere</em></strong></span> <span class='ocrx_word' id='word_1_240' title='bbox 1403 2954 1487 3019; x_wconf 83' lang='lat' dir='ltr'><strong><em>malo.</em></strong></span> 
     </span>
     <span class='ocr_line' id='line_1_26' title="bbox 321 3048 1488 3145; baseline 0.002 -24"><span class='ocrx_word' id='word_1_241' title='bbox 321 3059 547 3140; x_wconf 82' lang='lat' dir='ltr'><strong><em>—Sequuntur</em></strong></span> <span class='ocrx_word' id='word_1_242' title='bbox 574 3058 711 3139; x_wconf 84' lang='lat' dir='ltr'><strong><em>deinceps</em></strong></span> <span class='ocrx_word' id='word_1_243' title='bbox 738 3059 840 3121; x_wconf 88' lang='lat' dir='ltr'><strong><em>hacce:</em></strong></span> <span class='ocrx_word' id='word_1_244' title='bbox 862 3049 1077 3139; x_wconf 82' lang='grc' dir='ltr'><strong><em>ταλαίπωρον</em></strong></span> <span class='ocrx_word' id='word_1_245' title='bbox 1097 3051 1213 3122; x_wconf 77' lang='grc' dir='ltr'><strong><em>δὲκαὶ</em></strong></span> <span class='ocrx_word' id='word_1_246' title='bbox 1233 3055 1278 3123; x_wconf 81' lang='grc' dir='ltr'><strong><em>τὸ</em></strong></span> <span class='ocrx_word' id='word_1_247' title='bbox 1298 3048 1488 3145; x_wconf 76' lang='lat' dir='ltr'><strong><em>yempyoc‘rrr’</em></strong></span> 
     </span>
     <span class='ocr_line' id='line_1_27' title="bbox 320 3149 1490 3247; baseline -0.002 -22"><span class='ocrx_word' id='word_1_248' title='bbox 320 3154 421 3226; x_wconf 75' lang='lat' dir='ltr'><strong><em>adeda</em></strong></span> <span class='ocrx_word' id='word_1_249' title='bbox 446 3154 551 3237; x_wconf 71' lang='grc' dir='ltr'><strong><em>οὕτως</em></strong></span> <span class='ocrx_word' id='word_1_250' title='bbox 575 3152 662 3225; x_wconf 69' lang='grc' dir='ltr'><strong><em>ὥστε</em></strong></span> <span class='ocrx_word' id='word_1_251' title='bbox 686 3150 889 3245; x_wconf 74' lang='grc' dir='ltr'><em>αὐτουργεῖν·</em></span> <span class='ocrx_word' id='word_1_252' title='bbox 914 3154 953 3222; x_wconf 83' lang='lat' dir='ltr'><strong><em>ad</em></strong></span> <span class='ocrx_word' id='word_1_253' title='bbox 974 3150 1008 3222; x_wconf 79' lang='grc' dir='ltr'><strong><em>δ’</em></strong></span> <span class='ocrx_word' id='word_1_254' title='bbox 1031 3149 1138 3223; x_wconf 64' lang='grc' dir='ltr'><em>ἄλλων</em></span> <span class='ocrx_word' id='word_1_255' title='bbox 1156 3151 1279 3239; x_wconf 49' lang='lat' dir='ltr'><strong><em>&amp;aava</em></strong></span> <span class='ocrx_word' id='word_1_256' title='bbox 1307 3165 1384 3247; x_wconf 77' lang='grc' dir='ltr'><strong><em>γῆν,</em></strong></span> <span class='ocrx_word' id='word_1_257' title='bbox 1409 3154 1490 3225; x_wconf 76' lang='grc' dir='ltr'><strong><em>κατὰ</em></strong></span> 
     </span>
     <span class='ocr_line' id='line_1_28' title="bbox 319 3260 1489 3343; baseline 0.001 -15"><span class='ocrx_word' id='word_1_258' title='bbox 319 3260 510 3329; x_wconf 78' lang='grc' dir='ltr'><strong><em>σπουδαῖον.</em></strong></span> <span class='ocrx_word' id='word_1_259' title='bbox 531 3282 658 3343; x_wconf 86' lang='lat' dir='ltr'><strong><em>quorum</em></strong></span> <span class='ocrx_word' id='word_1_260' title='bbox 676 3263 749 3326; x_wconf 86' lang='lat' dir='ltr'><strong><em>haec</em></strong></span> <span class='ocrx_word' id='word_1_261' title='bbox 762 3270 912 3343; x_wconf 87' lang='lat' dir='ltr'><strong><em>postrema</em></strong></span> <span class='ocrx_word' id='word_1_262' title='bbox 927 3261 1053 3324; x_wconf 86' lang='lat' dir='ltr'><strong><em>absurda</em></strong></span> <span class='ocrx_word' id='word_1_263' title='bbox 1070 3271 1148 3325; x_wconf 88' lang='lat' dir='ltr'><strong><em>sont.</em></strong></span> <span class='ocrx_word' id='word_1_264' title='bbox 1178 3263 1241 3326; x_wconf 87' lang='lat' dir='ltr'><strong><em>Sed</em></strong></span> <span class='ocrx_word' id='word_1_265' title='bbox 1257 3265 1341 3329; x_wconf 78' lang='lat' dir='ltr'><strong><em>hanc</em></strong></span> <span class='ocrx_word' id='word_1_266' title='bbox 1355 3263 1489 3328; x_wconf 84' lang='lat' dir='ltr'><strong><em>absurdi·</em></strong></span> 
     </span>
     <span class='ocr_line' id='line_1_29' title="bbox 319 3357 1492 3446; baseline 0.001 -18"><span class='ocrx_word' id='word_1_267' title='bbox 319 3374 409 3429; x_wconf 85' lang='lat' dir='ltr'><strong><em>tatem</em></strong></span> <span class='ocrx_word' id='word_1_268' title='bbox 427 3365 485 3428; x_wconf 76' lang='lat' dir='ltr'><strong><em>mm</em></strong></span> <span class='ocrx_word' id='word_1_269' title='bbox 507 3365 698 3446; x_wconf 75' lang='lat' dir='ltr'><strong><em>Goettlingiue</em></strong></span> <span class='ocrx_word' id='word_1_270' title='bbox 717 3365 933 3440; x_wconf 81' lang='lat' dir='ltr'><strong><em>animadvertit,</em></strong></span> <span class='ocrx_word' id='word_1_271' title='bbox 952 3365 1198 3445; x_wconf 88' lang='lat' dir='ltr'><strong><em>scribendumque</em></strong></span> <span class='ocrx_word' id='word_1_272' title='bbox 1213 3365 1378 3431; x_wconf 83' lang='lat' dir='ltr'><strong><em>intellexit:</em></strong></span> <span class='ocrx_word' id='word_1_273' title='bbox 1397 3361 1437 3430; x_wconf 78' lang='lat' dir='ltr'><strong><em>ed</em></strong></span> <span class='ocrx_word' id='word_1_274' title='bbox 1457 3357 1492 3429; x_wconf 72' lang='lat' dir='ltr'><strong><em>di</em></strong></span> 
     </span>
     <span class='ocr_line' id='line_1_30' title="bbox 320 3458 1491 3553; baseline -0.001 -23"><span class='ocrx_word' id='word_1_275' title='bbox 320 3459 364 3530; x_wconf 78' lang='grc' dir='ltr'><strong><em>δι’</em></strong></span> <span class='ocrx_word' id='word_1_276' title='bbox 375 3459 482 3530; x_wconf 64' lang='grc' dir='ltr'><em>ἄλλων</em></span> <span class='ocrx_word' id='word_1_277' title='bbox 497 3468 571 3547; x_wconf 79' lang='lat' dir='ltr'><strong><em>(scil.</em></strong></span> <span class='ocrx_word' id='word_1_278' title='bbox 581 3464 782 3553; x_wconf 70' lang='grc' dir='ltr'><strong><em>γεωργοῦντα</em></strong></span> <span class='ocrx_word' id='word_1_279' title='bbox 795 3459 968 3552; x_wconf 75' lang='grc' dir='ltr'><strong><em>πορίζειν),</em></strong></span> <span class='ocrx_word' id='word_1_280' title='bbox 980 3458 1094 3545; x_wconf 76' lang='grc' dir='ltr'><strong><em>ἔχοντα</em></strong></span> <span class='ocrx_word' id='word_1_281' title='bbox 1106 3464 1170 3552; x_wconf 75' lang='grc' dir='ltr'><strong><em>γῆν,</em></strong></span> <span class='ocrx_word' id='word_1_282' title='bbox 1182 3464 1276 3531; x_wconf 79' lang='grc' dir='ltr'><strong><em>κατὰ</em></strong></span> <span class='ocrx_word' id='word_1_283' title='bbox 1288 3466 1491 3534; x_wconf 77' lang='lat' dir='ltr'><strong><em>anocdaior:</em></strong></span> 
     </span>
     <span class='ocr_line' id='line_1_31' title="bbox 318 3570 1492 3656; baseline 0.001 -23"><span class='ocrx_word' id='word_1_284' title='bbox 318 3589 356 3633; x_wconf 81' lang='lat' dir='ltr'><strong><em>en</em></strong></span> <span class='ocrx_word' id='word_1_285' title='bbox 376 3570 560 3651; x_wconf 77' lang='lat' dir='ltr'><strong><em>apriaadara</em></strong></span> <span class='ocrx_word' id='word_1_286' title='bbox 574 3589 631 3653; x_wconf 86' lang='lat' dir='ltr'><strong><em>per</em></strong></span> <span class='ocrx_word' id='word_1_287' title='bbox 650 3572 725 3634; x_wconf 82' lang='lat' dir='ltr'><strong><em>alias</em></strong></span> <span class='ocrx_word' id='word_1_288' title='bbox 743 3581 892 3654; x_wconf 78' lang='lat' dir='ltr'><strong><em>praeatum</em></strong></span> <span class='ocrx_word' id='word_1_289' title='bbox 909 3573 1020 3651; x_wconf 69' lang='lat' dir='ltr'><strong><em>tacere,</em></strong></span> <span class='ocrx_word' id='word_1_290' title='bbox 1043 3573 1071 3632; x_wconf 85' lang='lat' dir='ltr'><strong><em>ar&#39;</em></strong></span> <span class='ocrx_word' id='word_1_291' title='bbox 1087 3575 1151 3651; x_wconf 78' lang='lat' dir='ltr'><strong><em>pets</em></strong></span> <span class='ocrx_word' id='word_1_292' title='bbox 1173 3573 1314 3652; x_wconf 69' lang='lat' dir='ltr'><strong><em>fundum</em></strong></span> <span class='ocrx_word' id='word_1_293' title='bbox 1334 3570 1492 3656; x_wconf 81' lang='lat' dir='ltr'><strong><em>possideat,</em></strong></span> 
     </span>
     <span class='ocr_line' id='line_1_32' title="bbox 318 3670 1492 3755; baseline -0.003 -19"><span class='ocrx_word' id='word_1_294' title='bbox 318 3677 474 3754; x_wconf 82' lang='lat' dir='ltr'><strong><em>sapientem</em></strong></span> <span class='ocrx_word' id='word_1_295' title='bbox 492 3674 577 3737; x_wconf 85' lang='lat' dir='ltr'><strong><em>decet.</em></strong></span> <span class='ocrx_word' id='word_1_296' title='bbox 613 3675 780 3738; x_wconf 74' lang='lat' dir='ltr'><strong><em>efferuntur</em></strong></span> <span class='ocrx_word' id='word_1_297' title='bbox 804 3674 909 3736; x_wconf 88' lang='lat' dir='ltr'><strong><em>deinde</em></strong></span> <span class='ocrx_word' id='word_1_298' title='bbox 932 3671 1061 3735; x_wconf 86' lang='lat' dir='ltr'><strong><em>rationes</em></strong></span> <span class='ocrx_word' id='word_1_299' title='bbox 1084 3672 1171 3737; x_wconf 90' lang='lat' dir='ltr'><strong><em>huius</em></strong></span> <span class='ocrx_word' id='word_1_300' title='bbox 1198 3676 1388 3739; x_wconf 84' lang='lat' dir='ltr'><strong><em>sententiae:</em></strong></span> <span class='ocrx_word' id='word_1_301' title='bbox 1415 3670 1492 3755; x_wconf 88' lang='lat' dir='ltr'><strong><em>quod</em></strong></span> 
     </span>
     <span class='ocr_line' id='line_1_33' title="bbox 318 3770 1494 3857; baseline 0.001 -19"><span class='ocrx_word' id='word_1_302' title='bbox 318 3776 511 3857; x_wconf 88' lang='lat' dir='ltr'><strong><em>paucissimae</em></strong></span> <span class='ocrx_word' id='word_1_303' title='bbox 525 3776 631 3839; x_wconf 85' lang='lat' dir='ltr'><strong><em>habeat</em></strong></span> <span class='ocrx_word' id='word_1_304' title='bbox 646 3777 709 3840; x_wconf 79' lang='lat' dir='ltr'><strong><em>talis</em></strong></span> <span class='ocrx_word' id='word_1_305' title='bbox 724 3777 780 3839; x_wconf 84' lang='lat' dir='ltr'><strong><em>vita</em></strong></span> <span class='ocrx_word' id='word_1_306' title='bbox 792 3795 858 3839; x_wconf 89' lang='lat' dir='ltr'><strong><em>cum</em></strong></span> <span class='ocrx_word' id='word_1_307' title='bbox 870 3773 1013 3838; x_wconf 82' lang='lat' dir='ltr'><strong><em>extraneis</em></strong></span> <span class='ocrx_word' id='word_1_308' title='bbox 1025 3775 1243 3855; x_wconf 85' lang='lat' dir='ltr'><strong><em>implicationes</em></strong></span> <span class='ocrx_word' id='word_1_309' title='bbox 1256 3770 1494 3857; x_wconf 74' lang='grc' dir='ltr'><strong><em>(ἐπιπλοκάς),</em></strong></span> 
     </span>
     <span class='ocr_line' id='line_1_34' title="bbox 317 3877 1493 3960; baseline 0 -20"><span class='ocrx_word' id='word_1_310' title='bbox 317 3879 396 3940; x_wconf 89' lang='lat' dir='ltr'><strong><em>unde</em></strong></span> <span class='ocrx_word' id='word_1_311' title='bbox 409 3879 516 3941; x_wconf 90' lang='lat' dir='ltr'><strong><em>multae</em></strong></span> <span class='ocrx_word' id='word_1_312' title='bbox 530 3898 617 3960; x_wconf 88' lang='lat' dir='ltr'><strong><em>saepe</em></strong></span> <span class='ocrx_word' id='word_1_313' title='bbox 631 3879 782 3942; x_wconf 86' lang='lat' dir='ltr'><strong><em>molestiae</em></strong></span> <span class='ocrx_word' id='word_1_314' title='bbox 796 3886 978 3952; x_wconf 86' lang='lat' dir='ltr'><strong><em>enascantur,</em></strong></span> <span class='ocrx_word' id='word_1_315' title='bbox 993 3877 1223 3942; x_wconf 90' lang='lat' dir='ltr'><strong><em>iucundissimae</em></strong></span> <span class='ocrx_word' id='word_1_316' title='bbox 1239 3890 1349 3944; x_wconf 86' lang='lat' dir='ltr'><strong><em>autem</em></strong></span> <span class='ocrx_word' id='word_1_317' title='bbox 1367 3880 1493 3943; x_wconf 83' lang='lat' dir='ltr'><strong><em>oblecta-</em></strong></span> 
     </span>
     <span class='ocr_line' id='line_1_35' title="bbox 318 3979 1497 4067; baseline 0.002 -24"><span class='ocrx_word' id='word_1_318' title='bbox 318 3981 406 4044; x_wconf 90' lang='lat' dir='ltr'><strong><em>tionis</em></strong></span> <span class='ocrx_word' id='word_1_319' title='bbox 421 3989 451 4043; x_wconf 92' lang='lat' dir='ltr'><strong><em>et</em></strong></span> <span class='ocrx_word' id='word_1_320' title='bbox 464 4000 598 4044; x_wconf 88' lang='lat' dir='ltr'><strong><em>secessus</em></strong></span> <span class='ocrx_word' id='word_1_321' title='bbox 609 3989 696 4062; x_wconf 89' lang='lat' dir='ltr'><strong><em>atque</em></strong></span> <span class='ocrx_word' id='word_1_322' title='bbox 706 3979 936 4044; x_wconf 81' lang='lat' dir='ltr'><strong><em>conversationis</em></strong></span> <span class='ocrx_word' id='word_1_323' title='bbox 953 4000 1021 4043; x_wconf 90' lang='lat' dir='ltr'><strong><em>cum</em></strong></span> <span class='ocrx_word' id='word_1_324' title='bbox 1035 3981 1135 4043; x_wconf 73' lang='lat' dir='ltr'><strong><em>annius</em></strong></span> <span class='ocrx_word' id='word_1_325' title='bbox 1151 3982 1328 4046; x_wconf 77' lang='lat' dir='ltr'><strong><em>facultatem</em></strong></span> <span class='ocrx_word' id='word_1_326' title='bbox 1346 3983 1497 4067; x_wconf 85' lang='lat' dir='ltr'><strong><em>praebeat,</em></strong></span> 
     </span>
     <span class='ocr_line' id='line_1_36' title="bbox 318 4081 1496 4170; baseline 0 -24"><span class='ocrx_word' id='word_1_327' title='bbox 318 4084 432 4146; x_wconf 85' lang='lat' dir='ltr'><strong><em>lucrum</em></strong></span> <span class='ocrx_word' id='word_1_328' title='bbox 446 4083 571 4164; x_wconf 87' lang='lat' dir='ltr'><strong><em>denique</em></strong></span> <span class='ocrx_word' id='word_1_329' title='bbox 586 4083 749 4165; x_wconf 87' lang='lat' dir='ltr'><strong><em>proborum</em></strong></span> <span class='ocrx_word' id='word_1_330' title='bbox 760 4084 890 4145; x_wconf 84' lang='lat' dir='ltr'><strong><em>virorum</em></strong></span> <span class='ocrx_word' id='word_1_331' title='bbox 905 4082 1011 4146; x_wconf 89' lang='lat' dir='ltr'><strong><em>indicio</em></strong></span> <span class='ocrx_word' id='word_1_332' title='bbox 1027 4083 1296 4147; x_wconf 89' lang='lat' dir='ltr'><strong><em>honestissimum:</em></strong></span> <span class='ocrx_word' id='word_1_333' title='bbox 1315 4081 1416 4170; x_wconf 79' lang='grc' dir='ltr'><strong><em>παρὰ</em></strong></span> <span class='ocrx_word' id='word_1_334' title='bbox 1427 4082 1496 4158; x_wconf 76' lang='grc' dir='ltr'><strong><em>τοῖς</em></strong></span> 
     </span>
     <span class='ocr_line' id='line_1_37' title="bbox 317 4176 1496 4276; baseline 0.003 -31"><span class='ocrx_word' id='word_1_335' title='bbox 317 4191 490 4269; x_wconf 69' lang='lat' dir='ltr'><strong><em>[tneecxtaqr</em></strong></span> <span class='ocrx_word' id='word_1_336' title='bbox 505 4177 804 4271; x_wconf 73' lang='grc' dir='ltr'><em>εὐσχημονεστᾶτην</em></span> <span class='ocrx_word' id='word_1_337' title='bbox 818 4177 990 4271; x_wconf 74' lang='grc' dir='ltr'><strong><em>πρόσοδον.</em></strong></span> <span class='ocrx_word' id='word_1_338' title='bbox 1021 4186 1085 4249; x_wconf 90' lang='lat' dir='ltr'><strong><em>lloc</em></strong></span> <span class='ocrx_word' id='word_1_339' title='bbox 1099 4186 1178 4248; x_wconf 91' lang='lat' dir='ltr'><strong><em>enim</em></strong></span> <span class='ocrx_word' id='word_1_340' title='bbox 1193 4176 1402 4276; x_wconf 65' lang='grc' dir='ltr'><strong><em>ξπιεικέσιν</em></strong></span> <span class='ocrx_word' id='word_1_341' title='bbox 1419 4188 1496 4252; x_wconf 82' lang='lat' dir='ltr'><strong><em>malo</em></strong></span> 
     </span>
     <span class='ocr_line' id='line_1_38' title="bbox 315 4287 1496 4372; baseline 0.003 -23"><span class='ocrx_word' id='word_1_342' title='bbox 315 4305 471 4368; x_wconf 87' lang='lat' dir='ltr'><strong><em>reponere,</em></strong></span> <span class='ocrx_word' id='word_1_343' title='bbox 486 4307 573 4368; x_wconf 88' lang='lat' dir='ltr'><strong><em>quam</em></strong></span> <span class='ocrx_word' id='word_1_344' title='bbox 589 4288 667 4369; x_wconf 90' lang='lat' dir='ltr'><strong><em>quod</em></strong></span> <span class='ocrx_word' id='word_1_345' title='bbox 683 4287 874 4369; x_wconf 77' lang='lat' dir='ltr'><strong><em>Goettlingius</em></strong></span> <span class='ocrx_word' id='word_1_346' title='bbox 889 4288 1008 4370; x_wconf 87' lang='lat' dir='ltr'><strong><em>scripsit</em></strong></span> <span class='ocrx_word' id='word_1_347' title='bbox 1025 4290 1229 4367; x_wconf 63' lang='lat' dir='ltr'><strong><em>[etapdpoceln</em></strong></span> <span class='ocrx_word' id='word_1_348' title='bbox 1248 4310 1351 4372; x_wconf 88' lang='lat' dir='ltr'><strong><em>quum</em></strong></span> <span class='ocrx_word' id='word_1_349' title='bbox 1369 4293 1432 4356; x_wconf 86' lang='lat' dir='ltr'><strong><em>hoc</em></strong></span> <span class='ocrx_word' id='word_1_350' title='bbox 1444 4308 1496 4353; x_wconf 81' lang='lat' dir='ltr'><strong><em>ro·</em></strong></span> 
     </span>
     <span class='ocr_line' id='line_1_39' title="bbox 267 4389 1497 4473; baseline 0.002 -18"><span class='ocrx_word' id='word_1_351' title='bbox 267 4405 301 4455; x_wconf 80' lang='lat' dir='ltr'><strong><em>aa</em></strong></span> <span class='ocrx_word' id='word_1_352' title='bbox 318 4389 452 4454; x_wconf 68' lang='lat' dir='ltr'><strong><em>ebulum</em></strong></span> <span class='ocrx_word' id='word_1_353' title='bbox 467 4410 516 4465; x_wconf 90' lang='lat' dir='ltr'><strong><em>eo,</em></strong></span> <span class='ocrx_word' id='word_1_354' title='bbox 538 4409 626 4471; x_wconf 89' lang='lat' dir='ltr'><strong><em>quem</em></strong></span> <span class='ocrx_word' id='word_1_355' title='bbox 641 4391 690 4454; x_wconf 90' lang='lat' dir='ltr'><strong><em>hie</em></strong></span> <span class='ocrx_word' id='word_1_356' title='bbox 702 4391 786 4455; x_wconf 88' lang='lat' dir='ltr'><strong><em>locus</em></strong></span> <span class='ocrx_word' id='word_1_357' title='bbox 801 4391 943 4472; x_wconf 87' lang='lat' dir='ltr'><strong><em>postulat,</em></strong></span> <span class='ocrx_word' id='word_1_358' title='bbox 963 4390 1127 4473; x_wconf 79' lang='lat' dir='ltr'><strong><em>significatu</em></strong></span> <span class='ocrx_word' id='word_1_359' title='bbox 1141 4392 1177 4455; x_wconf 89' lang='lat' dir='ltr'><strong><em>de</em></strong></span> <span class='ocrx_word' id='word_1_360' title='bbox 1195 4391 1389 4459; x_wconf 87' lang='lat' dir='ltr'><strong><em>hominibus</em></strong></span> <span class='ocrx_word' id='word_1_361' title='bbox 1410 4411 1497 4459; x_wconf 86' lang='lat' dir='ltr'><strong><em>usar·</em></strong></span> 
     </span>
    </p>
   </div>
   <div class='ocr_carea' id='block_1_3' title="bbox 0 0 1594 5136">
    <p class='ocr_par' dir='ltr' id='par_1_3' title="bbox 0 0 1594 5136">
     <span class='ocr_line' id='line_1_40' title="bbox 0 0 1594 5136; baseline 0 1"><span class='ocrx_word' id='word_1_362' title='bbox 0 0 1594 5136; x_wconf 95' lang='lat' dir='ltr'><strong><em> </em></strong></span> 
     </span>
    </p>
   </div>
  </div>
 </body>
</html>
