3154 5138
672 455 730 521 381

125 646 194 708 deas
211 646 318 709 saltem
332 663 383 709 eas
397 663 465 707 esse
479 651 608 725 negaret,
623 645 652 707 h.
667 664 692 707 e.
708 645 888 709 divinitatem
906 644 943 707 iis
958 643 1144 709 abiudicaret
1189 643 1282 723 Atque

123 747 182 810 boo
201 748 302 828 ipsum
321 746 404 810 Cotta
421 747 495 809 mihi
515 748 547 811 in
566 747 620 811 bac
638 747 836 828 disputatione
857 747 926 809 uelle
949 746 1075 821 ridetur,
1101 746 1177 809 sicut
1195 745 1281 807 etiarn

123 850 222 930 paullo
238 858 308 931 post
321 850 439 924 lovem,
453 850 635 931 Neptunum,
650 849 759 913 Orcum
773 868 835 914 nen
850 869 915 912 esse
929 859 979 913 aut
993 850 1085 913 luisse
1099 855 1197 928 negat3
1211 863 1280 909 nam

124 952 187 1014 lieri
201 953 314 1033 potuit,
334 961 368 1014 ut
387 952 418 1014 hi
433 953 579 1033 ceterique
595 971 712 1027 omnes,
731 953 782 1033 qui
800 972 856 1034 pro
877 953 932 1016 diis
953 952 1135 1023 colebantur,
1155 948 1281 1030 antiquis

123 1055 307 1135 temporibus
321 1056 351 1118 in
366 1055 452 1117 terris
467 1055 573 1119 risisse
587 1064 616 1117 et
631 1064 732 1137 postea
748 1056 866 1119 demum
878 1054 1059 1136 populorum
1073 1052 1282 1134 superstitione

123 1159 287 1220 consecrati
301 1176 367 1220 esse
380 1166 562 1238 putarentur,
577 1157 824 1238 quemadmodum
839 1157 1036 1220 Euhemerum
1051 1156 1172 1235 eiusque
1186 1163 1281 1217 secta·

124 1268 204 1320 tores
224 1260 381 1339 theologos
400 1260 540 1323 statuisse
560 1269 690 1336 constat,
715 1278 842 1341 quorum
860 1259 972 1322 ratione
991 1259 1074 1323 Cotta
1088 1259 1176 1323 etiam
1192 1275 1281 1338 supra

123 1380 187 1441 esp.
205 1362 254 1435 16,
269 1362 310 1423 42
326 1370 427 1425 corsua
442 1362 559 1425 Stoicos
573 1381 648 1425 usus
662 1371 716 1425 est
760 1362 797 1425 lli
811 1361 900 1442 igitur
914 1370 1014 1425 utrum
1029 1361 1153 1425 luissent
1167 1380 1205 1422 an
1219 1377 1282 1423 non

124 1463 250 1526 luissent
264 1464 294 1524 in
310 1464 408 1527 medio
422 1464 544 1545 relinqui
564 1465 600 1527 ab
615 1464 788 1527 Academico
803 1465 913 1545 potuit:
929 1464 1000 1527 satis
1015 1472 1090 1535 erat,
1107 1464 1133 1525 si
1148 1464 1204 1525 hos
1219 1480 1282 1527 non

123 1575 201 1628 certe
216 1566 289 1628 deos
305 1585 371 1628 esse
385 1576 526 1647 argueret
569 1567 669 1647 ltaque
684 1567 756 1629 mihi
777 1567 929 1648 probanda
946 1568 1059 1631 videtur
1072 1566 1156 1629 lectio
1172 1566 1281 1631 codicis

123 1668 320 1749 Erlangensis,
337 1688 424 1749 quern
439 1670 470 1731 in
486 1670 605 1750 optimis
625 1670 790 1733 babendum
813 1690 879 1734 esse
899 1688 1003 1733 omnes
1023 1670 1223 1733 consentiunt:
1239 1686 1281 1731 ne

122 1772 298 1852 nymphae
315 1772 458 1852 quidem
475 1772 598 1852 igitur,
615 1773 729 1835 omisso
742 1774 880 1837 vocabulo
893 1774 987 1837 deae.
1006 1773 1121 1835 Namin
1135 1774 1192 1835 boc
1207 1791 1280 1835 con-

122 1882 203 1937 textu
224 1876 317 1937 careri
336 1894 372 1937 eo
388 1874 469 1937 lacile
484 1876 593 1955 potuit,
614 1875 802 1956 additumque
817 1885 921 1957 postea
941 1878 971 1937 in
985 1876 1116 1956 margine
1130 1876 1166 1939 ab
1182 1876 1279 1957 aliquo

122 1995 188 2039 esse
202 1977 327 2048 videtur,
342 1986 429 2057 atque
443 1977 512 2038 hinc
525 1996 542 2039 a
555 1977 678 2040 librariis
692 1978 845 2041 insertum.

207 2078 277 2160 Gap.
292 2079 354 2153 llll,
370 2080 421 2152 51,
437 2098 528 2159 quum
543 2079 573 2142 in
588 2079 688 2159 priore
707 2081 835 2142 editione
853 2081 1053 2160 scripsissem:
1074 2080 1117 2142 ob
1137 2098 1280 2159 eamque

123 2200 281 2256 causam,
296 2182 376 2261 quia
393 2181 544 2262 speciem
562 2181 668 2244 habet
682 2181 940 2256 admirabilem,
957 2184 1174 2245 Thaumante
1189 2182 1278 2243 diei-

123 2292 179 2346 111
193 2303 275 2345 esse
290 2292 411 2356 natus,
426 2318 468 2329 -
480 2303 578 2345 sermo
593 2293 691 2346 autem
706 2283 742 2345 de
756 2302 826 2345 arcu
841 2295 895 2358 est,
910 2320 953 2330 -
968 2286 1099 2348 lllotzius
1115 2284 1279 2347 coniuncti-

122 2404 192 2448 rum
208 2385 335 2448 babeat
349 2387 489 2466 reposuit,
504 2394 659 2467 propterea
674 2386 789 2460 scilieet,
805 2387 885 2467 quod
900 2388 979 2449 hunc
994 2389 1024 2450 in
1041 2388 1179 2450 omnibus
1195 2387 1277 2450 codi-

122 2488 207 2550 cibus
228 2487 283 2568 legi
304 2488 434 2550 credidit
478 2487 564 2568 Atqui
587 2489 716 2567 primum
739 2490 797 2550 hoc
818 2489 917 2569 ipsum
940 2508 1001 2551 non
1017 2490 1055 2552 ita
1071 2510 1136 2553 esse
1151 2483 1277 2554 ridetur:

121 2608 191 2652 nam
207 2597 347 2670 quantum
363 2590 481 2671 quidem
496 2610 531 2653 ex
545 2592 651 2653 bloseri
660 2591 855 2653 annotatione
870 2592 1078 2672 rolligipotest,
1093 2594 1278 2656 indicativum

121 2692 231 2754 habent
252 2691 507 2772 Norimbergensis
525 2694 597 2755 alter
621 2694 681 2771 (ll.)
697 2703 726 2754 et
740 2694 955 2756 ottobonianus
972 2696 1048 2771 (La).
1093 2696 1150 2758 Sed
1166 2697 1278 2758 ehamsi

122 2814 190 2857 vere
215 2812 319 2857 omnes
345 2795 376 2856 in
401 2795 587 2857 coniunctim
614 2795 831 2876 conspirarent,
857 2804 954 2859 tamur
974 2816 1028 2876 ego
1050 2797 1192 2860 rationem
1212 2798 1278 2877 plus

121 2915 210 2977 quam
236 2896 420 2959 librariorum
446 2905 496 2959 aut
521 2906 720 2959 correctorum
746 2917 862 2960 errores
892 2899 983 2960 valere
1009 2899 1116 2962 dehere
1144 2899 1278 2962 arbitror.

120 2998 195 3061 Nam
212 2998 413 3061 coniunctione
428 2998 618 3079 signiticaret,
639 3000 675 3062 ab
690 2999 725 3061 iis
740 3000 825 3080 ipsis,
844 3000 892 3081 qui
912 3020 1011 3063 mcum
1028 3003 1211 3065 Thaumante
1225 3022 1278 3066 ne·

121 3110 186 3163 turn
205 3120 272 3163 esse
291 3101 434 3175 dicerent,
461 3101 547 3162 etiam
568 3120 684 3164 causam
705 3102 814 3173 alieni,
842 3104 941 3166 lictum
961 3104 1018 3165 hoo
1036 3125 1101 3167 esse
1116 3115 1279 3189 propterea,

122 3202 202 3283 quod
229 3202 356 3283 speciem
382 3203 428 3265 ille
447 3201 645 3265 admirabilem
667 3204 794 3267 haberet.
837 3205 869 3266 ld
889 3206 976 3269 etiam
996 3208 1135 3271 Orellium
1150 3209 1280 3271 sensisse

121 3314 256 3386 apparet,
282 3324 372 3386 quum
397 3306 474 3368 dicat
497 3305 622 3368 aliorum
650 3309 754 3386 (quana
780 3307 943 3388 loquentis)
969 3311 1139 3392 opinionem
1166 3311 1279 3384 relerri,

120 3425 228 3488 nempe
243 3426 363 3481 eorum,
384 3409 434 3488 qui
455 3409 637 3470 Thaumante
656 3427 757 3472 arcum
772 3419 873 3472 natum
888 3431 955 3474 esse
970 3413 1077 3476 dicant
1120 3415 1190 3477 blihi
1205 3434 1278 3478 con·

122 3519 166 3572 tra
180 3510 341 3573 absurdum
355 3510 477 3585 ridetur,
488 3511 525 3574 ab
540 3511 586 3584 iis,
599 3512 864 3592 quihanciabulam
876 3514 1019 3589 finxerint,
1030 3516 1117 3577 etiam
1127 3517 1279 3591 rationem,

122 3631 176 3675 cur
188 3613 333 3687 linxerint,
349 3613 491 3676 redditam
507 3622 617 3694 putare.
662 3614 800 3677 Rationes
817 3616 978 3678 tabularum
993 3617 1157 3697 posteriore
1171 3628 1280 3681 aestate

121 3714 298 3796 interpretes
312 3724 341 3776 et
355 3716 483 3796 theologi
497 3716 593 3778 rimati
608 3724 690 3789 sunt,
704 3735 766 3777 non
780 3718 892 3797 antiqui
910 3719 949 3780 illi
969 3720 1105 3780 homines
1120 3720 1277 3801 explicave-

121 3825 204 3879 runt.
246 3819 281 3879 Et
300 3817 499 3880 admirabilem
520 3838 586 3881 ease
606 3818 664 3881 arci
684 3818 824 3900 speciem,
844 3821 872 3882 id
892 3822 1025 3900 prolecto
1041 3821 1123 3884 Cotta
1137 3823 1202 3903 ipse
1215 3841 1276 3885 non

120 3920 289 4000 ignorabat,
308 3939 430 4000 eamque
449 3940 565 3983 causam
587 3921 699 3983 labulae
718 3922 810 3985 luisse
828 3942 880 3986 sua
895 3933 1003 4004 sponte
1018 3924 1200 4005 intelligebat,
1216 3945 1277 3989 non

121 4032 270 4104 tamquam
290 4022 413 4085 alienam
434 4022 604 4104 opinionem
625 4033 786 4104 acceperat.
840 4025 940 4106 ltaque
965 4026 1150 4091 indicativum
1178 4031 1278 4110 utique

120 4124 307 4188 scribendum
328 4124 419 4187 luisse
437 4125 543 4188 iudico.
586 4126 645 4187 Sed
664 4126 750 4188 etiarn
768 4127 799 4189 in
818 4129 979 4207 postremis
998 4129 1086 4192 huius
1105 4131 1161 4193 loci
1180 4132 1276 4194 verbis
1295 4139 1326 4190 12

119 4227 226 4308 aliquid
241 4245 258 4288 a
272 4227 398 4290 librariis
412 4228 559 4290 turbatum
574 4248 639 4290 esse
653 4230 788 4292 codicum
802 4230 888 4312 longe
898 4231 1093 4312 plurimorum
1107 4242 1137 4296 et
1148 4235 1277 4315 optimo·

119 4348 186 4390 rum
203 4347 368 4392 consensus
383 4330 519 4393 ostendit.
564 4330 678 4393 Habent
691 4333 770 4394 eninr
784 4342 880 4408 nata,
900 4352 961 4397 non
980 4344 1097 4411 natus,
1112 4353 1199 4416 quam
1214 4337 1276 4397 lor·

119 4450 202 4494 mam
219 4430 257 4494 ab
276 4432 312 4494 iis
331 4433 472 4496 invectam
491 4450 558 4496 esse
577 4441 669 4513 patet,
694 4434 744 4515 qui
763 4433 971 4497 soloecismum
989 4435 1020 4498 in
1034 4452 1154 4516 genere,
1173 4454 1276 4498 arcus
