3222 5148
662 493 813 596 Α

247 683 282 745 Ιιι
307 682 427 764 reliqnis
453 682 715 765 compositionibus
742 681 965 763 omnibusque
985 699 1046 743 non
1062 681 1253 762 copulativam
1270 688 1321 744 ant

161 785 421 868 superadditum,
446 786 498 847 sed
523 784 704 846 indefinitam
730 783 970 864 significationem
996 784 1093 845 babet.
1128 784 1322 865 Componitnr

162 896 260 950 auum
274 888 337 950 lere
351 906 419 951 cum
434 886 658 970 pronominibus
669 894 720 948 aut
729 886 873 948 adverbiis
884 887 1146 967 pronominalibns,
1158 904 1322 967 eorumque

161 988 403 1067 significationem
420 989 464 1051 sic
478 989 588 1061 dilatat,
604 996 637 1051 ut
653 1007 717 1050 eain
732 1006 793 1051 non
808 988 843 1050 ad
859 1008 949 1051 unam
964 990 1092 1070 aliquam
1106 1007 1171 1050 rem
1185 988 1322 1050 indefini-

162 1097 234 1163 tanr,
250 1091 300 1151 sed
316 1091 351 1151 ad
369 1108 482 1163 omnes,
499 1108 574 1170 qnae
588 1091 721 1153 eiusdem
736 1092 851 1171 generis
866 1092 934 1165 sint,
950 1109 1009 1153 non
1024 1099 1125 1154 tamen
1140 1090 1321 1154 coniunctim

163 1193 215 1253 sed
230 1192 389 1272 separatim
403 1193 551 1273 pertinere
567 1192 683 1266 indicet,
702 1201 791 1274 prout
805 1211 925 1275 quoque
939 1201 1074 1275 ternpore
1089 1202 1119 1255 et
1132 1194 1164 1255 in
1178 1193 1321 1273 cuiusque

165 1294 309 1356 credonis
333 1302 476 1357 contextu
502 1295 566 1357 lieri
587 1295 764 1357 conveniens
783 1297 831 1357 sit.
861 1295 946 1357 Velut
966 1297 1024 1358 boc
1042 1297 1140 1377 ipsum
1156 1312 1322 1378 pronomen

164 1396 338 1476 quisque,
361 1396 387 1457 si
402 1397 438 1457 de
452 1396 625 1459 bominibus
640 1397 754 1470 dicitur,
777 1414 838 1458 non
852 1414 942 1460 unam
958 1398 1086 1479 aliquam
1100 1415 1259 1478 personam
1275 1398 1323 1459 in-

165 1505 286 1573 certam,
302 1499 354 1561 sed
368 1498 550 1561 indefinitam
566 1498 715 1580 pandam
730 1499 886 1561 bominum
901 1500 1132 1572 multitudinem,
1153 1517 1209 1562 nec
1222 1507 1324 1562 tamen

165 1608 302 1663 cunctam
321 1619 380 1663 una
399 1600 659 1682 comprehensam,
683 1602 735 1664 sed
755 1603 910 1683 separatim
925 1602 1056 1682 singulos
1071 1601 1243 1682 cogitandos
1258 1620 1324 1663 esse

164 1702 312 1782 designat,
341 1703 421 1764 unde
442 1720 503 1765 non
524 1704 621 1785 inepte
642 1724 659 1766 a
679 1705 829 1768 Prisciano
844 1705 879 1778 ll,
896 1706 926 1778 b,
943 1705 993 1777 31,
1009 1705 1041 1766 in
1054 1704 1089 1766 iis
1104 1704 1251 1767 vocabulis
1266 1720 1323 1765 nu-

165 1812 307 1878 meratur,
331 1822 407 1883 quae
426 1805 542 1868 dividua
566 1806 601 1869 ab
625 1808 690 1888 ipso
705 1807 852 1880 dicuntur,
872 1807 989 1870 anobis
1004 1806 1187 1868 distributiva
1201 1806 1258 1868 dici
1272 1825 1324 1867 so·

165 1907 297 1984 lent12).
328 1905 442 1987 Nempe
463 1907 540 1969 inest
559 1907 591 1969 in
612 1927 679 1988 que
694 1909 798 1971 incerti
812 1909 958 1990 temporis
974 1918 1024 1970 ant
1040 1908 1216 1971 conditionis
1230 1908 1324 1987 signi-

166 2006 278 2078 ficatio,
297 2007 375 2068 unde
395 2009 442 2080 bt,
464 2017 498 2069 ut
512 2010 671 2089 quisque
685 2011 724 2072 sit
738 2012 756 2072 i.
773 2030 802 2091 q.
818 2012 912 2092 quivis
927 2011 957 2072 in
973 2029 1063 2090 quem
1078 2010 1122 2073 vel
1138 2011 1195 2073 hoe
1209 2011 1253 2072 vel
1268 2010 1324 2073 alio

166 2108 306 2188 quopiam
321 2116 470 2189 tempore,
489 2109 535 2171 vel
550 2113 605 2172 bac
618 2114 665 2173 vel
679 2112 734 2174 alia
749 2114 886 2195 quapiam
903 2112 1070 2175 conditione
1085 2130 1132 2173 res
1147 2130 1195 2185 ea,
1215 2112 1252 2172 de
1266 2130 1325 2193 qua

167 2210 274 2289 agitur,
289 2209 383 2272 cadat.
400 2244 442 2255 -
456 2212 568 2274 Eodem
584 2213 777 2276 modoetiam
793 2231 948 2295 eumque
963 2215 1175 2294 (quumque,
1198 2208 1339 2294 quom?

170 2312 252 2391 que)
274 2310 391 2374 dieitur.
420 2312 495 2375 Nam
514 2315 684 2397 temporalis
706 2314 841 2377 adverbii
854 2334 961 2397 qnnm
982 2316 1153 2396 significatio
1174 2315 1327 2378 indefinita

167 2413 200 2475 in
220 2414 343 2493 quodvis
368 2415 449 2494 qnod
474 2416 649 2496 quandoque
675 2417 809 2480 inciderit
830 2427 948 2498 tempus
968 2418 1116 2481 dilatatur.
1145 2418 1207 2480 Nec
1225 2426 1327 2480 tamen

168 2515 252 2579 aliter
276 2535 293 2579 a
316 2517 449 2598 probatis
474 2517 666 2598 scriptoribus
693 2520 750 2582 hoe
775 2539 928 2600 cumque
950 2528 1125 2601 usurpatum
1148 2520 1325 2596 invenimus,

169 2637 258 2700 quam
285 2637 353 2681 cum
378 2620 603 2700 pronominibus
628 2630 679 2683 aut
703 2622 956 2703 pronominalibns
976 2623 1118 2696 relativis,
1145 2624 1240 2703 qualia
1255 2632 1327 2687 sunt

169 2721 246 2802 qui,
271 2728 446 2801 quantus,
470 2722 605 2801 qualis,
629 2731 731 2802 quot,
757 2724 831 2798 ubi,
847 2725 1025 2799 uude,ut‚
1043 2744 1168 2805 qnorum
1185 2726 1327 2788 sioinde·

169 2823 249 2884 linita
265 2821 353 2884 simul
367 2830 398 2883 et
412 2823 527 2886 dividua
542 2843 566 2886 s.
582 2826 763 2888 distributiva
781 2827 954 2907 significatio
969 2829 1012 2889 lit.
1042 2827 1115 2890 Nam
1132 2845 1206 2908 quae
1221 2831 1328 2896 diversi

169 2924 284 3004 generis
298 2925 431 3007 exempla
446 2944 462 2986 a
477 2925 627 2988 nonnullis
642 2927 739 2990 afferri
752 2928 859 3001 solent,
882 2930 932 2991 ubi
947 2948 1100 3010 cumque
1114 2948 1168 3014 per
1182 2950 1214 2993 se
1229 2933 1326 2995 solum

170 3025 310 3106 nulloque
333 3026 510 3106 pronomine
530 3035 581 3089 ant
600 3029 736 3103 adverbio
755 3031 952 3111 pronominali
971 3032 1164 3114 praecedente
1184 3036 1327 3114 temporis

171 3132 223 3191 aut
247 3127 423 3189 conditionis
450 3128 631 3191 indefinitam
651 3132 892 3211 significationem
910 3132 1018 3195 babere
1039 3140 1158 3214 putant,
1185 3154 1328 3218 perquam

171 3230 272 3291 omnia
292 3230 402 3292 ineerta
422 3238 502 3291 sunt.
533 3232 646 3295 Horum
666 3251 761 3295 unum
780 3235 969 3298 notissimum
990 3243 1035 3298 est
1053 3236 1126 3299 illud
1140 3238 1218 3318 apud
1231 3237 1328 3299 Hora·

168 3331 245 3394 tium
259 3330 315 3393 Od.
334 3333 362 3405 1,
378 3330 429 3407 32,
447 3333 500 3394 lb:

770 3439 974 3501 claborum

418 3536 525 3598 dulce
539 3537 703 3598 lenimen
717 3539 804 3600 mibi
820 3559 972 3622 cumque
986 3543 1085 3605 salve

412 3637 484 3699 rite
498 3640 662 3713 vocanti,

171 3736 202 3798 in
221 3753 281 3817 qno
300 3754 395 3818 quum
414 3738 590 3820 interpretes
604 3748 665 3803 tam
680 3749 793 3804 veteres
809 3761 897 3822 qnam
912 3747 1090 3808 recentiores
1106 3765 1259 3829 cumque
1274 3767 1329 3831 pro

171 3839 480 3920 quotiescumque
506 3848 557 3902 aut
582 3843 706 3922 quovis
731 3853 894 3925 tempore
916 3847 1028 3910 dictum
1047 3851 1227 3933 acceperint,
1250 3869 1330 3913 nunc

170 3940 412 4004 doctissimorum
436 3941 605 4005 criticorum
628 3963 777 4008 consensu
801 3947 944 4028 probatur
962 3949 1143 4014 lachmanni
1164 3956 1329 4017 emendatio

171 4043 279 4119 „dulce
298 4043 428 4105 lenimen
447 4043 745 4125 medicumque¹³)“.
774 4049 906 4111 Alterum
927 4054 1105 4135 exemplum,
1120 4057 1197 4138 apud
1213 4056 1329 4120 Cicero-

171 4177 371 4187 n—-—-.----

242 4242 284 4306 12)
301 4241 340 4296 Gi.
353 4243 463 4313 Madvig.
482 4249 512 4299 nd
525 4247 577 4300 Cic.
595 4249 626 4300 do
638 4248 693 4302 ltin.
711 4267 736 4317 p.
748 4251 794 4304 28:
811 4269 912 4319 sempor
923 4271 979 4307 cuni
990 4257 1074 4327 aliqua
1086 4259 1265 4314 distributione
1277 4262 1330 4314 sin-

171 4325 245 4394 gulos
257 4331 394 4394 separatim
406 4331 542 4397 significat.

242 4411 284 4477 13)
302 4414 364 4467 blibi
380 4415 439 4469 oliui
450 4418 476 4469 ln
489 4427 595 4471 mentem
606 4420 679 4474 venit
691 4421 849 4475 scribendum
863 4439 921 4476 esse
939 4426 1037 4491 „mibi
1053 4443 1193 4497 nuncque
1209 4430 1331 4499 salvc“‚

172 4504 201 4548 nt
217 4505 287 4549 essct
304 4515 443 4570 nuncque
463 4504 481 4556 t.
493 4522 516 4572 q.
537 4522 615 4557 nunc
631 4522 766 4575 quoqne,
788 4511 994 4574 quenadmodum
1010 4512 1165 4580 hodieque
1180 4518 1330 4583 probodie
