<?xml version="1.0" encoding="UTF-8"?>
<!DOCTYPE html PUBLIC "-//W3C//DTD XHTML 1.0 Transitional//EN"
    "http://www.w3.org/TR/xhtml1/DTD/xhtml1-transitional.dtd">
<html xmlns="http://www.w3.org/1999/xhtml" xml:lang="en" lang="en">
 <head>
  <title>
</title>
<meta http-equiv="Content-Type" content="text/html;charset=utf-8" />
  <meta name='ocr-system' content='tesseract 3.04.00' />
  <meta name='ocr-capabilities' content='ocr_page ocr_carea ocr_par ocr_line ocrx_word'/>
</head>
<body>
  <div class='ocr_page' id='page_1' title='image "./opusculaacademi00schogoog_0622.png"; bbox 0 0 3284 5152; ppageno 0'>
   <div class='ocr_carea' id='block_1_1' title="bbox 692 418 844 519">
    <p class='ocr_par' dir='ltr' id='par_1_1' title="bbox 692 418 844 519">
     <span class='ocr_line' id='line_1_1' title="bbox 692 418 844 519; baseline 0 -34"><span class='ocrx_word' id='word_1_1' title='bbox 692 418 844 519; x_wconf 56' lang='grc' dir='ltr'><em>-εηε-</em></span> 
     </span>
    </p>
   </div>
   <div class='ocr_carea' id='block_1_2' title="bbox 185 579 1348 1511">
    <p class='ocr_par' dir='ltr' id='par_1_2' title="bbox 185 579 1348 1511">
     <span class='ocr_line' id='line_1_2' title="bbox 187 579 1348 691; baseline -0.003 -17"><span class='ocrx_word' id='word_1_2' title='bbox 187 611 321 674; x_wconf 68' lang='lat' dir='ltr'><strong>ubedam</strong></span> <span class='ocrx_word' id='word_1_3' title='bbox 339 627 405 673; x_wconf 88' lang='lat' dir='ltr'><strong>ease</strong></span> <span class='ocrx_word' id='word_1_4' title='bbox 424 606 568 683; x_wconf 84' lang='lat' dir='ltr'><strong>indicant,</strong></span> <span class='ocrx_word' id='word_1_5' title='bbox 587 605 737 689; x_wconf 85' lang='lat' dir='ltr'><strong>talemque</strong></span> <span class='ocrx_word' id='word_1_6' title='bbox 756 626 837 685; x_wconf 86' lang='lat' dir='ltr'><strong>esse,</strong></span> <span class='ocrx_word' id='word_1_7' title='bbox 857 624 933 691; x_wconf 87' lang='lat' dir='ltr'><strong>qme</strong></span> <span class='ocrx_word' id='word_1_8' title='bbox 947 625 1016 672; x_wconf 90' lang='lat' dir='ltr'><strong>cnm</strong></span> <span class='ocrx_word' id='word_1_9' title='bbox 1030 579 1163 673; x_wconf 76' lang='lat' dir='ltr'><strong>bonitate</strong></span> <span class='ocrx_word' id='word_1_10' title='bbox 1177 603 1348 674; x_wconf 68' lang='lat' dir='ltr'><strong>deorumst</strong></span> 
     </span>
     <span class='ocr_line' id='line_1_3' title="bbox 186 701 1346 796; baseline -0.002 -19"><span class='ocrx_word' id='word_1_11' title='bbox 186 712 295 777; x_wconf 88' lang='lat' dir='ltr'><strong>iustitia</strong></span> <span class='ocrx_word' id='word_1_12' title='bbox 309 710 455 776; x_wconf 76' lang='lat' dir='ltr'><strong>monum·</strong></span> <span class='ocrx_word' id='word_1_13' title='bbox 469 715 605 792; x_wconf 80' lang='lat' dir='ltr'><strong>nequeat</strong></span> <span class='ocrx_word' id='word_1_14' title='bbox 635 709 704 773; x_wconf 86' lang='grc' dir='ltr'><strong>Ποῖ</strong></span> <span class='ocrx_word' id='word_1_15' title='bbox 718 704 813 796; x_wconf 76' lang='grc' dir='ltr'><em>δίκην</em></span> <span class='ocrx_word' id='word_1_16' title='bbox 828 701 1011 793; x_wconf 75' lang='grc' dir='ltr'><strong>ἀνοίσομεν,</strong></span> <span class='ocrx_word' id='word_1_17' title='bbox 1026 711 1068 775; x_wconf 90' lang='lat' dir='ltr'><strong>ad</strong></span> <span class='ocrx_word' id='word_1_18' title='bbox 1083 728 1271 793; x_wconf 86' lang='lat' dir='ltr'><strong>quemnam</strong></span> <span class='ocrx_word' id='word_1_19' title='bbox 1285 727 1346 775; x_wconf 70' lang='lat' dir='ltr'><strong>re·‘</strong></span> 
     </span>
     <span class='ocr_line' id='line_1_4' title="bbox 187 810 1345 895; baseline -0.001 -16"><span class='ocrx_word' id='word_1_20' title='bbox 187 815 347 879; x_wconf 76' lang='lat' dir='ltr'><strong>feremus</strong></span> <span class='ocrx_word' id='word_1_21' title='bbox 361 810 443 878; x_wconf 78' lang='lat' dir='ltr'><strong>iusi</strong></span> <span class='ocrx_word' id='word_1_22' title='bbox 464 813 543 876; x_wconf 89' lang='lat' dir='ltr'><strong>idern</strong></span> <span class='ocrx_word' id='word_1_23' title='bbox 565 819 713 895; x_wconf 85' lang='lat' dir='ltr'><strong>astatque</strong></span> <span class='ocrx_word' id='word_1_24' title='bbox 727 831 887 895; x_wconf 75' lang='lat' dir='ltr'><strong>quemnam</strong></span> <span class='ocrx_word' id='word_1_25' title='bbox 902 813 976 877; x_wconf 87' lang='lat' dir='ltr'><strong>ieris</strong></span> <span class='ocrx_word' id='word_1_26' title='bbox 990 821 1142 878; x_wconf 86' lang='lat' dir='ltr'><strong>auetmem</strong></span> <span class='ocrx_word' id='word_1_27' title='bbox 1156 821 1187 877; x_wconf 90' lang='lat' dir='ltr'><strong>et</strong></span> <span class='ocrx_word' id='word_1_28' title='bbox 1199 813 1345 878; x_wconf 76' lang='lat' dir='ltr'><strong>vindicem</strong></span> 
     </span>
     <span class='ocr_line' id='line_1_5' title="bbox 186 906 1348 1002; baseline -0.001 -21"><span class='ocrx_word' id='word_1_29' title='bbox 186 916 331 1000; x_wconf 86' lang='lat' dir='ltr'><strong>appellare</strong></span> <span class='ocrx_word' id='word_1_30' title='bbox 353 913 543 999; x_wconf 72' lang='lat' dir='ltr'><strong>poterimus?</strong></span> <span class='ocrx_word' id='word_1_31' title='bbox 568 916 635 978; x_wconf 88' lang='lat' dir='ltr'><strong>Non</strong></span> <span class='ocrx_word' id='word_1_32' title='bbox 662 915 834 979; x_wconf 69' lang='lat' dir='ltr'><strong>absimiliter</strong></span> <span class='ocrx_word' id='word_1_33' title='bbox 853 916 929 979; x_wconf 82' lang='lat' dir='ltr'><strong>inira</strong></span> <span class='ocrx_word' id='word_1_34' title='bbox 948 934 974 977; x_wconf 84' lang='lat' dir='ltr'><strong>e.</strong></span> <span class='ocrx_word' id='word_1_35' title='bbox 997 915 1055 979; x_wconf 80' lang='lat'><strong>841</strong></span> <span class='ocrx_word' id='word_1_36' title='bbox 1082 906 1216 1002; x_wconf 78' lang='grc' dir='ltr'><em>ἀνέφερ’</em></span> <span class='ocrx_word' id='word_1_37' title='bbox 1234 910 1271 991; x_wconf 78' lang='grc' dir='ltr'><strong>ἀρ</strong></span> <span class='ocrx_word' id='word_1_38' title='bbox 1288 911 1348 981; x_wconf 75' lang='grc' dir='ltr'><strong>τάν</strong></span> 
     </span>
     <span class='ocr_line' id='line_1_6' title="bbox 187 1016 1346 1100; baseline 0.001 -19"><span class='ocrx_word' id='word_1_39' title='bbox 187 1016 330 1100; x_wconf 76' lang='grc' dir='ltr'><strong>δαίμονα</strong></span> <span class='ocrx_word' id='word_1_40' title='bbox 344 1019 450 1083; x_wconf 90' lang='lat' dir='ltr'><strong>dicitur</strong></span> <span class='ocrx_word' id='word_1_41' title='bbox 464 1019 501 1081; x_wconf 90' lang='lat' dir='ltr'><strong>de</strong></span> <span class='ocrx_word' id='word_1_42' title='bbox 515 1037 566 1095; x_wconf 88' lang='lat' dir='ltr'><strong>eo,</strong></span> <span class='ocrx_word' id='word_1_43' title='bbox 586 1018 637 1100; x_wconf 92' lang='lat' dir='ltr'><strong>qui</strong></span> <span class='ocrx_word' id='word_1_44' title='bbox 652 1018 767 1082; x_wconf 84' lang='lat' dir='ltr'><strong>remed</strong></span> <span class='ocrx_word' id='word_1_45' title='bbox 782 1018 829 1082; x_wconf 89' lang='lat' dir='ltr'><strong>dei</strong></span> <span class='ocrx_word' id='word_1_46' title='bbox 844 1017 996 1082; x_wconf 88' lang='lat' dir='ltr'><strong>cniusdam</strong></span> <span class='ocrx_word' id='word_1_47' title='bbox 1010 1018 1219 1082; x_wconf 87' lang='lat' dir='ltr'><strong>auctoritatem</strong></span> <span class='ocrx_word' id='word_1_48' title='bbox 1232 1019 1346 1082; x_wconf 77' lang='lat' dir='ltr'><strong>refere-</strong></span> 
     </span>
     <span class='ocr_line' id='line_1_7' title="bbox 186 1111 1346 1203; baseline 0.002 -19"><span class='ocrx_word' id='word_1_49' title='bbox 186 1120 246 1184; x_wconf 87' lang='lat' dir='ltr'><strong>bat</strong></span> <span class='ocrx_word' id='word_1_50' title='bbox 280 1122 388 1185; x_wconf 84' lang='lat' dir='ltr'><strong>Nostro</strong></span> <span class='ocrx_word' id='word_1_51' title='bbox 417 1128 517 1185; x_wconf 89' lang='lat' dir='ltr'><strong>autem</strong></span> <span class='ocrx_word' id='word_1_52' title='bbox 544 1120 609 1184; x_wconf 92' lang='lat' dir='ltr'><strong>loco</strong></span> <span class='ocrx_word' id='word_1_53' title='bbox 635 1111 813 1202; x_wconf 72' lang='grc' dir='ltr'><strong><em>ἀνοίσομεν</em></strong></span> <span class='ocrx_word' id='word_1_54' title='bbox 841 1121 965 1184; x_wconf 87' lang='lat' dir='ltr'><strong>debetur</strong></span> <span class='ocrx_word' id='word_1_55' title='bbox 983 1121 1139 1203; x_wconf 76' lang='lat' dir='ltr'><strong>iiusgraeii</strong></span> <span class='ocrx_word' id='word_1_56' title='bbox 1161 1120 1346 1186; x_wconf 88' lang='lat' dir='ltr'><strong>coniecturae</strong></span> 
     </span>
     <span class='ocr_line' id='line_1_8' title="bbox 186 1214 1347 1309; baseline 0 -21"><span class='ocrx_word' id='word_1_57' title='bbox 186 1224 294 1288; x_wconf 87' lang='lat' dir='ltr'><strong>merito</strong></span> <span class='ocrx_word' id='word_1_58' title='bbox 305 1223 342 1286; x_wconf 92' lang='lat' dir='ltr'><strong>ab</strong></span> <span class='ocrx_word' id='word_1_59' title='bbox 354 1223 491 1287; x_wconf 89' lang='lat' dir='ltr'><strong>omnibns</strong></span> <span class='ocrx_word' id='word_1_60' title='bbox 500 1231 652 1306; x_wconf 73' lang='lat' dir='ltr'>receptae:</span> <span class='ocrx_word' id='word_1_61' title='bbox 669 1240 739 1286; x_wconf 89' lang='lat' dir='ltr'><strong>nam</strong></span> <span class='ocrx_word' id='word_1_62' title='bbox 751 1222 830 1305; x_wconf 90' lang='lat' dir='ltr'><strong>qnod</strong></span> <span class='ocrx_word' id='word_1_63' title='bbox 843 1223 875 1286; x_wconf 93' lang='lat' dir='ltr'><strong>in</strong></span> <span class='ocrx_word' id='word_1_64' title='bbox 886 1223 1035 1287; x_wconf 81' lang='lat' dir='ltr'><strong>codicibus</strong></span> <span class='ocrx_word' id='word_1_65' title='bbox 1046 1224 1161 1306; x_wconf 76' lang='lat' dir='ltr'><strong>legitur,</strong></span> <span class='ocrx_word' id='word_1_66' title='bbox 1175 1214 1347 1309; x_wconf 77' lang='grc' dir='ltr'><strong>ἀνήσομεν,</strong></span> 
     </span>
     <span class='ocr_line' id='line_1_9' title="bbox 186 1317 1348 1409; baseline 0.001 -21"><span class='ocrx_word' id='word_1_67' title='bbox 186 1332 288 1409; x_wconf 89' lang='lat' dir='ltr'><strong>aptum</strong></span> <span class='ocrx_word' id='word_1_68' title='bbox 308 1344 430 1390; x_wconf 87' lang='lat' dir='ltr'><strong>sensum</strong></span> <span class='ocrx_word' id='word_1_69' title='bbox 450 1326 564 1389; x_wconf 84' lang='lat' dir='ltr'><strong>nullum</strong></span> <span class='ocrx_word' id='word_1_70' title='bbox 584 1326 683 1389; x_wconf 82' lang='lat' dir='ltr'><strong>babet</strong></span> <span class='ocrx_word' id='word_1_71' title='bbox 712 1325 773 1388; x_wconf 89' lang='lat' dir='ltr'><strong>Nec</strong></span> <span class='ocrx_word' id='word_1_72' title='bbox 792 1325 893 1389; x_wconf 89' lang='lat' dir='ltr'><strong>minus</strong></span> <span class='ocrx_word' id='word_1_73' title='bbox 907 1333 988 1390; x_wconf 85' lang='lat' dir='ltr'><strong>recte</strong></span> <span class='ocrx_word' id='word_1_74' title='bbox 1002 1318 1174 1406; x_wconf 82' lang='grc' dir='ltr'><strong>ἀλούμεθα</strong></span> <span class='ocrx_word' id='word_1_75' title='bbox 1189 1317 1348 1409; x_wconf 67' lang='lat' dir='ltr'><strong>prodi-ei·</strong></span> 
     </span>
     <span class='ocr_line' id='line_1_10' title="bbox 185 1424 1348 1511; baseline 0.002 -20"><span class='ocrx_word' id='word_1_76' title='bbox 185 1430 279 1509; x_wconf 85' lang='grc' dir='ltr'><strong>μεθα</strong></span> <span class='ocrx_word' id='word_1_77' title='bbox 292 1429 329 1493; x_wconf 88' lang='lat' dir='ltr'><strong>ab</strong></span> <span class='ocrx_word' id='word_1_78' title='bbox 344 1428 482 1493; x_wconf 89' lang='lat' dir='ltr'><strong>omnibus</strong></span> <span class='ocrx_word' id='word_1_79' title='bbox 496 1427 670 1511; x_wconf 87' lang='lat' dir='ltr'><strong>repositum.</strong></span> <span class='ocrx_word' id='word_1_80' title='bbox 700 1424 855 1508; x_wconf 86' lang='lat' dir='ltr'><strong>Optatirus</strong></span> <span class='ocrx_word' id='word_1_81' title='bbox 870 1425 950 1490; x_wconf 89' lang='lat' dir='ltr'><strong>enim</strong></span> <span class='ocrx_word' id='word_1_82' title='bbox 965 1445 1029 1489; x_wconf 92' lang='lat' dir='ltr'><strong>rem</strong></span> <span class='ocrx_word' id='word_1_83' title='bbox 1045 1427 1212 1491; x_wconf 77' lang='lat' dir='ltr'>dubitanter</span> <span class='ocrx_word' id='word_1_84' title='bbox 1226 1429 1348 1510; x_wconf 89' lang='lat' dir='ltr'><strong>eloque-</strong></span> 
     </span>
    </p>
   </div>
   <div class='ocr_carea' id='block_1_3' title="bbox 186 1528 1468 1613">
    <p class='ocr_par' dir='ltr' id='par_1_3' title="bbox 186 1528 1468 1613">
     <span class='ocr_line' id='line_1_11' title="bbox 186 1528 1468 1613; baseline 0.001 -20"><span class='ocrx_word' id='word_1_85' title='bbox 186 1535 278 1605; x_wconf 79' lang='lat' dir='ltr'><strong>retur,</strong></span> <span class='ocrx_word' id='word_1_86' title='bbox 293 1538 430 1613; x_wconf 87' lang='lat' dir='ltr'><strong>utquam</strong></span> <span class='ocrx_word' id='word_1_87' title='bbox 446 1531 511 1613; x_wconf 91' lang='lat' dir='ltr'><strong>quis</strong></span> <span class='ocrx_word' id='word_1_88' title='bbox 524 1530 602 1593; x_wconf 85' lang='lat' dir='ltr'><strong>iorte</strong></span> <span class='ocrx_word' id='word_1_89' title='bbox 617 1529 680 1591; x_wconf 87' lang='lat' dir='ltr'><strong>fieri</strong></span> <span class='ocrx_word' id='word_1_90' title='bbox 694 1546 781 1609; x_wconf 83' lang='lat' dir='ltr'><strong>posse</strong></span> <span class='ocrx_word' id='word_1_91' title='bbox 795 1537 942 1605; x_wconf 64' lang='lat' dir='ltr'><strong>sumerem</strong></span> <span class='ocrx_word' id='word_1_92' title='bbox 957 1529 1131 1593; x_wconf 76' lang='lat' dir='ltr'><strong>indicativus</strong></span> <span class='ocrx_word' id='word_1_93' title='bbox 1145 1538 1244 1594; x_wconf 86' lang='lat' dir='ltr'><strong>autem</strong></span> <span class='ocrx_word' id='word_1_94' title='bbox 1254 1528 1349 1594; x_wconf 84' lang='lat' dir='ltr'><strong>icturi</strong></span> <span class='ocrx_word' id='word_1_95' title='bbox 1464 1604 1468 1609; x_wconf 81' lang='lat'>.</span> 
     </span>
    </p>
   </div>
   <div class='ocr_carea' id='block_1_4' title="bbox 185 1630 1352 4481">
    <p class='ocr_par' dir='ltr' id='par_1_4' title="bbox 185 1630 1348 1817">
     <span class='ocr_line' id='line_1_12' title="bbox 185 1630 1348 1715; baseline 0.002 -19"><span class='ocrx_word' id='word_1_96' title='bbox 185 1649 250 1696; x_wconf 91' lang='lat' dir='ltr'><strong>rem</strong></span> <span class='ocrx_word' id='word_1_97' title='bbox 264 1633 329 1696; x_wconf 90' lang='lat' dir='ltr'><strong>sine</strong></span> <span class='ocrx_word' id='word_1_98' title='bbox 343 1633 525 1698; x_wconf 78' lang='lat' dir='ltr'><strong>dubitatione</strong></span> <span class='ocrx_word' id='word_1_99' title='bbox 539 1631 748 1715; x_wconf 76' lang='lat' dir='ltr'><strong>expectandam</strong></span> <span class='ocrx_word' id='word_1_100' title='bbox 762 1630 903 1712; x_wconf 76' lang='lat' dir='ltr'><strong>designat.</strong></span> <span class='ocrx_word' id='word_1_101' title='bbox 930 1631 1047 1715; x_wconf 80' lang='lat' dir='ltr'><strong>Quippe</strong></span> <span class='ocrx_word' id='word_1_102' title='bbox 1060 1633 1086 1695; x_wconf 93' lang='lat' dir='ltr'><strong>si</strong></span> <span class='ocrx_word' id='word_1_103' title='bbox 1100 1632 1202 1696; x_wconf 88' lang='lat' dir='ltr'><strong>iniusti</strong></span> <span class='ocrx_word' id='word_1_104' title='bbox 1215 1633 1256 1696; x_wconf 91' lang='lat' dir='ltr'><strong>dii</strong></span> <span class='ocrx_word' id='word_1_105' title='bbox 1267 1640 1348 1709; x_wconf 78' lang='lat' dir='ltr'><strong>sunt,</strong></span> 
     </span>
     <span class='ocr_line' id='line_1_13' title="bbox 187 1732 1079 1817; baseline -0.001 -20"><span class='ocrx_word' id='word_1_106' title='bbox 187 1735 239 1797; x_wconf 83' lang='lat' dir='ltr'><strong>bet</strong></span> <span class='ocrx_word' id='word_1_107' title='bbox 251 1734 384 1817; x_wconf 84' lang='lat' dir='ltr'><strong>proiecto</strong></span> <span class='ocrx_word' id='word_1_108' title='bbox 398 1752 621 1817; x_wconf 83' lang='lat' dir='ltr'><strong>saepenumero,</strong></span> <span class='ocrx_word' id='word_1_109' title='bbox 636 1740 672 1797; x_wconf 89' lang='lat' dir='ltr'><strong>ut</strong></span> <span class='ocrx_word' id='word_1_110' title='bbox 686 1733 761 1796; x_wconf 90' lang='lat' dir='ltr'><strong>male</strong></span> <span class='ocrx_word' id='word_1_111' title='bbox 775 1732 886 1796; x_wconf 77' lang='lat' dir='ltr'><strong>radant</strong></span> <span class='ocrx_word' id='word_1_112' title='bbox 898 1733 1079 1797; x_wconf 87' lang='lat' dir='ltr'><strong>bominibus.</strong></span> 
     </span>
    </p>

    <p class='ocr_par' dir='ltr' id='par_1_5' title="bbox 187 1834 1350 2022">
     <span class='ocr_line' id='line_1_14' title="bbox 271 1834 1350 1921; baseline 0.003 -22"><span class='ocrx_word' id='word_1_113' title='bbox 271 1837 323 1912; x_wconf 79' lang='lat' dir='ltr'><strong>At,</strong></span> <span class='ocrx_word' id='word_1_114' title='bbox 343 1838 439 1921; x_wconf 82' lang='lat' dir='ltr'><strong>iuquit</strong></span> <span class='ocrx_word' id='word_1_115' title='bbox 452 1838 520 1913; x_wconf 87' lang='lat' dir='ltr'><strong>lon,</strong></span> <span class='ocrx_word' id='word_1_116' title='bbox 536 1838 607 1920; x_wconf 88' lang='lat' dir='ltr'><strong>qnid</strong></span> <span class='ocrx_word' id='word_1_117' title='bbox 622 1836 735 1899; x_wconf 86' lang='lat' dir='ltr'><strong>labores</strong></span> <span class='ocrx_word' id='word_1_118' title='bbox 749 1842 825 1899; x_wconf 87' lang='lat' dir='ltr'><strong>otte</strong></span> <span class='ocrx_word' id='word_1_119' title='bbox 839 1834 968 1899; x_wconf 83' lang='lat' dir='ltr'><strong>addictas</strong></span> <span class='ocrx_word' id='word_1_120' title='bbox 983 1854 1084 1900; x_wconf 89' lang='lat' dir='ltr'><strong>rerum</strong></span> <span class='ocrx_word' id='word_1_121' title='bbox 1098 1836 1350 1920; x_wconf 82' lang='lat' dir='ltr'><strong>inexploratamm</strong></span> 
     </span>
     <span class='ocr_line' id='line_1_15' title="bbox 187 1936 1091 2022; baseline -0.004 -18"><span class='ocrx_word' id='word_1_122' title='bbox 187 1936 281 2004; x_wconf 72' lang='lat' dir='ltr'><strong>cura?</strong></span> <span class='ocrx_word' id='word_1_123' title='bbox 303 1940 353 2004; x_wconf 89' lang='lat' dir='ltr'><strong>Sic</strong></span> <span class='ocrx_word' id='word_1_124' title='bbox 366 1941 447 2004; x_wconf 88' lang='lat' dir='ltr'><strong>enim</strong></span> <span class='ocrx_word' id='word_1_125' title='bbox 461 1941 680 2022; x_wconf 85' lang='lat' dir='ltr'><strong>interpretanda</strong></span> <span class='ocrx_word' id='word_1_126' title='bbox 694 1942 765 2002; x_wconf 87' lang='lat' dir='ltr'><strong>sunt</strong></span> <span class='ocrx_word' id='word_1_127' title='bbox 780 1938 843 2001; x_wconf 87' lang='lat' dir='ltr'><strong>eius</strong></span> <span class='ocrx_word' id='word_1_128' title='bbox 858 1938 956 2012; x_wconf 79' lang='lat' dir='ltr'><strong>uerba,</strong></span> <span class='ocrx_word' id='word_1_129' title='bbox 971 1956 997 2000; x_wconf 83' lang='lat' dir='ltr'><strong>v.</strong></span> <span class='ocrx_word' id='word_1_130' title='bbox 1014 1938 1091 2001; x_wconf 77' lang='lat'><strong>267:</strong></span> 
     </span>
    </p>

    <p class='ocr_par' dir='ltr' id='par_1_6' title="bbox 382 2032 1158 2128">
     <span class='ocr_line' id='line_1_16' title="bbox 382 2032 1158 2128; baseline -0.005 -23"><span class='ocrx_word' id='word_1_131' title='bbox 382 2036 425 2105; x_wconf 82' lang='grc' dir='ltr'><strong>Τύ</strong></span> <span class='ocrx_word' id='word_1_132' title='bbox 444 2039 553 2128; x_wconf 78' lang='grc' dir='ltr'><strong><em>χρῆμα</em></strong></span> <span class='ocrx_word' id='word_1_133' title='bbox 576 2032 609 2103; x_wconf 84' lang='lat' dir='ltr'><strong>d&#39;</strong></span> <span class='ocrx_word' id='word_1_134' title='bbox 631 2033 826 2123; x_wconf 70' lang='grc' dir='ltr'><strong>ἀνερεύνητα</strong></span> <span class='ocrx_word' id='word_1_135' title='bbox 849 2035 1024 2119; x_wconf 85' lang='grc' dir='ltr'><strong>ύοσθυμεῖ,</strong></span> <span class='ocrx_word' id='word_1_136' title='bbox 1046 2034 1158 2122; x_wconf 76' lang='grc' dir='ltr'><strong>μύναις</strong></span> 
     </span>
    </p>

    <p class='ocr_par' dir='ltr' id='par_1_7' title="bbox 186 2135 1352 4481">
     <span class='ocr_line' id='line_1_17' title="bbox 186 2135 1349 2230; baseline 0 -22"><span class='ocrx_word' id='word_1_137' title='bbox 186 2143 335 2208; x_wconf 76' lang='lat' dir='ltr'><strong>Nimirum</strong></span> <span class='ocrx_word' id='word_1_138' title='bbox 356 2135 552 2230; x_wconf 76' lang='grc' dir='ltr'><em>ἀνερεύνητα</em></span> <span class='ocrx_word' id='word_1_139' title='bbox 566 2143 636 2206; x_wconf 90' lang='lat' dir='ltr'><strong>dicit</strong></span> <span class='ocrx_word' id='word_1_140' title='bbox 649 2142 773 2205; x_wconf 88' lang='lat' dir='ltr'><strong>deorum</strong></span> <span class='ocrx_word' id='word_1_141' title='bbox 788 2141 865 2205; x_wconf 88' lang='lat' dir='ltr'><strong>iacta</strong></span> <span class='ocrx_word' id='word_1_142' title='bbox 879 2149 909 2204; x_wconf 88' lang='lat' dir='ltr'><strong>et</strong></span> <span class='ocrx_word' id='word_1_143' title='bbox 923 2142 1059 2217; x_wconf 88' lang='lat' dir='ltr'><strong>consilia,</strong></span> <span class='ocrx_word' id='word_1_144' title='bbox 1081 2159 1156 2223; x_wconf 84' lang='lat' dir='ltr'><strong>quae</strong></span> <span class='ocrx_word' id='word_1_145' title='bbox 1170 2142 1266 2224; x_wconf 84' lang='lat' dir='ltr'><strong>qualia</strong></span> <span class='ocrx_word' id='word_1_146' title='bbox 1279 2142 1349 2220; x_wconf 85' lang='lat' dir='ltr'><strong>sint,</strong></span> 
     </span>
     <span class='ocr_line' id='line_1_18' title="bbox 186 2242 1348 2329; baseline -0.004 -17"><span class='ocrx_word' id='word_1_147' title='bbox 186 2247 301 2312; x_wconf 87' lang='lat' dir='ltr'><strong>instane</strong></span> <span class='ocrx_word' id='word_1_148' title='bbox 316 2263 354 2310; x_wconf 80' lang='lat' dir='ltr'><strong>en</strong></span> <span class='ocrx_word' id='word_1_149' title='bbox 367 2247 486 2320; x_wconf 84' lang='lat' dir='ltr'><strong>iniusta,</strong></span> <span class='ocrx_word' id='word_1_150' title='bbox 501 2266 518 2309; x_wconf 93' lang='lat' dir='ltr'><strong>a</strong></span> <span class='ocrx_word' id='word_1_151' title='bbox 533 2244 706 2308; x_wconf 83' lang='lat' dir='ltr'><strong>mortalibus</strong></span> <span class='ocrx_word' id='word_1_152' title='bbox 721 2250 802 2307; x_wconf 89' lang='lat' dir='ltr'><strong>certo</strong></span> <span class='ocrx_word' id='word_1_153' title='bbox 816 2242 963 2326; x_wconf 84' lang='lat' dir='ltr'><strong>explorari</strong></span> <span class='ocrx_word' id='word_1_154' title='bbox 978 2250 1008 2306; x_wconf 88' lang='lat' dir='ltr'><strong>et</strong></span> <span class='ocrx_word' id='word_1_155' title='bbox 1022 2243 1149 2308; x_wconf 85' lang='lat' dir='ltr'><strong>discerni</strong></span> <span class='ocrx_word' id='word_1_156' title='bbox 1163 2261 1226 2308; x_wconf 91' lang='lat' dir='ltr'><strong>non</strong></span> <span class='ocrx_word' id='word_1_157' title='bbox 1238 2252 1348 2329; x_wconf 86' lang='lat' dir='ltr'><strong>potest,</strong></span> 
     </span>
     <span class='ocr_line' id='line_1_19' title="bbox 187 2346 1350 2432; baseline -0.001 -20"><span class='ocrx_word' id='word_1_158' title='bbox 187 2365 244 2414; x_wconf 90' lang='lat' dir='ltr'><strong>nec</strong></span> <span class='ocrx_word' id='word_1_159' title='bbox 264 2348 416 2432; x_wconf 82' lang='lat' dir='ltr'><strong>proficitur</strong></span> <span class='ocrx_word' id='word_1_160' title='bbox 431 2348 593 2430; x_wconf 84' lang='lat' dir='ltr'><strong>quidquam</strong></span> <span class='ocrx_word' id='word_1_161' title='bbox 607 2346 764 2410; x_wconf 88' lang='lat' dir='ltr'><strong>bominum</strong></span> <span class='ocrx_word' id='word_1_162' title='bbox 780 2365 850 2410; x_wconf 88' lang='lat' dir='ltr'><strong>cura</strong></span> <span class='ocrx_word' id='word_1_163' title='bbox 865 2354 896 2410; x_wconf 89' lang='lat' dir='ltr'><strong>et</strong></span> <span class='ocrx_word' id='word_1_164' title='bbox 909 2348 1098 2429; x_wconf 75' lang='lat' dir='ltr'><strong>aegritudine.</strong></span> <span class='ocrx_word' id='word_1_165' title='bbox 1128 2346 1284 2412; x_wconf 79' lang='lat' dir='ltr'><strong>Fabnntur</strong></span> <span class='ocrx_word' id='word_1_166' title='bbox 1297 2349 1350 2432; x_wconf 84' lang='lat' dir='ltr'><strong>qui</strong></span> 
     </span>
     <span class='ocr_line' id='line_1_20' title="bbox 187 2441 1351 2537; baseline 0.002 -23"><span class='ocrx_word' id='word_1_167' title='bbox 187 2441 382 2537; x_wconf 70' lang='grc' dir='ltr'><strong>ἀνερεύνητα</strong></span> <span class='ocrx_word' id='word_1_168' title='bbox 401 2468 481 2514; x_wconf 88' lang='lat' dir='ltr'><strong>nunc</strong></span> <span class='ocrx_word' id='word_1_169' title='bbox 495 2451 532 2514; x_wconf 95' lang='lat' dir='ltr'><strong>de</strong></span> <span class='ocrx_word' id='word_1_170' title='bbox 548 2449 640 2531; x_wconf 89' lang='lat' dir='ltr'><strong>ipsius</strong></span> <span class='ocrx_word' id='word_1_171' title='bbox 655 2450 782 2513; x_wconf 67' lang='lat' dir='ltr'><strong>mensae</strong></span> <span class='ocrx_word' id='word_1_172' title='bbox 797 2448 977 2531; x_wconf 74' lang='lat' dir='ltr'><strong>aegritudine</strong></span> <span class='ocrx_word' id='word_1_173' title='bbox 991 2448 1047 2512; x_wconf 86' lang='lat' dir='ltr'><strong>dici</strong></span> <span class='ocrx_word' id='word_1_174' title='bbox 1060 2450 1177 2525; x_wconf 80' lang='lat' dir='ltr'><strong>volunt,</strong></span> <span class='ocrx_word' id='word_1_175' title='bbox 1197 2460 1232 2514; x_wconf 88' lang='lat' dir='ltr'><strong>ut</strong></span> <span class='ocrx_word' id='word_1_176' title='bbox 1245 2466 1351 2516; x_wconf 77' lang='lat' dir='ltr'><strong>sensus</strong></span> 
     </span>
     <span class='ocr_line' id='line_1_21' title="bbox 186 2550 1350 2635; baseline 0.001 -18"><span class='ocrx_word' id='word_1_177' title='bbox 186 2554 241 2617; x_wconf 69' lang='lat' dir='ltr'><strong>sits</strong></span> <span class='ocrx_word' id='word_1_178' title='bbox 257 2554 343 2635; x_wconf 87' lang='lat' dir='ltr'><strong>quid</strong></span> <span class='ocrx_word' id='word_1_179' title='bbox 363 2560 421 2617; x_wconf 88' lang='lat' dir='ltr'><strong>est</strong></span> <span class='ocrx_word' id='word_1_180' title='bbox 441 2553 539 2635; x_wconf 90' lang='lat' dir='ltr'><strong>quod</strong></span> <span class='ocrx_word' id='word_1_181' title='bbox 560 2550 1069 2634; x_wconf 77' lang='lat' dir='ltr'><strong>aegritudineinerplorabili</strong></span> <span class='ocrx_word' id='word_1_182' title='bbox 1083 2550 1253 2634; x_wconf 74' lang='lat' dir='ltr'><strong>angeris?</strong></span> <span class='ocrx_word' id='word_1_183' title='bbox 1275 2554 1350 2618; x_wconf 88' lang='lat' dir='ltr'><strong>Nam</strong></span> 
     </span>
     <span class='ocr_line' id='line_1_22' title="bbox 186 2647 1352 2738; baseline 0.002 -18"><span class='ocrx_word' id='word_1_184' title='bbox 186 2655 260 2720; x_wconf 81' lang='lat' dir='ltr'><strong>nibil</strong></span> <span class='ocrx_word' id='word_1_185' title='bbox 284 2656 381 2719; x_wconf 90' lang='lat' dir='ltr'><strong>adbuc</strong></span> <span class='ocrx_word' id='word_1_186' title='bbox 405 2664 482 2727; x_wconf 86' lang='lat' dir='ltr'><strong>erat,</strong></span> <span class='ocrx_word' id='word_1_187' title='bbox 508 2654 660 2718; x_wconf 84' lang='lat' dir='ltr'><strong>undeinn</strong></span> <span class='ocrx_word' id='word_1_188' title='bbox 684 2654 764 2717; x_wconf 83' lang='lat' dir='ltr'><strong>iiiam</strong></span> <span class='ocrx_word' id='word_1_189' title='bbox 789 2653 956 2717; x_wconf 84' lang='lat' dir='ltr'><strong>moestitiae</strong></span> <span class='ocrx_word' id='word_1_190' title='bbox 975 2671 1045 2717; x_wconf 85' lang='lat' dir='ltr'><strong>suae</strong></span> <span class='ocrx_word' id='word_1_191' title='bbox 1065 2672 1185 2718; x_wconf 85' lang='lat' dir='ltr'><strong>canaam</strong></span> <span class='ocrx_word' id='word_1_192' title='bbox 1205 2647 1352 2738; x_wconf 77' lang='lat' dir='ltr'><strong>explorari</strong></span> 
     </span>
     <span class='ocr_line' id='line_1_23' title="bbox 187 2749 1352 2840; baseline 0 -19"><span class='ocrx_word' id='word_1_193' title='bbox 187 2758 266 2822; x_wconf 88' lang='lat' dir='ltr'><strong>nolle</strong></span> <span class='ocrx_word' id='word_1_194' title='bbox 281 2758 449 2835; x_wconf 86' lang='lat' dir='ltr'><strong>coniiceret,</strong></span> <span class='ocrx_word' id='word_1_195' title='bbox 465 2757 494 2820; x_wconf 93' lang='lat' dir='ltr'><strong>id</strong></span> <span class='ocrx_word' id='word_1_196' title='bbox 514 2758 592 2837; x_wconf 86' lang='lat' dir='ltr'><strong>quod</strong></span> <span class='ocrx_word' id='word_1_197' title='bbox 608 2765 713 2840; x_wconf 84' lang='lat' dir='ltr'><strong>postea</strong></span> <span class='ocrx_word' id='word_1_198' title='bbox 726 2755 847 2819; x_wconf 90' lang='lat' dir='ltr'><strong>demum</strong></span> <span class='ocrx_word' id='word_1_199' title='bbox 862 2776 889 2818; x_wconf 86' lang='lat' dir='ltr'><strong>r.</strong></span> <span class='ocrx_word' id='word_1_200' title='bbox 904 2755 968 2818; x_wconf 77' lang='grc'><strong>269</strong></span> <span class='ocrx_word' id='word_1_201' title='bbox 982 2755 1092 2820; x_wconf 80' lang='lat' dir='ltr'><strong>Crcum</strong></span> <span class='ocrx_word' id='word_1_202' title='bbox 1107 2756 1251 2821; x_wconf 85' lang='lat' dir='ltr'><strong>ostendit:</strong></span> <span class='ocrx_word' id='word_1_203' title='bbox 1266 2749 1352 2822; x_wconf 74' lang='grc' dir='ltr'><strong>τάπὶ</strong></span> 
     </span>
     <span class='ocr_line' id='line_1_24' title="bbox 187 2849 1350 2945; baseline 0.002 -21"><span class='ocrx_word' id='word_1_204' title='bbox 187 2856 275 2945; x_wconf 76' lang='grc' dir='ltr'><strong>τῷδε</strong></span> <span class='ocrx_word' id='word_1_205' title='bbox 296 2856 334 2923; x_wconf 78' lang='lat' dir='ltr'><strong>dd</strong></span> <span class='ocrx_word' id='word_1_206' title='bbox 354 2853 418 2942; x_wconf 69' lang='grc' dir='ltr'><strong>ἀγοί</strong></span> <span class='ocrx_word' id='word_1_207' title='bbox 439 2877 476 2923; x_wconf 81' lang='grc' dir='ltr'><strong>νε</strong></span> <span class='ocrx_word' id='word_1_208' title='bbox 497 2859 590 2940; x_wconf 77' lang='lat' dir='ltr'><strong>esyci,</strong></span> <span class='ocrx_word' id='word_1_209' title='bbox 611 2855 670 2922; x_wconf 76' lang='lat' dir='ltr'><strong>aui</strong></span> <span class='ocrx_word' id='word_1_210' title='bbox 691 2853 732 2921; x_wconf 83' lang='grc' dir='ltr'><strong>σύ</strong></span> <span class='ocrx_word' id='word_1_211' title='bbox 752 2853 799 2943; x_wconf 74' lang='grc' dir='ltr'><strong>μὴ</strong></span> <span class='ocrx_word' id='word_1_212' title='bbox 822 2850 972 2942; x_wconf 76' lang='grc' dir='ltr'><strong>φρόντιζ’</strong></span> <span class='ocrx_word' id='word_1_213' title='bbox 997 2849 1066 2921; x_wconf 71' lang='grc' dir='ltr'><strong>ἔτει</strong></span> <span class='ocrx_word' id='word_1_214' title='bbox 1089 2866 1120 2921; x_wconf 91' lang='lat' dir='ltr'><strong>et</strong></span> <span class='ocrx_word' id='word_1_215' title='bbox 1139 2860 1165 2922; x_wconf 85' lang='lat' dir='ltr'><strong>si</strong></span> <span class='ocrx_word' id='word_1_216' title='bbox 1178 2861 1257 2925; x_wconf 81' lang='lat' dir='ltr'><strong>forte</strong></span> <span class='ocrx_word' id='word_1_217' title='bbox 1271 2857 1350 2925; x_wconf 79' lang='lat' dir='ltr'><strong>dvo·</strong></span> 
     </span>
     <span class='ocr_line' id='line_1_25' title="bbox 188 2950 1352 3046; baseline 0.001 -20"><span class='ocrx_word' id='word_1_218' title='bbox 188 2962 379 3043; x_wconf 79' lang='grc' dir='ltr'><strong>θνμεῖσθαε</strong></span> <span class='ocrx_word' id='word_1_219' title='bbox 399 2981 468 3025; x_wconf 91' lang='lat' dir='ltr'><strong>cnm</strong></span> <span class='ocrx_word' id='word_1_220' title='bbox 488 2961 653 3026; x_wconf 82' lang='lat' dir='ltr'><strong>aoemauvo</strong></span> <span class='ocrx_word' id='word_1_221' title='bbox 673 2950 868 3044; x_wconf 69' lang='grc' dir='ltr'><strong>ἀνερεύνητα</strong></span> <span class='ocrx_word' id='word_1_222' title='bbox 887 2977 950 3024; x_wconf 91' lang='lat' dir='ltr'><strong>non</strong></span> <span class='ocrx_word' id='word_1_223' title='bbox 968 2959 1053 3024; x_wconf 88' lang='lat' dir='ltr'><strong>aliter</strong></span> <span class='ocrx_word' id='word_1_224' title='bbox 1072 2962 1205 3025; x_wconf 81' lang='lat' dir='ltr'><strong>eomuui</strong></span> <span class='ocrx_word' id='word_1_225' title='bbox 1219 2963 1352 3046; x_wconf 86' lang='lat' dir='ltr'><strong>potuisse</strong></span> 
     </span>
     <span class='ocr_line' id='line_1_26' title="bbox 187 3062 1351 3148; baseline 0.003 -20"><span class='ocrx_word' id='word_1_226' title='bbox 187 3070 345 3148; x_wconf 87' lang='lat' dir='ltr'><strong>putarunt,</strong></span> <span class='ocrx_word' id='word_1_227' title='bbox 366 3082 454 3145; x_wconf 89' lang='lat' dir='ltr'><strong>quam</strong></span> <span class='ocrx_word' id='word_1_228' title='bbox 474 3071 509 3128; x_wconf 90' lang='lat' dir='ltr'><strong>ut</strong></span> <span class='ocrx_word' id='word_1_229' title='bbox 521 3064 548 3129; x_wconf 93' lang='lat' dir='ltr'><strong>is</strong></span> <span class='ocrx_word' id='word_1_230' title='bbox 562 3063 744 3128; x_wconf 83' lang='lat' dir='ltr'><strong>acemativus</strong></span> <span class='ocrx_word' id='word_1_231' title='bbox 757 3062 868 3126; x_wconf 90' lang='lat' dir='ltr'><strong>interni</strong></span> <span class='ocrx_word' id='word_1_232' title='bbox 881 3062 988 3127; x_wconf 85' lang='lat' dir='ltr'><strong>obiecti</strong></span> <span class='ocrx_word' id='word_1_233' title='bbox 1003 3062 1096 3127; x_wconf 83' lang='lat' dir='ltr'><strong>instar</strong></span> <span class='ocrx_word' id='word_1_234' title='bbox 1109 3064 1157 3139; x_wconf 83' lang='lat' dir='ltr'><strong>sit,</strong></span> <span class='ocrx_word' id='word_1_235' title='bbox 1174 3065 1259 3148; x_wconf 86' lang='lat' dir='ltr'><strong>quasi</strong></span> <span class='ocrx_word' id='word_1_236' title='bbox 1272 3065 1351 3131; x_wconf 85' lang='lat' dir='ltr'><strong>dicas</strong></span> 
     </span>
     <span class='ocr_line' id='line_1_27' title="bbox 189 3157 1352 3252; baseline 0.002 -22"><span class='ocrx_word' id='word_1_237' title='bbox 189 3158 398 3252; x_wconf 83' lang='grc' dir='ltr'><em>ἀνερεύνηταν</em></span> <span class='ocrx_word' id='word_1_238' title='bbox 420 3157 610 3247; x_wconf 72' lang='grc' dir='ltr'><em>δυσθυμίαν</em></span> <span class='ocrx_word' id='word_1_239' title='bbox 631 3161 812 3248; x_wconf 66' lang='lat' dir='ltr'><strong>dandami,</strong></span> <span class='ocrx_word' id='word_1_240' title='bbox 837 3181 900 3229; x_wconf 91' lang='lat' dir='ltr'><strong>nen</strong></span> <span class='ocrx_word' id='word_1_241' title='bbox 919 3173 1073 3248; x_wconf 87' lang='lat' dir='ltr'><strong>reputasse</strong></span> <span class='ocrx_word' id='word_1_242' title='bbox 1091 3167 1229 3231; x_wconf 72' lang='lat' dir='ltr'><strong>sidentur</strong></span> <span class='ocrx_word' id='word_1_243' title='bbox 1247 3186 1352 3252; x_wconf 86' lang='lat' dir='ltr'><strong>saepe-</strong></span> 
     </span>
     <span class='ocr_line' id='line_1_28' title="bbox 188 3267 1350 3352; baseline 0.002 -19"><span class='ocrx_word' id='word_1_244' title='bbox 188 3285 314 3334; x_wconf 84' lang='lat' dir='ltr'><strong>numero</strong></span> <span class='ocrx_word' id='word_1_245' title='bbox 329 3268 418 3333; x_wconf 87' lang='lat' dir='ltr'><strong>atiam</strong></span> <span class='ocrx_word' id='word_1_246' title='bbox 432 3267 684 3333; x_wconf 83' lang='lat' dir='ltr'><strong>intransitivorum</strong></span> <span class='ocrx_word' id='word_1_247' title='bbox 699 3269 856 3333; x_wconf 84' lang='lat' dir='ltr'><strong>rerbomm</strong></span> <span class='ocrx_word' id='word_1_248' title='bbox 872 3267 1114 3350; x_wconf 76' lang='lat' dir='ltr'><strong>significationem</strong></span> <span class='ocrx_word' id='word_1_249' title='bbox 1128 3269 1171 3334; x_wconf 88' lang='lat' dir='ltr'><strong>sic</strong></span> <span class='ocrx_word' id='word_1_250' title='bbox 1182 3270 1266 3352; x_wconf 78' lang='lat' dir='ltr'><strong>qnasi</strong></span> <span class='ocrx_word' id='word_1_251' title='bbox 1275 3270 1350 3335; x_wconf 84' lang='lat' dir='ltr'><strong>dila·</strong></span> 
     </span>
     <span class='ocr_line' id='line_1_29' title="bbox 191 3369 1351 3453; baseline 0.002 -17"><span class='ocrx_word' id='word_1_252' title='bbox 191 3371 258 3445; x_wconf 85' lang='lat' dir='ltr'><strong>tari,</strong></span> <span class='ocrx_word' id='word_1_253' title='bbox 272 3380 307 3435; x_wconf 89' lang='lat' dir='ltr'><strong>ut</strong></span> <span class='ocrx_word' id='word_1_254' title='bbox 319 3369 541 3435; x_wconf 75' lang='lat' dir='ltr'><strong>mansitieomm</strong></span> <span class='ocrx_word' id='word_1_255' title='bbox 554 3370 616 3434; x_wconf 84' lang='lat' dir='ltr'><strong>rim</strong></span> <span class='ocrx_word' id='word_1_256' title='bbox 630 3377 661 3433; x_wconf 92' lang='lat' dir='ltr'><strong>et</strong></span> <span class='ocrx_word' id='word_1_257' title='bbox 673 3378 810 3435; x_wconf 86' lang='lat' dir='ltr'><strong>naturam</strong></span> <span class='ocrx_word' id='word_1_258' title='bbox 823 3369 948 3433; x_wconf 87' lang='lat' dir='ltr'><strong>induant</strong></span> <span class='ocrx_word' id='word_1_259' title='bbox 958 3390 994 3435; x_wconf 88' lang='lat' dir='ltr'><strong>ao</strong></span> <span class='ocrx_word' id='word_1_260' title='bbox 1002 3371 1127 3453; x_wconf 89' lang='lat' dir='ltr'><strong>proinde</strong></span> <span class='ocrx_word' id='word_1_261' title='bbox 1136 3371 1226 3436; x_wconf 82' lang='lat' dir='ltr'><strong>etiam</strong></span> <span class='ocrx_word' id='word_1_262' title='bbox 1236 3373 1351 3438; x_wconf 81' lang='lat' dir='ltr'><strong>externi</strong></span> 
     </span>
     <span class='ocr_line' id='line_1_30' title="bbox 192 3472 1351 3554; baseline 0.003 -17"><span class='ocrx_word' id='word_1_263' title='bbox 192 3492 217 3537; x_wconf 89' lang='grc' dir='ltr'><strong>ο.</strong></span> <span class='ocrx_word' id='word_1_264' title='bbox 236 3473 380 3538; x_wconf 83' lang='lat' dir='ltr'><strong>tramitiei</strong></span> <span class='ocrx_word' id='word_1_265' title='bbox 400 3472 506 3538; x_wconf 88' lang='lat' dir='ltr'><strong>obiecti</strong></span> <span class='ocrx_word' id='word_1_266' title='bbox 525 3490 626 3537; x_wconf 84' lang='lat' dir='ltr'><strong>casum</strong></span> <span class='ocrx_word' id='word_1_267' title='bbox 648 3472 819 3537; x_wconf 75' lang='lat' dir='ltr'><strong>aduectum</strong></span> <span class='ocrx_word' id='word_1_268' title='bbox 834 3472 977 3543; x_wconf 85' lang='lat' dir='ltr'><strong>babeant,</strong></span> <span class='ocrx_word' id='word_1_269' title='bbox 997 3472 1087 3554; x_wconf 89' lang='lat' dir='ltr'><strong>idque</strong></span> <span class='ocrx_word' id='word_1_270' title='bbox 1100 3475 1228 3539; x_wconf 82' lang='lat' dir='ltr'><strong>maxime</strong></span> <span class='ocrx_word' id='word_1_271' title='bbox 1242 3476 1306 3540; x_wconf 84' lang='lat' dir='ltr'><strong>beri</strong></span> <span class='ocrx_word' id='word_1_272' title='bbox 1319 3476 1351 3540; x_wconf 89' lang='lat' dir='ltr'><strong>in</strong></span> 
     </span>
     <span class='ocr_line' id='line_1_31' title="bbox 192 3573 1350 3659; baseline 0.002 -22"><span class='ocrx_word' id='word_1_273' title='bbox 192 3575 289 3639; x_wconf 83' lang='lat' dir='ltr'><strong>verbis</strong></span> <span class='ocrx_word' id='word_1_274' title='bbox 303 3576 472 3649; x_wconf 76' lang='lat' dir='ltr'><strong>ausonam,</strong></span> <span class='ocrx_word' id='word_1_275' title='bbox 487 3594 618 3659; x_wconf 88' lang='lat' dir='ltr'><strong>quornm</strong></span> <span class='ocrx_word' id='word_1_276' title='bbox 632 3575 767 3657; x_wconf 82' lang='lat' dir='ltr'><strong>exempla</strong></span> <span class='ocrx_word' id='word_1_277' title='bbox 781 3575 826 3638; x_wconf 85' lang='lat' dir='ltr'><strong>eei</strong></span> <span class='ocrx_word' id='word_1_278' title='bbox 839 3574 918 3656; x_wconf 87' lang='lat' dir='ltr'><strong>apud</strong></span> <span class='ocrx_word' id='word_1_279' title='bbox 928 3573 1129 3649; x_wconf 73' lang='lat' dir='ltr'><strong>mammam,</strong></span> <span class='ocrx_word' id='word_1_280' title='bbox 1145 3594 1188 3658; x_wconf 77' lang='lat' dir='ltr'><strong>gr.</strong></span> <span class='ocrx_word' id='word_1_281' title='bbox 1202 3594 1246 3658; x_wconf 77' lang='lat' dir='ltr'><strong>gr.</strong></span> <span class='ocrx_word' id='word_1_282' title='bbox 1257 3581 1277 3654; x_wconf 66' lang='grc'>5</span> <span class='ocrx_word' id='word_1_283' title='bbox 1287 3577 1350 3640; x_wconf 75' lang='lat'><strong>4¹4</strong></span> 
     </span>
     <span class='ocr_line' id='line_1_32' title="bbox 190 3676 1351 3761; baseline 0.002 -20"><span class='ocrx_word' id='word_1_284' title='bbox 190 3677 237 3741; x_wconf 83' lang='lat' dir='ltr'><strong>rel</strong></span> <span class='ocrx_word' id='word_1_285' title='bbox 255 3678 333 3761; x_wconf 87' lang='lat' dir='ltr'><strong>apud</strong></span> <span class='ocrx_word' id='word_1_286' title='bbox 349 3678 569 3755; x_wconf 82' lang='lat' dir='ltr'><strong>iiermannum,</strong></span> <span class='ocrx_word' id='word_1_287' title='bbox 591 3679 629 3742; x_wconf 88' lang='lat' dir='ltr'><strong>de</strong></span> <span class='ocrx_word' id='word_1_288' title='bbox 647 3676 743 3759; x_wconf 86' lang='lat' dir='ltr'><strong>ellipsi</strong></span> <span class='ocrx_word' id='word_1_289' title='bbox 757 3684 788 3740; x_wconf 92' lang='lat' dir='ltr'><strong>et</strong></span> <span class='ocrx_word' id='word_1_290' title='bbox 802 3677 975 3759; x_wconf 88' lang='lat' dir='ltr'><strong>pleonasmo</strong></span> <span class='ocrx_word' id='word_1_291' title='bbox 989 3695 1018 3760; x_wconf 94' lang='lat' dir='ltr'><strong>p.</strong></span> <span class='ocrx_word' id='word_1_292' title='bbox 1037 3677 1097 3741; x_wconf 75' lang='lat'><strong>123</strong></span> <span class='ocrx_word' id='word_1_293' title='bbox 1112 3686 1283 3743; x_wconf 72' lang='lat' dir='ltr'><strong>uacmntnr.</strong></span> <span class='ocrx_word' id='word_1_294' title='bbox 1299 3678 1351 3743; x_wconf 83' lang='lat' dir='ltr'><strong>dix</strong></span> 
     </span>
     <span class='ocr_line' id='line_1_33' title="bbox 192 3774 1351 3865; baseline 0 -20"><span class='ocrx_word' id='word_1_295' title='bbox 192 3779 250 3845; x_wconf 82' lang='lat' dir='ltr'><strong>boc</strong></span> <span class='ocrx_word' id='word_1_296' title='bbox 272 3797 379 3861; x_wconf 74' lang='lat' dir='ltr'><strong>genere</strong></span> <span class='ocrx_word' id='word_1_297' title='bbox 403 3782 551 3864; x_wconf 85' lang='lat' dir='ltr'><strong>estquod</strong></span> <span class='ocrx_word' id='word_1_298' title='bbox 572 3781 603 3844; x_wconf 90' lang='lat' dir='ltr'><strong>in</strong></span> <span class='ocrx_word' id='word_1_299' title='bbox 622 3779 678 3843; x_wconf 86' lang='lat' dir='ltr'><strong>bac</strong></span> <span class='ocrx_word' id='word_1_300' title='bbox 696 3779 794 3844; x_wconf 85' lang='lat' dir='ltr'><strong>iabuia</strong></span> <span class='ocrx_word' id='word_1_301' title='bbox 813 3799 841 3842; x_wconf 89' lang='lat' dir='ltr'><strong>v.</strong></span> <span class='ocrx_word' id='word_1_302' title='bbox 862 3781 924 3842; x_wconf 89' lang='grc'><strong>555</strong></span> <span class='ocrx_word' id='word_1_303' title='bbox 946 3779 1053 3842; x_wconf 87' lang='lat' dir='ltr'><strong>dicitur</strong></span> <span class='ocrx_word' id='word_1_304' title='bbox 1069 3774 1231 3865; x_wconf 82' lang='grc' dir='ltr'><strong><em>τερφθεὶς</em></strong></span> <span class='ocrx_word' id='word_1_305' title='bbox 1251 3779 1351 3845; x_wconf 71' lang='grc' dir='ltr'>τοῦτο</span> 
     </span>
     <span class='ocr_line' id='line_1_34' title="bbox 190 3873 1349 3970; baseline 0 -24"><span class='ocrx_word' id='word_1_306' title='bbox 190 3874 271 3946; x_wconf 81' lang='grc' dir='ltr'><em>κεῖν’</em></span> <span class='ocrx_word' id='word_1_307' title='bbox 295 3874 355 3947; x_wconf 76' lang='lat' dir='ltr'><strong>ode</strong></span> <span class='ocrx_word' id='word_1_308' title='bbox 376 3874 501 3970; x_wconf 71' lang='grc' dir='ltr'><em>ἀρόμην</em></span> <span class='ocrx_word' id='word_1_309' title='bbox 519 3917 561 3931; x_wconf 88' lang='grc'>-</span> <span class='ocrx_word' id='word_1_310' title='bbox 582 3890 613 3946; x_wconf 84' lang='lat' dir='ltr'><strong>et</strong></span> <span class='ocrx_word' id='word_1_311' title='bbox 631 3883 708 3964; x_wconf 88' lang='lat' dir='ltr'><strong>apud</strong></span> <span class='ocrx_word' id='word_1_312' title='bbox 729 3882 930 3965; x_wconf 78' lang='lat' dir='ltr'><strong>Thucydidem</strong></span> <span class='ocrx_word' id='word_1_313' title='bbox 943 3881 977 3957; x_wconf 81' lang='lat' dir='ltr'><strong>V,</strong></span> <span class='ocrx_word' id='word_1_314' title='bbox 993 3880 1032 3944; x_wconf 77' lang='lat'><strong>91</strong></span> <span class='ocrx_word' id='word_1_315' title='bbox 1056 3873 1201 3964; x_wconf 82' lang='grc' dir='ltr'><strong>ἀθυμεῖν</strong></span> <span class='ocrx_word' id='word_1_316' title='bbox 1219 3878 1280 3968; x_wconf 73' lang='grc' dir='ltr'><strong>την</strong></span> <span class='ocrx_word' id='word_1_317' title='bbox 1296 3900 1349 3946; x_wconf 73' lang='grc' dir='ltr'><strong>τε·</strong></span> 
     </span>
     <span class='ocr_line' id='line_1_35' title="bbox 192 3979 1351 4069; baseline 0.001 -21"><span class='ocrx_word' id='word_1_318' title='bbox 192 3980 307 4069; x_wconf 68' lang='lat' dir='ltr'><strong>isonis</strong></span> <span class='ocrx_word' id='word_1_319' title='bbox 327 3982 387 4049; x_wconf 76' lang='lat' dir='ltr'><strong>cod</strong></span> <span class='ocrx_word' id='word_1_320' title='bbox 408 3979 565 4067; x_wconf 79' lang='grc' dir='ltr'><strong>πολέμου.</strong></span> <span class='ocrx_word' id='word_1_321' title='bbox 600 3983 791 4069; x_wconf 87' lang='lat' dir='ltr'><strong>Repudianda</strong></span> <span class='ocrx_word' id='word_1_322' title='bbox 817 3985 906 4068; x_wconf 76' lang='lat' dir='ltr'><strong>igitur</strong></span> <span class='ocrx_word' id='word_1_323' title='bbox 924 3985 1013 4050; x_wconf 84' lang='lat' dir='ltr'><strong>etiam</strong></span> <span class='ocrx_word' id='word_1_324' title='bbox 1032 3985 1154 4049; x_wconf 81' lang='lat' dir='ltr'><strong>Nauciii</strong></span> <span class='ocrx_word' id='word_1_325' title='bbox 1173 3987 1351 4064; x_wconf 81' lang='lat' dir='ltr'><strong>coniectum,</strong></span> 
     </span>
     <span class='ocr_line' id='line_1_36' title="bbox 190 4078 1350 4173; baseline 0.003 -24"><span class='ocrx_word' id='word_1_326' title='bbox 190 4086 225 4152; x_wconf 76' lang='grc' dir='ltr'><strong>νύ</strong></span> <span class='ocrx_word' id='word_1_327' title='bbox 242 4079 342 4173; x_wconf 78' lang='grc' dir='ltr'><strong><em>χρῆμ’</em></strong></span> <span class='ocrx_word' id='word_1_328' title='bbox 363 4078 581 4173; x_wconf 78' lang='grc' dir='ltr'><em>ἀνερμήνευτα</em></span> <span class='ocrx_word' id='word_1_329' title='bbox 602 4083 782 4168; x_wconf 70' lang='lat' dir='ltr'><strong>duodenni,</strong></span> <span class='ocrx_word' id='word_1_330' title='bbox 807 4087 891 4151; x_wconf 89' lang='lat' dir='ltr'><strong>cuins</strong></span> <span class='ocrx_word' id='word_1_331' title='bbox 917 4087 942 4151; x_wconf 87' lang='lat' dir='ltr'><strong>si</strong></span> <span class='ocrx_word' id='word_1_332' title='bbox 966 4087 1044 4151; x_wconf 88' lang='lat' dir='ltr'><strong>ierte</strong></span> <span class='ocrx_word' id='word_1_333' title='bbox 1062 4088 1350 4152; x_wconf 84' lang='lat' dir='ltr'><strong>commendationem</strong></span> 
     </span>
     <span class='ocr_line' id='line_1_37' title="bbox 192 4179 1352 4276; baseline -0.001 -23"><span class='ocrx_word' id='word_1_334' title='bbox 192 4189 320 4272; x_wconf 86' lang='lat' dir='ltr'><strong>aliquam</strong></span> <span class='ocrx_word' id='word_1_335' title='bbox 339 4190 408 4254; x_wconf 88' lang='lat' dir='ltr'><strong>inde</strong></span> <span class='ocrx_word' id='word_1_336' title='bbox 427 4196 522 4274; x_wconf 85' lang='lat' dir='ltr'><strong>petat,</strong></span> <span class='ocrx_word' id='word_1_337' title='bbox 543 4189 624 4271; x_wconf 88' lang='lat' dir='ltr'><strong>quod</strong></span> <span class='ocrx_word' id='word_1_338' title='bbox 642 4191 674 4253; x_wconf 91' lang='lat' dir='ltr'><strong>in</strong></span> <span class='ocrx_word' id='word_1_339' title='bbox 689 4189 837 4254; x_wconf 83' lang='lat' dir='ltr'><strong>codicibus</strong></span> <span class='ocrx_word' id='word_1_340' title='bbox 851 4180 886 4251; x_wconf 81' lang='grc' dir='ltr'><strong>τύ</strong></span> <span class='ocrx_word' id='word_1_341' title='bbox 897 4181 996 4275; x_wconf 81' lang='grc' dir='ltr'><strong><em>χρῆμ’</em></strong></span> <span class='ocrx_word' id='word_1_342' title='bbox 1012 4179 1220 4276; x_wconf 83' lang='grc' dir='ltr'><em>ἀνερεύνητα,</em></span> <span class='ocrx_word' id='word_1_343' title='bbox 1241 4207 1303 4254; x_wconf 90' lang='lat' dir='ltr'><strong>non</strong></span> <span class='ocrx_word' id='word_1_344' title='bbox 1316 4182 1352 4257; x_wconf 72' lang='lat' dir='ltr'><strong>cl</strong></span> 
     </span>
     <span class='ocr_line' id='line_1_38' title="bbox 190 4285 1350 4376; baseline -0.002 -20"><span class='ocrx_word' id='word_1_345' title='bbox 190 4285 350 4376; x_wconf 74' lang='grc' dir='ltr'><strong>χρήμαθ’</strong></span> <span class='ocrx_word' id='word_1_346' title='bbox 365 4286 461 4376; x_wconf 78' lang='grc' dir='ltr'><em>ἄνερ,</em></span> <span class='ocrx_word' id='word_1_347' title='bbox 476 4294 619 4375; x_wconf 86' lang='lat' dir='ltr'><strong>scriptum</strong></span> <span class='ocrx_word' id='word_1_348' title='bbox 634 4297 690 4372; x_wconf 87' lang='lat' dir='ltr'><strong>est,</strong></span> <span class='ocrx_word' id='word_1_349' title='bbox 704 4293 763 4355; x_wconf 92' lang='lat' dir='ltr'><strong>boc</strong></span> <span class='ocrx_word' id='word_1_350' title='bbox 776 4291 895 4374; x_wconf 88' lang='lat' dir='ltr'><strong>quidem</strong></span> <span class='ocrx_word' id='word_1_351' title='bbox 910 4293 1017 4357; x_wconf 81' lang='lat' dir='ltr'><strong>omnm</strong></span> <span class='ocrx_word' id='word_1_352' title='bbox 1031 4292 1175 4357; x_wconf 85' lang='lat' dir='ltr'><strong>momenti</strong></span> <span class='ocrx_word' id='word_1_353' title='bbox 1185 4299 1241 4368; x_wconf 83' lang='lat' dir='ltr'><strong>est,</strong></span> <span class='ocrx_word' id='word_1_354' title='bbox 1256 4308 1350 4373; x_wconf 88' lang='lat' dir='ltr'><strong>quum</strong></span> 
     </span>
     <span class='ocr_line' id='line_1_39' title="bbox 192 4394 1350 4481; baseline -0.002 -21"><span class='ocrx_word' id='word_1_355' title='bbox 192 4394 266 4460; x_wconf 87' lang='lat' dir='ltr'><strong>nibil</strong></span> <span class='ocrx_word' id='word_1_356' title='bbox 279 4395 391 4462; x_wconf 82' lang='lat' dir='ltr'><strong>iacilim</strong></span> <span class='ocrx_word' id='word_1_357' title='bbox 405 4396 469 4461; x_wconf 81' lang='lat' dir='ltr'><strong>fleri</strong></span> <span class='ocrx_word' id='word_1_358' title='bbox 483 4395 622 4479; x_wconf 85' lang='lat' dir='ltr'><strong>potuerit,</strong></span> <span class='ocrx_word' id='word_1_359' title='bbox 637 4413 728 4479; x_wconf 87' lang='lat' dir='ltr'><strong>quam</strong></span> <span class='ocrx_word' id='word_1_360' title='bbox 741 4399 776 4457; x_wconf 91' lang='lat' dir='ltr'><strong>ut</strong></span> <span class='ocrx_word' id='word_1_361' title='bbox 789 4394 903 4459; x_wconf 86' lang='lat' dir='ltr'><strong>litterae</strong></span> <span class='ocrx_word' id='word_1_362' title='bbox 918 4395 993 4462; x_wconf 85' lang='lat' dir='ltr'><strong>duae</strong></span> <span class='ocrx_word' id='word_1_363' title='bbox 1003 4395 1077 4463; x_wconf 80' lang='grc' dir='ltr'><strong>ΛΔ</strong></span> <span class='ocrx_word' id='word_1_364' title='bbox 1087 4400 1211 4481; x_wconf 82' lang='lat' dir='ltr'><strong>propter</strong></span> <span class='ocrx_word' id='word_1_365' title='bbox 1221 4410 1350 4477; x_wconf 85' lang='lat' dir='ltr'><strong>sequen·</strong></span> 
     </span>
    </p>
   </div>
   <div class='ocr_carea' id='block_1_5' title="bbox 0 0 1651 5152">
    <p class='ocr_par' dir='ltr' id='par_1_8' title="bbox 0 0 1651 5152">
     <span class='ocr_line' id='line_1_40' title="bbox 0 0 1651 5152; baseline 0 0"><span class='ocrx_word' id='word_1_366' title='bbox 0 0 1651 5152; x_wconf 95' lang='lat' dir='ltr'><strong> </strong></span> 
     </span>
    </p>
   </div>
  </div>
 </body>
</html>
