3178 5136
856 401 919 464 246

310 592 436 657 libellum
452 590 641 673 superstitem
656 588 763 666 fisse,
777 597 806 652 et
819 605 882 653 nou
895 589 987 652 modo
1002 588 1039 653 ad
1053 589 1132 653 Sexti
1145 596 1269 653 aetam
1281 576 1456 673 perum

313 697 365 759 sed
380 713 438 758 una
453 712 521 757 eum
537 693 601 775 ipss
616 688 767 773 disu’pliua
775 690 1056 773 mmmsdcaetiam
1067 691 1237 774 mannum
1249 694 1458 776 commigrasse,
1561 762 1562 767 γ

312 799 361 861 nbi
377 798 407 859 iu
423 795 657 859 Theodosiomur
672 794 985 858 sibestobosoorum
999 812 1061 857 uun
1076 796 1175 858 minus
1188 812 1277 877 quam
1291 796 1359 860 olim
1372 798 1402 860 iu
1412 819 1457 862 re·

313 909 408 963 terum
417 899 623 980 magistrumn
637 896 746 961 sobolis
753 904 981 960 nommetur.-
991 898 1105 972 Quodsi
1115 897 1181 980 quis
1192 897 1369 980 banuipsam
1378 900 1460 964 libelli
1561 950 1562 971 ,

313 1003 466 1065 exilitatem
483 1001 689 1065 emunitatem
696 999 860 1082 argumenti
874 999 1043 1062 iuleriorem
1058 999 1165 1063 iudicet
1172 999 1354 1064 Alexandrini
1368 1020 1460 1083 prm·
1561 1048 1562 1071 ,

313 1104 408 1168 matici
417 1105 606 1184 einsqnenon
616 1120 687 1166 saue
695 1103 832 1184 ignobilis
843 1120 980 1184 persona,
987 1101 1171 1166 lsremhaud
1185 1121 1221 1164 ex
1234 1120 1304 1165 rero
1318 1104 1463 1167 aoetinam

313 1205 453 1270 dicendus
469 1207 516 1268 sit.
547 1205 692 1269 Nimirum
708 1206 785 1269 sicut
798 1214 959 1268 ceterarum
974 1203 1080 1268 artium
1094 1205 1133 1267 ita
1140 1204 1229 1268 buius
1239 1214 1358 1270 nosune
1371 1225 1462 1288 praru

313 1309 435 1371 melleae
449 1308 601 1383 elementa,
618 1326 691 1389 quae
705 1326 786 1371 nune
801 1308 919 1389 quidem
933 1308 1081 1390 plerisque
1090 1307 1277 1372 lermshraet
1290 1313 1337 1372 rix
1346 1309 1465 1374 ludima-

313 1412 473 1492 gistrorum
490 1410 594 1474 studiis
614 1420 644 1473 et
658 1411 725 1473 stilo
738 1410 825 1491 digna
846 1410 936 1473 rideri
952 1410 1055 1485 solent,
1074 1427 1171 1491 neque
1184 1410 1277 1475 lauba
1290 1411 1373 1475 iniis
1388 1421 1466 1476 erut

313 1514 349 1576 ad
368 1514 590 1603 inveniendum,
609 1521 639 1576 et
655 1521 813 1595 postquam
832 1513 950 1576 tandem
968 1512 1123 1594 siquando
1144 1530 1324 1594 magnorum
1342 1514 1466 1578 morum
1562 1570 1563 1581 ,

312 1616 437 1697 ingeniis
452 1616 566 1679 iuventa
581 1626 747 1691 ermanno
762 1624 824 1678 tam
839 1616 896 1679 olto
910 1614 1073 1696 pervulgari
1088 1622 1118 1677 et
1130 1614 1270 1680 vilescere
1282 1625 1425 1700 poterant,
1436 1624 1469 1680 nt
1562 1650 1563 1683 r

312 1737 375 1782 non
390 1719 426 1781 iis
441 1719 484 1781 rel
499 1719 682 1801 perficiendis
698 1718 742 1781 vel
754 1719 789 1781 ad
805 1717 978 1801 popularem
990 1736 1077 1781 nsum
1089 1719 1352 1784 accommodandis
1362 1729 1392 1784 et
1401 1736 1468 1803 prs·
1562 1760 1563 1789 r

313 1822 454 1904 pagaudis
470 1822 556 1884 etiam
568 1820 808 1884 doctissimorum
819 1820 865 1883 ills
876 1828 969 1883 aetate
978 1820 1134 1883 hominnm
1145 1822 1243 1885 studia
1255 1822 1393 1886 audocni
1407 1841 1470 1886 cum

312 1925 408 2006 aliquo
422 1925 516 1987 laudis
531 1932 561 1987 et
574 1923 698 1987 bonoria
712 1925 809 1986 frnetu
822 1922 980 2005 potuerint
1009 1922 1048 1984 Et
1062 1924 1162 2004 quand
1175 1923 1290 1987 laboris
1305 1924 1393 1989 inerit
1405 1925 1470 1988 itm·

313 2029 449 2091 demente
463 2028 534 2090 artis
548 2034 667 2089 nostrae
681 2027 765 2089 llrma
777 2036 808 2089 et
821 2025 914 2089 solida
928 2040 1053 2107 ponere,
1068 2044 1215 2108 mamque
1228 2046 1301 2091 sero
1317 2045 1352 2091 ao
1364 2026 1470 2110 paulla-

312 2131 366 2192 tim
385 2130 493 2212 positis
512 2128 708 2193 fundamentis
726 2129 905 2210 rdiquarnm
925 2128 1052 2211 partium
1071 2130 1273 2194 exaedificatio
1292 2130 1472 2204 mensumn

312 2250 375 2296 nou
388 2234 525 2313 ignorant
538 2232 677 2295 historiae
690 2231 845 2296 litterariae
858 2231 945 2313 periti
958 2240 987 2294 et
1000 2249 1097 2313 napa
1110 2232 1275 2296 admodum
1289 2232 1435 2298 mltum
1447 2242 1475 2296 et

313 2348 446 2402 aceumte
460 2338 584 2401 loannes
601 2337 757 2400 Classenus
773 2333 910 2416 erposnlt
929 2333 1103 2397 doctissimo
1123 2334 1221 2397 libello
1245 2336 1285 2398 de
1304 2335 1473 2418 primordiis

313 2441 517 2522 maurmutieac
530 2457 648 2521 merae
661 2438 782 2501 Bounm
796 2454 864 2500 aare
884 2436 964 2499 1829
979 2435 1067 2499 edito.
1093 2470 1134 2483 —-
1159 2437 1372 2511 Quamobrem
1386 2455 1476 2521 quun

314 2541 406 2606 aliena
420 2540 458 2605 ab
471 2540 601 2623 Dionysii
616 2539 757 2621 &gnitate
776 2537 946 2601 bn'mnuodi
965 2537 1054 2601 bbelli
1075 2539 1219 2602 conlectio
1236 2540 1331 2603 rideri
1346 2549 1476 2623 nequeat,

312 2645 504 2707 haemulum
525 2643 723 2725 quaerendum
743 2648 803 2715 est,
827 2649 927 2705 utrum
945 2642 1004 2703 boe
1023 2642 1103 2722 quod
1122 2658 1203 2705 nume
1220 2642 1258 2705 iu
1277 2644 1419 2708 manibus
1433 2651 1477 2709 est

313 2747 491 2830 opusculum
511 2753 634 2828 propter
652 2763 701 2807 res
719 2763 793 2827 pras
816 2743 950 2807 mutina
972 2752 1002 2806 ct
1021 2752 1251 2826 prueceptsrnm
1272 2745 1423 2811 rationem
1442 2746 1477 2809 ὠ

314 2851 373 2912 hoe
385 2866 423 2912 an
434 2849 470 2913 ab
484 2849 540 2911 alio
555 2847 656 2931 potins
673 2847 804 2910 direrme
821 2856 919 2910 sectae
938 2855 967 2909 et
982 2848 1082 2911 maus
1102 2851 1253 2933 smiptore
1273 2852 1477 2934 compaciens

314 2952 402 3015 cidem
416 2952 528 3015 debeat
571 2950 740 3013 Dubitatum
754 2949 906 3012 haedere
918 2950 1005 3012 wana
1020 2951 1098 3032 apud
1114 2953 1276 3035 Byzantios
1297 2955 1395 3019 fuisse
1408 2953 1478 3018 iann-

313 3055 427 3136 pridem
442 3054 479 3128 is,
494 3053 544 3135 qui
557 3053 671 3136 primns
686 3054 763 3114 banc
774 3052 996 3131 grammaticam
1016 3072 1053 3116 ex
1067 3056 1241 3136 apographo
1261 3057 1480 3138 Harubnruensi

314 3157 415 3229 edidit,
429 3156 452 3217 l.
468 3153 753 3217 anaunensium
769 3154 868 3216 Graec.
880 3162 953 3217 tom.
970 3156 1006 3218 Vl
1016 3175 1046 3238 p.
1067 3157 1129 3220 310
1148 3156 1229 3220 Harl
1246 3159 1370 3235 docuit,
1383 3176 1481 3222 moer·

315 3260 374 3340 ptis
390 3257 462 3321 loeis
477 3256 714 3332 rebellantem,
733 3274 809 3338 ques
828 3273 923 3338 nuper
942 3257 1072 3339 integros
1087 3277 1145 3322 nna
1162 3279 1231 3323 enm
1248 3261 1319 3344 ipsu
1333 3281 1482 3343 mma·

282 3374 298 3423 e
316 3366 372 3426 tica
387 3361 537 3424 Bellerus
551 3358 707 3441 publicarit
720 3359 826 3422 luced.
842 3359 891 3421 Gr.
907 3369 979 3423 tom.
995 3361 1033 3436 ll;
1052 3363 1225 3442 nuperrime
1239 3374 1350 3429 antem
1365 3363 1485 3430 Garulm

318 3462 525 3545 Goettllupius,
543 3461 588 3524 rlr
607 3462 753 3543 imprimis
774 3462 879 3524 domus
899 3471 929 3523 et
943 3471 1058 3537 aonurs,
1082 3482 1172 3544 qnnm
1193 3464 1368 3530 Theodosii
1386 3467 1485 3529 Artem

315 3569 413 3630 ederet
428 3571 518 3647 (qnae
535 3574 633 3628 tamen
652 3582 714 3627 uon
728 3572 790 3627 tam
805 3565 868 3645 ipsa
884 3564 939 3626 Ars
956 3565 1051 3627 vocari
1065 3565 1194 3640 debebat,
1209 3585 1310 3647 qnam
1323 3569 1417 3633 buius
1430 3585 1486 3631 uo-

315 3676 396 3732 strae
413 3669 492 3731 llrtis
512 3667 756 3745 commentarius)
776 3667 807 3729 in
826 3667 1007 3747 praelatione
1026 3688 1056 3749 p.
1077 3670 1109 3730 V.
1130 3670 1175 3732 ll.
1190 3688 1251 3749 pro
1274 3680 1362 3735 certe
1377 3669 1487 3742 statuit

315 3771 485 3852 Byzantium
497 3770 589 3832 luisse
602 3769 692 3833 buius
706 3769 791 3832 libelii
806 3777 964 3845 auctorem,
980 3770 1082 3852 siquis
1097 3772 1183 3835 inerit
1196 3772 1369 3854 Byzantium
1384 3772 1489 3837 veteris

315 3873 391 3936 illins
406 3873 536 3954 llionysii
551 3872 737 3953 cognominis
746 3876 791 3949 θ);
806 3873 898 3953 magis
913 3881 1011 3935 tamen
1027 3874 1164 3937 credibile
1178 3876 1303 3940 censuit
1317 3894 1386 3941 non
1400 3875 1488 3940 unias

565 4050 613 4059 —-

382 4148 407 4210 3)
426 4146 530 4200 Scilicet
541 4150 605 4215 quod
618 4149 776 4203 Sebolisstae
793 4152 835 4203 isti
851 4168 876 4219 p.
889 4152 939 4204 672
955 4154 987 4205 de
1004 4154 1126 4222 Dionysio
1143 4155 1254 4221 padam
1268 4157 1418 4227 loquuntur
1434 4160 1492 4223 Hu-

315 4233 367 4300 ροῦ
377 4233 420 4284 rel
434 4232 532 4297 Πησοῦ
544 4232 610 4297 lilio,
623 4237 663 4302 qui
676 4235 762 4288 'l'bru
779 4237 862 4288 dietus
874 4239 908 4288 rit
919 4246 963 4289 aut
982 4254 997 4289 a
1010 4240 1103 4306 patria,
1115 4247 1160 4291 aut
1171 4248 1286 4307 propter
1299 4244 1408 4309 liuguae
1420 4259 1493 4310 aspe-

314 4319 423 4380 ritatem,
435 4324 480 4368 aut
491 4318 566 4368 enam
577 4314 646 4371 aurci
659 4315 776 4386 πλάνην,
789 4329 894 4390 apparet
905 4338 949 4374 eos
962 4324 1022 4375 nibil
1035 4325 1081 4375 uisi
1091 4325 1243 4392 bariolatos,
1258 4335 1289 4380 et
1301 4330 1391 4398 patris
1403 4343 1493 4381 nones

313 4418 346 4454 ex
362 4401 434 4468 Tere,
446 4402 487 4469 qni
499 4405 594 4455 veteris
607 4403 676 4457 illins
688 4414 762 4474 pater
773 4407 828 4473 luit,
839 4415 884 4459 aut
893 4408 926 4459 ab
937 4409 999 4475 ipris
1010 4416 1055 4461 ant
1065 4425 1080 4460 a
1092 4409 1182 4462 scribis
1195 4422 1360 4483 corruptam
1373 4430 1444 4469 sace
