3276 5144
674 472 826 572 ,qap-

174 654 267 745 παρό
287 657 392 724 ταῦτα
411 655 455 723 τὰ
477 653 627 742 ὀνόματα
648 654 779 745 ἐγένετο,
802 669 853 724 aut
873 662 962 724 etiarn
977 658 1071 742 nopai
1091 660 1132 727 τό
1153 673 1192 746 ψ.
1213 657 1269 730 iat
1287 685 1330 744 ο,

173 756 270 848 οἷπερ
293 761 435 847 δοίημεν,
451 759 494 826 τό
509 757 554 826 όν.
577 758 710 847 ἐγένετο.
755 764 813 827 Sed
828 771 864 827 ut
877 765 995 829 tolerari
1008 767 1122 847 vulgatu
1136 767 1222 831 lectio
1236 771 1331 850 possit

172 867 203 929 ln
217 869 360 947 scriptore
374 867 484 930 nullius
502 868 546 929 rei
565 868 664 930 minus
686 886 774 949 ηοωο
796 869 882 947 plana
896 874 927 930 et
942 869 1095 949 perspicue
1110 869 1250 952 loquendi
1263 880 1329 934 stu·

173 971 266 1043 dioso,
282 970 355 1033 baeo
369 977 478 1045 tamen
499 988 574 1052 quae
589 970 689 1033 statim
705 978 880 1052 sequuntur,
902 966 944 1031 τὰ
960 966 1000 1053 δή
1015 964 1050 1031 ἐν
1065 961 1159 1056 όξοίη
1174 957 1331 1059 προφορᾷ

171 1067 229 1134 καὶ
249 1065 283 1135 ἐν
304 1069 410 1136 alloes
429 1070 470 1157 τῇ
489 1067 548 1135 διὰ
566 1070 626 1135 σοι’
646 1059 699 1147 au}
717 1067 754 1136 ἐκ
772 1067 925 1158 ῥημάτων
944 1063 1131 1154 ἀναγόμενα
1150 1071 1235 1137 κατὰ
1255 1072 1331 1138 σόν·

171 1169 592 1259 θεοινπσρολαμβόνοται,
613 1176 695 1238 nullo
715 1176 806 1238 modo
821 1194 888 1238 cum
904 1176 1146 1256 praecedentibus
1161 1178 1329 1252 cohaerent,

170 1277 241 1339 satis
256 1278 330 1340 bene
344 1286 443 1341 antem
458 1278 590 1360 procedit
603 1278 771 1360 disputatio,
782 1278 808 1341 si
823 1278 926 1340 deletis
940 1278 996 1340 illis
1010 1297 1079 1341 cuna
1093 1281 1244 1361 superiore
1259 1299 1330 1362 pro·

171 1380 317 1459 positione
338 1382 571 1460 coniunguntur:
599 1372 628 1442 ai
649 1375 687 1443 δέ
704 1400 757 1454 τις
771 1375 829 1441 καὶ
844 1376 884 1442 τό
899 1371 1034 1460 α’κριβὲς
1049 1375 1249 1465 ἐπιστήσειε,
1271 1377 1330 1446 καὶ

171 1475 210 1542 τό
225 1471 406 1564 ἀψευδής
420 1478 477 1545 καὶ
492 1477 543 1546 ἔσο
554 1477 595 1544 τό
611 1474 767 1568 α’σαφής
782 1475 930 1566 πρότερα
945 1473 986 1544 ite
1001 1475 1163 1563 οὕροιτοῦ
1176 1478 1330 1568 ψευδής

170 1579 228 1645 καὶ
247 1579 385 1669 σαφής.
408 1580 450 1648 τὰ
472 1581 513 1668 δὴ
534 1579 568 1647 ἐν
583 1576 675 1670 ὀξείᾳ
689 1582 848 1670 προφορᾷ
861 1582 945 1662 quiq
965 1605 1145 1668 quamquam
1161 1581 1223 1669 γάρ
1238 1606 1327 1668 quarn

171 1680 215 1768 ‹lq'
228 1687 371 1768 seriptum
387 1689 516 1750 mallem.
559 1688 631 1752 Utut
645 1696 701 1763 est,
716 1689 795 1752 istud
812 1681 896 1751 ἀλλὰ
911 1682 1013 1774 φήσει
1026 1709 1080 1764 τις
1093 1724 1135 1734 —-
1149 1725 1193 1735 -
1207 1683 1329 1770 ἐγένετο

170 1788 206 1852 ab
221 1791 279 1852 boc
292 1797 432 1853 contextu
454 1792 582 1853 alienum
602 1811 666 1855 esee
686 1801 814 1873 apparat
860 1794 997 1856 Ceterum
1012 1812 1039 1853 v.
1055 1792 1096 1854 23
1118 1810 1179 1855 non
1194 1788 1254 1856 διό
1268 1793 1329 1856 τοῦ

171 1876 225 1965 οἷς
243 1893 296 1955 aed
317 1890 377 1956 διὰ
397 1893 455 1956 τοῦ
469 1881 508 1978 q}
524 1896 712 1958 scribendum
732 1896 824 1958 luisse
844 1915 891 1957 res
913 1896 976 1976 ipsa
996 1895 1193 1972 demonstrat,
1219 1904 1249 1959 et
1272 1915 1327 1978 pro

150 1994 151 1997 ’
171 1984 356 2075 ἀναγόμενα
373 2013 444 2057 usus
464 1996 602 2076 loquendi
621 1992 835 2078 παραγόμενα
856 1999 964 2079 poscit3
991 2017 1017 2060 v.
1032 1998 1073 2059 29
1093 2007 1194 2061 autem
1212 1999 1327 2077 lacuna,

170 2114 245 2178 quae
259 2103 305 2159 est
318 2099 395 2160 inter
408 2098 466 2161 καί
478 2105 509 2162 et
521 2093 686 2181 συνήθως,
708 2101 864 2162 commode
886 2101 1050 2180 explebitur
1060 2103 1169 2164 inserta
1183 2102 1326 2164 eoniuno·

169 2200 251 2261 tione
266 2194 356 2263 ἕπείε
372 2201 499 2282 denique
514 2203 544 2264 iu
556 2221 582 2262 r.
594 2201 634 2264 33
650 2202 839 2265 scribendum
854 2221 970 2276 censeo,
986 2195 1046 2265 οόκ
1061 2193 1128 2286 ἄρα
1143 2194 1273 2283 όπορον
1286 2200 1326 2266 τό

170 2299 288 2384 σχῆμα,
315 2295 452 2387 δόκησιν
471 2298 545 2381 ἔχον
559 2298 753 2380 συνθέσεως,
779 2303 827 2369 τὸ
847 2303 920 2369 τοῦ
945 2298 1103 2389 ἀέκητι,
1125 2324 1179 2386 pro
1194 2326 1231 2368 eo
1246 2307 1326 2388 quod

169 2405 282 2468 editum
307 2413 355 2469 est
380 2398 417 2468 ian
441 2409 502 2469 τοῦ
527 2399 651 2490 ἀέκητι.
695 2408 808 2490 Nempe
827 2410 885 2472 boc
903 2408 974 2471 dieit
993 2407 1176 2489 llpollonius,
1198 2409 1326 2472 formam

169 2510 297 2573 adverbii
313 2500 442 2594 ἀέκητι,
464 2511 597 2592 quamvis
619 2512 843 2593 compositionis
864 2532 899 2574 ex
914 2503 1006 2597 ἕκητι
1026 2518 1056 2573 et
1069 2516 1087 2577 a
1101 2511 1242 2592 privativo
1257 2530 1326 2592 spo-

168 2614 244 2678 oiom
259 2616 403 2696 praeterat
424 2621 512 2694 atque
531 2614 574 2677 eie
587 2632 717 2697 pugnare
731 2615 863 2677 videatur
876 2634 945 2677 eum
960 2614 1164 2677 observatione
1176 2632 1326 2694 gmrnma·

165 2717 302 2790 tieorum,
319 2718 370 2797 qul
386 2718 519 2780 adrubla
535 2735 603 2780 oum
619 2722 636 2784 a
651 2717 793 2799 privativo
809 2717 948 2798 componi
962 2716 1107 2797 negabant
1122 2720 1163 2798 (p.
1177 2717 1249 2789 544,
1264 2716 1326 2792 19),

165 2836 228 2880 non
249 2826 349 2881 umen
370 2820 601 2902 inexplicabilem
622 2811 774 2900 (όπορον)
795 2838 869 2892 esse,
891 2820 1000 2901 quippe
1019 2837 1113 2899 quum
1131 2808 1244 2900 ἀέκητι
1265 2834 1327 2879 non

166 2938 202 2981 ex
219 2913 312 3004 ἕκητι
327 2927 358 2982 et
369 2923 386 2987 ἁ
398 2921 538 3002 privativo
553 2923 674 2996 laetum,
691 2923 742 2984 sed
758 2941 774 2985 a
789 2922 878 2984 verbo
891 2912 1021 2997 ἀεκόζω
1032 2928 1130 2983 ortum
1145 2920 1184 2982 sit
1199 2922 1240 3000 lp.
1253 2920 1325 2993 545,

166 3024 187 3084 4
201 3028 294 3104 σόη),
317 3024 387 3086 bino
400 3024 481 3086 enim
497 3015 647 3099 αόκαστί,
668 3031 757 3106 atque
777 3044 812 3087 ex
831 3025 889 3086 boe
902 3042 1007 3087 rursus
1021 3024 1115 3085 deleta
1130 3023 1226 3085 littera
1241 3022 1274 3097 a,
1296 3029 1327 3084 et
1354 3012 1358 3021 “

166 3128 184 3190 ἆ
200 3125 298 3191 ionice
312 3133 344 3194 in
357 3132 374 3207 i,
394 3132 517 3203 mutata,
538 3119 663 3212 οἷένητι,
683 3146 718 3190 ex
734 3118 975 3212 disquirentem,
996 3127 1106 3189 abiecta
1119 3125 1215 3188 littera
1228 3124 1326 3207 priva·

164 3227 230 3304 tiva,
247 3222 339 3314 ἕκητι
353 3230 493 3292 extitisse.

250 3333 283 3394 P.
301 3332 372 3405 548,
392 3332 443 3393 29.
487 3332 618 3395 Plurima
632 3332 766 3396 adverbia
780 3333 811 3394 in
827 3332 988 3413 ibarytona
1002 3337 1082 3405 sunt,
1104 3322 1148 3391 τό
1160 3348 1198 3391 το
1212 3322 1325 3404 όξονό-

163 3454 246 3515 μονα
267 3428 301 3496 ἐν
321 3455 394 3519 τηνι
414 3428 551 3518 τηρήσει
573 3429 645 3497 ἐστὶ
670 3432 755 3498 κατὰ
780 3431 838 3516 τὴν
863 3428 1013 3518 όξότητα.
1057 3430 1181 3513 Scripsit
1199 3432 1326 3494 fortusse

164 3535 337 3618 Apollonius
353 3529 387 3600 ἔν
400 3556 468 3599 τινι
482 3530 634 3619 τηρήσει,
656 3555 715 3617 quo
734 3536 910 3616 signiticaret
923 3536 1059 3598 adverbia
1074 3536 1105 3596 in
1119 3538 1143 3608 1,
1160 3552 1234 3614 qnae
1252 3552 1325 3613 oxy-

165 3647 235 3702 tona
257 3646 369 3714 essent,
391 3638 588 3702 observationi
603 3639 719 3701 cuidam
733 3638 863 3701 subiecta
879 3658 943 3701 esse
957 3638 987 3698 la
1003 3659 1029 3700 e.
1045 3636 1208 3717 analogiam
1230 3652 1325 3715 quan·

166 3743 233 3805 (lam
248 3741 349 3822 sequi,
370 3759 444 3821 qnae
466 3741 646 3803 observanda
661 3749 748 3805 esset
778 3741 820 3803 lle
833 3758 894 3803 uno
910 3742 1018 3803 borum
1033 3756 1138 3821 genere
1154 3738 1264 3801 dietum
1279 3745 1326 3800 est

164 3863 193 3927 p.
209 3845 283 3919 545,
302 3843 340 3905 12
355 3862 420 3925 sqq.
435 3877 477 3889 -
491 3844 656 3926 Exponltur
669 3862 758 3927 porro
774 3844 874 3906 elisam
890 3843 1018 3906 litteram
1035 3850 1053 3911 ‘a
1072 3843 1104 3904 in
1118 3840 1219 3903 multis
1235 3857 1324 3902 voca·

163 3948 240 4011 bulis
255 3964 373 4011 censam
389 3966 454 4009 esse
467 3946 637 4009 retrahendi
655 3955 807 4020 accontus,
830 3946 909 4008 velut
928 3965 1022 4028 quum
1040 3963 1096 4028 pro
1117 3941 1251 4025 oxytonis
1271 3938 1325 4004 ‹la-

164 4044 319 4135 οποστής,
335 4043 621 4133 &pompeniano
632 4044 808 4133 δεσπότης,
820 4042 966 4133 ἐργόοης,
981 4058 1012 4112 et
1025 4069 1042 4110 e
1054 4040 1325 4131 ουνεληλασμόνοι
1439 4034 1445 4045 '

163 4162 346 4235 paronytono
374 4153 425 4215 liat
452 4146 704 4236 σονοληλόμονοι
732 4161 1004 4235 proparonptonum
1035 4150 1085 4231 tel.
1105 4169 1134 4231 p.
1151 4150 1230 4222 545,
1262 4149 1322 4227 10).

165 4255 305 4336 Sequitur
325 4274 354 4338 p.
371 4256 443 4329 549,
460 4255 490 4329 9,
510 4250 549 4317 πό
572 4274 608 4335 ye
627 4251 691 4339 μὴν
711 4249 891 4338 σομχεόας.
908 4299 916 4316 .
931 4301 939 4316 .
956 4270 1006 4316 ων
1023 4248 1082 4315 τόν
1102 4243 1200 4314 αὐτόν
1218 4246 1324 4328 τόνον,

163 4359 215 4423 ahi
229 4365 350 4441 apparet
364 4358 396 4420 ln
411 4359 515 4423 laouba
530 4358 673 4421 excidisse
684 4357 806 4421 verbum
818 4355 870 4419 δεῖ
879 4374 947 4420 oum
963 4356 1115 4429 lnlinltivo,
1128 4371 1191 4415 non
1204 4352 1324 4434 quidem

163 4482 217 4539 eo,
244 4480 333 4545 quem
356 4461 545 4525 doctissimus
565 4460 729 4524 Slrzeeala
750 4459 919 4542 proposuit,
945 4449 1129 4539 ἀναμένων,
1154 4455 1205 4519 sed
1225 4455 1323 4539 potius
