3164 5138
687 432 726 497 3l

611 520 810 531 ...,.----

118 621 345 705 llionpsiaca,
367 621 589 695 Thebaides,
609 621 808 703 Epigonos,
829 616 1063 699 Naupactica,
1082 615 1163 694 alia;
1182 635 1286 683 unum

125 727 261 807 quidem
276 727 427 789 beroem
444 726 481 787 in
497 724 679 800 nonnulis,
694 728 789 804 (nam
804 723 949 785 luerunt
964 719 1063 801 plura
1077 721 1285 802 perbreria),

126 831 158 891 in
175 829 275 892 nullo
296 846 404 892 unam
424 829 478 891 rel
503 827 706 909 primariam
727 825 918 901 actionem,
942 822 1120 905 episodiis
1145 827 1184 889 ad
1209 845 1285 888 mo-

127 933 201 994 dum
214 931 342 994 Iliadis
357 932 602 1006 intertextam,
617 928 870 1009 deprehendes.
895 930 1016 1013 Magno
1031 941 1174 994 auctore
1188 931 1223 993 id
1237 931 1286 993 al-

128 1035 242 1109 lirmo,
255 1051 329 1096 non
346 1033 554 1097 coniectura
569 1034 705 1095 ductus.
748 1032 799 1095 lta
818 1030 910 1095 enim
923 1034 1143 1098 Aristotcles
1158 1033 1287 1114 ubique

126 1137 312 1217 praedicat
331 1137 373 1199 de
387 1136 557 1211 Homero,
572 1136 619 1197 ita
635 1154 710 1197 eum
728 1143 877 1215 propter
890 1135 995 1199 istam
1009 1138 1123 1219 ipsam
1137 1155 1209 1199 rem
1229 1154 1286 1198 ce-

127 1240 214 1300 teris
229 1239 269 1300 in
284 1240 408 1300 eodem
424 1256 552 1319 genere
568 1236 733 1300 omnibns
748 1239 952 1318 anteponit,
973 1249 1010 1302 ut
1027 1241 1147 1303 nullus
1162 1257 1287 1301 eorum

127 1341 188 1402 bac
201 1341 240 1402 in
253 1359 292 1402 rc
311 1342 436 1403 ducem
456 1349 490 1402 ct
503 1340 704 1421 principem
719 1359 821 1402 suum
841 1340 1003 1404 imitatus
1017 1362 1098 1405 esse
1116 1342 1288 1415 videatur,

126 1459 166 1504 ne
179 1442 357 1505 Pisander
376 1442 516 1522 quidem
539 1452 597 1507 aut
615 1442 786 1524 Panyasis
806 1452 864 1505 aut
881 1444 1126 1520 Antimachus,
1147 1445 1206 1525 qni
1230 1463 1286 1506 se-

126 1543 481 1608 candumHomerum
494 1545 803 1628 optiminumerati
816 1547 1287 1628 sunt‚nedumantiquiores

126 1655 158 1709 et
171 1647 309 1727 cyclici.
324 1681 366 1692 -
378 1649 472 1722 Quae
486 1667 589 1728 quum
604 1650 653 1711 ita
668 1648 753 1721 sint,
768 1648 849 1728 quis
864 1657 965 1729 putet
978 1650 1061 1712 illos
1077 1669 1198 1714 omnes
1214 1667 1286 1712 eam

126 1758 251 1825 artem,
274 1768 361 1830 quac
382 1758 454 1811 tam
476 1750 625 1813 eximiae
646 1751 887 1832 perfeetionis
903 1762 1087 1829 causaest,
1110 1753 1139 1815 si
1160 1753 1200 1815 ab
1216 1751 1287 1814 llo-

126 1871 225 1914 mero
243 1851 441 1914 adhibitam
460 1853 647 1927 vidissent,
674 1862 733 1916 aut
755 1871 826 1915 non
847 1853 1082 1931 intellexisse,
1103 1862 1163 1919 aut
1181 1854 1288 1916 intel·

126 1955 252 2017 lectam
273 1953 443 2018 aemulari
463 1955 674 2019 noluisse?“
693 1991 737 2001 —
756 1957 833 2018 llaec
849 1956 985 2033 Wollius,
1004 1960 1051 2022 cui
1073 1958 1121 2039 qui
1137 1957 1288 2038 obloquuti

127 2067 205 2131 sunl,
217 2057 291 2120 illud
307 2058 434 2119 maxime
449 2057 504 2120 sibi
521 2059 665 2139 agendum
677 2059 888 2135 intellexerunt,
903 2071 935 2122 ut
947 2062 1119 2142 cyclicorum
1136 2069 1288 2141 poetarum

127 2178 261 2234 munna,
280 2178 348 2222 urm
367 2159 522 2223 Homerica
542 2159 687 2224 artissime
706 2162 905 2237 coniunctam,
925 2164 1119 2244 susciperent,
1140 2171 1289 2243 artemque

125 2262 213 2335 dnn,
229 2279 321 2341 mam
335 2263 424 2324 vasen
438 2262 567 2326 Homero
583 2263 777 2338 vindicabant,
797 2264 843 2325 bis
860 2282 978 2344 quoque
992 2265 1218 2345 haudquaquam
1238 2265 1289 2326 de·

127 2364 217 2427 inisse
231 2365 484 2440 demonstrarent,
503 2377 553 2429 aut
570 2366 669 2447 potius
689 2367 908 2431 contenderent
952 2366 1026 2429 Nam
1042 2367 1238 2431 demonsuari
1254 2368 1290 2429 de

128 2466 309 2530 carminibus
326 2467 494 2547 deperditis,
510 2476 539 2530 et
550 2487 676 2549 querum
690 2476 805 2549 praeter
818 2469 1016 2549 paucissimos
1026 2471 1188 2534 versiculos
1203 2488 1288 2551 prae-

128 2580 230 2651 terque
248 2569 417 2632 Proclianas
436 2570 580 2650 epitomas
599 2570 673 2632 nibil
691 2572 836 2651 reliquum
851 2579 908 2642 est,
935 2573 1011 2635 baud
1032 2573 1113 2634 facile
1132 2574 1290 2655 quidquam

128 2692 219 2753 posse
233 2681 367 2752 apparet,
382 2690 560 2753 omnemque
574 2672 803 2753 disputationem
818 2673 849 2736 in
868 2694 903 2735 eo
918 2681 1033 2736 tantum
1047 2675 1155 2737 versari
1169 2694 1291 2738 necesse

129 2786 190 2849 est,
210 2774 343 2855 primum
364 2783 396 2836 ut
408 2774 571 2838 Aristotelis
591 2776 627 2837 de
646 2776 824 2838 carminibus
845 2776 901 2837 illis
921 2776 1124 2838 testimoninm
1140 2776 1292 2855 diligenter

129 2878 306 2951 ewaatnr,
327 2885 356 2938 et
377 2877 446 2958 quid
469 2897 504 2940 ex
525 2898 562 2940 eo
586 2879 622 2941 de
644 2898 747 2942 eorum
770 2878 987 2959 compositione
1002 2877 1097 2957 colligi
1117 2878 1171 2941 rite
1185 2879 1290 2958 possit,

129 2979 299 3051 deliniatur,
320 2979 423 3042 deinde
442 2988 476 3042 ut
494 2982 559 3062 ipsa
582 2980 744 3044 carminum
765 2989 935 3060 argumenta
956 2991 1033 3044 certe
1052 2999 1115 3043 non
1134 2980 1292 3043 abhorrere

130 3082 165 3143 ab
180 3082 341 3145 artilidosa
356 3091 385 3145 et
399 3082 580 3159 Homericae,
594 3084 620 3145 si
634 3083 733 3146 minus
748 3082 821 3164 pari,
838 3100 898 3145 non
914 3091 1011 3145 umen
1026 3083 1150 3147 absimili
1166 3103 1290 3164 compo-

130 3184 237 3246 sitione
263 3185 411 3263 probetur.
459 3187 573 3248 Horum
595 3194 753 3267 utrumqne
774 3204 865 3267 quum
887 3184 924 3246 ab
946 3185 1022 3261 aliis,
1046 3195 1108 3248 tum
1131 3187 1292 3250 merimea

129 3284 280 3349 llitzsclrio
302 3289 409 3351 lactum
427 3297 484 3364 est,
509 3288 558 3371 qui
579 3309 653 3371 quae
674 3288 785 3352 dudum
809 3288 845 3350 de
863 3287 993 3349 Homero
1014 3288 1174 3368 ceterisque
1194 3289 1323 3369 poetica

129 3387 341 3453 aeusuoribus
357 3392 479 3472 carptim
494 3393 718 3473 perscripserat,
737 3408 833 3469 nuper
846 3389 877 3451 in
891 3407 984 3453 rmum
999 3391 1117 3454 collecta
1136 3391 1293 3472 multisque

130 3507 160 3560 et
177 3495 337 3578 praeclaris
355 3494 488 3574 partibus
512 3503 594 3557 aucta
614 3492 784 3575 proposuit,
807 3491 1005 3572 gratissimum
1029 3495 1161 3573 prolecto
1184 3512 1293 3556 munus

132 3599 274 3663 omnibus
288 3597 432 3659 bonarum
451 3596 611 3661 litterarum
630 3596 804 3659 amantibus.
847 3594 907 3657 Sed
926 3596 963 3658 de
976 3595 1140 3658 Aristotelis
1166 3596 1292 3659 auctori-

131 3712 191 3766 tate
205 3720 300 3784 quum
318 3709 400 3762 acute
419 3700 536 3781 quidem
556 3718 591 3761 ac
605 3697 762 3769 subtiliter,
782 3716 877 3778 neque
891 3705 989 3759 tamen
1008 3698 1046 3761 ita
1061 3699 1241 3778 disputatum
1257 3699 1295 3760 sit

133 3807 227 3868 ariro
249 3803 372 3877 eximio,
392 3812 426 3865 ut
442 3803 530 3883 plane
549 3802 577 3863 ei
597 3800 732 3864 assentiri
752 3799 881 3880 possim,
903 3801 1044 3864 utendum
1068 3802 1125 3863 bac
1148 3801 1293 3864 scribendi

133 3905 355 3988 opportunitate
374 3905 462 3968 stabii
482 3906 518 3968 ad
534 3904 707 3967 sententiam
726 3921 822 3965 meam
838 3920 926 3982 quam
941 3903 1112 3983 planissime
1125 3912 1227 3984 potero
1243 3924 1296 3967 ex-

132 4009 315 4091 ponendam.

218 4112 313 4191 Igitur
338 4110 369 4170 in
394 4108 490 4171 libello
516 4111 552 4172 de
574 4117 636 4173 erte
662 4107 776 4190 poetica
798 4107 926 4171 dilaudat
944 4107 1106 4171 Homerum
1125 4107 1294 4171 Aristoteles

136 4214 252 4278 duobus
271 4213 361 4287 loris,
388 4231 451 4293 cap.
467 4211 487 4275 8
503 4222 532 4274 et
546 4232 608 4295 cap.
624 4211 680 4286 23,
706 4217 861 4292 propterea
881 4211 960 4290 quod
979 4227 1057 4273 unus
1081 4212 1141 4273 lere
1160 4210 1293 4272 omnium

134 4328 291 4398 poetarum
306 4314 458 4396 epicorum
472 4314 565 4395 legem
580 4313 698 4378 unitatis
712 4313 743 4375 in
757 4330 872 4388 rerum,
890 4331 962 4394 quas
977 4312 1127 4386 cecinerit,
1142 4311 1254 4373 delectu
1268 4319 1297 4371 et

134 4421 311 4487 uocauere
334 4416 499 4483 mmavuit.
552 4417 695 4482 Peccasse
718 4414 798 4478 enim
818 4422 918 4479 contra
943 4415 1018 4479 banc
1041 4414 1134 4495 legem
1158 4427 1220 4474 non
1243 4427 1295 4470 eos
