3266 5140
687 511 749 573 too

145 703 256 765 nunus
271 703 345 764 viam
361 700 532 773 invenisset,
554 708 649 762 mmeu
671 708 700 760 et
720 699 864 760 clarorum
880 698 1010 759 virorum
1024 699 1096 760 lacta
1109 699 1230 760 libenter
1245 718 1297 760 co·

145 805 301 886 gnoscebat
315 814 343 864 et
358 820 492 882 magnam
508 802 538 862 in
553 802 589 863 iis
604 803 662 864 vim
678 820 744 862 esse
763 798 940 878 intelligebat
958 799 993 861 ad
1013 798 1100 861 insita
1119 800 1233 862 virtutis
1248 819 1297 862 se·

145 906 221 969 mina
242 906 341 968 alenda
362 913 447 984 atque
467 903 624 964 excitanda.
657 901 756 981 ltaque
775 919 864 981 quum
886 899 993 980 patriae
1013 919 1130 981 quoque
1145 900 1296 964 historiam

144 1008 265 1088 egregiis
279 1006 421 1087 exemplis
442 1004 588 1067 abundare
608 1003 760 1074 iudicaret,
780 1021 871 1083 eaque
890 1003 921 1064 in
941 1001 1067 1064 obscum
1085 1003 1174 1066 latere
1194 1004 1297 1066 sibiae

144 1109 204 1171 suis
219 1118 304 1189 turpe
318 1109 508 1179 existimaret,
529 1115 630 1168 auctor
649 1106 703 1167 luit
721 1105 828 1166 loanni
847 1105 1048 1184 Bugenbagio‚
1067 1105 1116 1187 qui
1136 1115 1206 1168 tuno
1221 1106 1296 1168 Tre·

144 1213 323 1291 ptoviensem
345 1210 474 1272 scholam
500 1209 628 1288 regebat,
648 1216 682 1270 ut
704 1206 893 1270 Pomeraniae
912 1226 959 1269 res
985 1216 1082 1287 gestas
1108 1217 1299 1287 componeret

144 1322 172 1373 et
184 1312 365 1394 posteritatis
381 1311 538 1372 momoriae
553 1311 780 1372 commendaret.
810 1309 850 1372 lta
858 1328 915 1371 nos
927 1309 1021 1388 prima
1035 1309 1145 1389 patriae
1159 1308 1297 1371 historiae

143 1416 222 1478 initia
237 1415 371 1494 bogislao
386 1422 489 1475 nostro
506 1412 654 1474 debemus.

227 1515 344 1577 Talibus
364 1516 417 1577 lbit
431 1515 475 1575 illc
494 1513 608 1593 publice
627 1512 820 1595 privatimque
839 1514 985 1576 moribus:
1003 1533 1099 1596 neque
1114 1516 1295 1590 mirabimur,

143 1620 248 1680 borum
264 1635 325 1679 nou
340 1618 417 1696 apud
433 1634 504 1678 suos
520 1614 615 1677 solum
630 1615 773 1695 insignem
787 1616 877 1678 luisse
889 1635 1061 1679 amoremac
1071 1619 1296 1695 venerationem,

142 1720 192 1780 sed
208 1720 245 1781 ad
261 1727 375 1780 exteros
391 1736 507 1798 qnoque
521 1720 627 1779 lamam
644 1737 677 1779 ac
691 1717 813 1798 gloriam
831 1718 918 1799 louge
936 1720 1048 1801 latoque
1064 1720 1208 1783 diffusam.
1238 1721 1296 1783 lta·

141 1841 198 1902 que
213 1829 243 1882 et
257 1821 442 1883 confluebant
455 1820 584 1900 undique
598 1820 691 1895 multi,
706 1828 738 1882 ut
752 1819 816 1882 talis
832 1820 884 1882 uiri
899 1822 1041 1900 adspectu
1057 1824 1295 1886 ooramlrueren·

142 1933 197 1998 tur,
211 1930 240 1985 et
253 1923 349 1986 nullus
365 1922 418 1985 luit
431 1922 479 1984 illo
494 1929 626 2002 tempore
641 1923 787 2002 princeps,
803 1923 873 2002 quin
888 1922 968 1984 buno
982 1923 1039 1986 sibi
1047 1924 1143 2004 aliquo
1154 1925 1296 1989 amicitiae

141 2033 191 2089 aut
204 2025 349 2088 affinitatis
364 2023 478 2086 vinculo
494 2023 680 2086 coniunctum
696 2031 822 2104 cuperet.

226 2128 318 2190 lluius
341 2129 381 2189 rei
407 2126 530 2191 maxime
554 2125 679 2204 insignia
702 2125 877 2187 documenta
901 2125 980 2205 cepit
1001 2134 1071 2206 post
1098 2127 1295 2207 Margaretbae

143 2229 241 2291 uxoris
257 2238 397 2303 mortem,
418 2248 507 2311 quum
523 2228 684 2290 multorum
705 2227 731 2288 ei
749 2226 917 2306 principum
932 2226 1005 2288 filiae
1019 2237 1071 2290 aut
1084 2246 1203 2291 sorores
1217 2230 1294 2292 ultro

142 2330 171 2391 iu
187 2331 405 2393 matrimonium
421 2332 601 2393 offerrentur.
632 2329 698 2391 Fuit
716 2329 746 2390 in
765 2328 813 2389 bis
827 2327 914 2390 etiam
929 2330 1025 2400 Anna,
1045 2329 1178 2392 Casimiri
1197 2331 1308 2411 Jagel-.

140 2432 226 2506 lonis,
242 2432 422 2495 Polonorum
438 2433 515 2513 regis
530 2432 597 2494 lilia.
626 2431 702 2493 Nam
716 2448 807 2510 quum
825 2429 909 2508 legati
928 2429 1123 2504 Polonorum,
1143 2433 1191 2513 qui
1213 2442 1297 2496 erant
1316 2440 1348 2493 27

139 2542 211 2596 tunc
231 2536 305 2597 lorte
323 2534 442 2597 aliarum
461 2554 559 2597 rerum
582 2551 668 2595 cansa
690 2532 787 2605 missi,
807 2539 959 2612 peragrata
979 2532 1151 2595 Pomerania
1174 2554 1296 2599 omnem

139 2646 247 2698 terram
267 2636 449 2699 intuerentur
466 2637 549 2717 pagis
570 2635 744 2717 oppidisque
758 2632 1005 2707 florentissimam,
1020 2636 1295 2713 agroscultissimos

139 2746 169 2801 et
182 2740 299 2817 longum
318 2746 462 2819 proventu
480 2738 658 2811 uberrimos,
679 2737 771 2799 lautas
789 2735 944 2797 bominum
965 2754 1050 2815 opes,
1070 2756 1168 2800 mores
1183 2739 1296 2820 probos

139 2848 169 2904 et
182 2841 338 2916 humanus,
353 2859 414 2903 reru
431 2840 575 2922 publicam
589 2838 701 2919 legibus
715 2846 746 2899 et
759 2838 899 2899 institutis
908 2838 1054 2918 sapienter
1066 2848 1198 2903 ornatam
1212 2860 1295 2921 egre·

140 2943 243 3022 gieque
257 2940 671 3020 administratachgislanm
686 2948 792 3013 autem,
807 2958 893 3020 quem
902 2939 1137 3004 huiuslelicitatis
1146 2953 1295 3006 auctorem

141 3062 246 3105 omnes
266 3044 481 3123 praedicabant,
502 3052 640 3123 tanquam
660 3059 770 3104 numen
789 3041 905 3122 aliquod
926 3060 1068 3122 praesens
1088 3046 1225 3111 etasuis
1240 3046 1296 3108 coli

138 3145 278 3218 riderent
294 3153 323 3207 et
336 3146 393 3226 ipsi
408 3164 507 3207 coram
523 3144 649 3206 venerati
665 3150 777 3205 essent:
793 3142 863 3204 nibil
879 3162 911 3204 se
926 3143 1035 3223 gratim
1055 3147 1117 3226 regi
1132 3165 1186 3209 suo
1202 3149 1294 3210 lactu

136 3267 189 3310 ros
212 3268 278 3311 esse
301 3248 509 3328 intelligebant,
534 3266 622 3328 quam
645 3246 670 3307 si
692 3245 756 3307 talis
777 3245 831 3307 riri
855 3245 1025 3308 affinitatem
1047 3249 1072 3309 ei
1099 3249 1294 3312 conciliarent

136 3350 237 3431 ltaque
257 3350 459 3413 condicionem
479 3348 613 3428 bogislao
633 3348 815 3409 obtulerunt:
834 3365 931 3426 neque
951 3346 976 3407 is
998 3347 1126 3411 oblatam
1142 3352 1293 3415 recusavit.

136 3453 213 3514 Nam
233 3461 262 3514 et
280 3453 453 3515 Casimirum
472 3451 591 3514 maximi
612 3449 748 3522 faciebat,
768 3466 866 3527 regem
887 3447 1127 3527 potentissimum
1147 3461 1176 3515 et
1190 3473 1295 3533 magna

135 3573 237 3617 rorum
253 3525 397 3635 gestabam
413 3553 503 3633 gloria
519 3554 638 3625 clarum,
656 3560 684 3613 et
699 3551 785 3614 liliam
802 3549 864 3611 eius
879 3558 1038 3625 venustam,
1054 3554 1178 3631 probam
1194 3565 1223 3618 et
1237 3576 1294 3637 pu-

135 3656 230 3719 dicam
246 3677 310 3719 ease
324 3664 481 3738 acceperat
512 3656 610 3735 ltaque
624 3654 702 3717 brevi
716 3672 765 3714 res
781 3652 928 3714 convenit:
948 3671 1043 3733 neque
1064 3656 1165 3717 salsam
1186 3658 1222 3720 de
1237 3660 1295 3721 boc

135 3759 326 3822 matrimonio
342 3778 425 3839 spem
442 3766 612 3838 conceptam
629 3756 720 3819 luisse
734 3775 767 3817 re
781 3763 867 3835 atque
881 3761 987 3818 euentu
1002 3757 1225 3837 comprobatum
1240 3770 1295 3823 est.

134 3860 274 3923 Vixerunt
292 3861 370 3923 euim
391 3860 465 3922 inter
485 3879 518 3921 se
535 3859 688 3939 Bogislaus
708 3867 739 3920 et
756 3858 839 3920 Anna
859 3859 932 3920 mira
952 3859 1107 3921 concordia
1122 3870 1151 3922 et
1167 3861 1291 3937 caritate,

134 3971 336 4043 auxeruntque
353 3961 480 4041 coniugii
495 3961 658 4024 felicitatem
675 3961 843 4023 dulcissima
857 3960 996 4041 pignora,
1016 3961 1145 4041 quinque
1162 3963 1226 4026 liliis
1243 3967 1295 4028 tri·

133 4063 251 4144 busque
265 4063 377 4126 filiabus
393 4063 549 4143 susceptis.
565 4097 607 4108 -

221 4166 262 4228 lta
276 4183 371 4240 nuno,
391 4166 555 4236 auditores,
575 4164 700 4226 vidimus
715 4165 883 4244 bogislaum
898 4164 986 4226 bonis
1001 4167 1181 4230 cumulatum
1197 4172 1296 4233 omni·

133 4267 199 4341 bns
214 4287 286 4349 quae
301 4269 467 4330 inhominis
482 4268 570 4329 uitam
585 4275 614 4327 et
629 4267 658 4328 in
674 4266 816 4346 principis
825 4274 940 4341 „stattun
950 4268 1076 4331 maxima
1089 4272 1192 4334 cedere
1206 4292 1295 4352 posse

132 4370 282 4434 ridentur:
303 4388 398 4449 neque
415 4378 514 4432 tamen
534 4368 582 4430 bic
600 4376 660 4430 tam
680 4367 815 4429 insolitus
838 4366 979 4428 felicitatis
994 4388 1097 4433 cursus
1113 4385 1162 4434 aut
1176 4375 1293 4437 mollem

132 4475 202 4536 lecit
215 4475 279 4537 eius
294 4472 426 4537 animum
445 4481 530 4552 atquo
549 4470 720 4542 remissum,
740 4480 788 4532 aut
810 4470 885 4531 lastu
907 4475 937 4528 et
952 4471 1087 4549 superbia
1101 4474 1211 4535 extulit.
1242 4475 1293 4538 Sui

177 4574 223 4636 ΙΙΙ.
1054 4572 1093 4635 30
