3266 5140
622 521 627 527 .
691 432 752 528 {⁸7
810 523 821 529 Α.

139 616 228 679 vincti
243 616 317 690 sint3
331 616 362 679 id
376 617 453 679 enim
469 637 536 681 cunr
552 637 587 680 eo
603 618 717 699 sepeliri
732 621 777 681 las
792 638 866 682 esse.
909 618 971 681 lam
986 636 1054 680 vero
1069 618 1139 680 illud
1154 619 1190 680 dc
1203 618 1299 697 pluri-

139 719 195 781 bus
211 718 255 779 rel
268 718 420 783 funeribus
435 721 478 782 rel
494 721 606 783 feretris
622 741 656 785 ac
670 722 863 802 lectisparum
878 730 945 801 apte
952 720 1098 800 interponi
1106 720 1181 783 inter
1194 736 1297 781 aurum

137 830 167 881 ct
181 838 309 883 coronas
324 821 511 884 manifestum
527 831 586 895 est3
600 822 672 885 nibil
687 823 765 885 enirn
779 822 828 885 isti
842 822 907 884 lecti
922 822 958 884 ad
970 830 1140 884 ornamenta
1151 821 1299 902 pertinent

138 922 272 984 cadaveri
285 921 426 985 addenda.

226 1025 307 1099 Quae
327 1043 421 1105 quum
439 1027 477 1087 ita
498 1026 558 1087 sint
576 1025 662 1089 aliam
681 1026 855 1089 medicinam
876 1026 1070 1106 quaerendam
1091 1043 1156 1088 esse
1170 1034 1299 1106 apparet,

137 1145 263 1207 eamque
285 1127 433 1190 invenisse
455 1127 540 1190 nobis
560 1128 694 1190 videnmr
713 1127 844 1190 omnium
871 1127 1064 1200 lenissimam,
1090 1145 1146 1207 qua
1172 1125 1297 1189 adbibita

136 1229 204 1291 sine
217 1229 305 1291 unius
320 1229 447 1291 literulae
462 1231 622 1293 mutatione
637 1230 721 1309 plana
737 1231 808 1293 fiant
823 1228 922 1291 omnia
937 1238 1022 1308 atque
1038 1227 1139 1289 facilia.
1183 1227 1299 1289 Scilicet

136 1330 232 1392 alieno
248 1331 312 1393 loco
329 1350 346 1392 a
361 1330 488 1393 librariis
503 1331 669 1412 interpositi
684 1339 754 1393 sunt
767 1331 816 1393 isti
832 1349 932 1393 versus
945 1329 1030 1391 credo
1045 1364 1087 1373 -
1100 1340 1234 1391 scrutum
1247 1341 1297 1401 est,

137 1450 215 1511 quos
236 1431 262 1493 si
276 1431 357 1494 brevi
371 1441 437 1495 ante
459 1434 537 1497 hunc
551 1433 649 1495 locum
664 1432 812 1495 intervallo
828 1431 997 1505 inserueris,
1012 1440 1041 1492 ct
1055 1448 1110 1491 suo
1125 1429 1191 1493 loco
1207 1449 1295 1511 repo-

136 1534 214 1595 sitos
229 1542 258 1595 et
272 1533 448 1597 sanissimos
462 1554 527 1597 esse
542 1534 692 1614 intelliges
738 1535 790 1597 Est
804 1543 900 1597 autem
916 1552 988 1596 suus
1005 1533 1052 1594 bis
1069 1532 1198 1595 versibus
1213 1532 1296 1594 locus

138 1636 167 1696 in
179 1635 326 1715 principio
343 1636 431 1698 buius
447 1637 561 1717 capitis:

239 1736 370 1809 Homini,
392 1738 500 1818 inquit,
523 1747 642 1801 mortuo
664 1755 703 1801 ne
723 1757 792 1800 ossa
814 1738 915 1819 legito,
933 1757 992 1818 quo
1007 1745 1077 1819 post
1092 1740 1180 1799 lanus
1196 1735 1295 1797 iaciat:

239 1840 326 1900 credo
346 1841 504 1920 quoderat
524 1841 685 1903 iactitattun
705 1848 737 1903 ut
755 1841 807 1903 uni
824 1841 908 1922 plura
928 1843 1044 1913 fierent,
1059 1840 1181 1921 lectique
1194 1838 1295 1919 plures

125 1982 131 1989 -
240 1948 453 2015 sternerentur3
469 1940 554 2021 idque
570 1959 607 2002 ne
621 1942 711 2012 lieret,
727 1942 790 2022 lege
804 1951 937 2005 sanctum
952 1952 1006 2005 est.
1035 1941 1151 2022 Excipit
1163 1939 1293 2002 bellicam

238 2042 478 2123 peregrinamque
491 2051 626 2104 mortem.

223 2142 283 2203 lam
298 2161 358 2222 quo
374 2142 472 2205 minus
484 2143 520 2205 de
535 2142 652 2203 veritate
666 2142 754 2204 huius
769 2143 984 2206 emendationis
999 2143 1157 2216 dubitetur,
1172 2152 1292 2205 sentcn-
1315 2152 1331 2202 6

136 2244 207 2305 tiam
221 2242 280 2305 loci
294 2244 419 2307 breviter
433 2244 650 2325 explicabimus.
694 2245 736 2307 dc
750 2244 877 2325 primunr
899 2245 1016 2325 quidem
1037 2263 1103 2309 osse
1118 2245 1209 2327 legere
1224 2246 1295 2308 satis

136 2353 243 2407 notum
258 2354 304 2407 est
318 2345 374 2409 dici
390 2347 425 2409 de
439 2347 487 2420 iis,
502 2346 552 2428 qui
568 2346 724 2409 combusto
740 2365 864 2426 corpore
880 2365 948 2410 ossa
962 2347 1029 2427 igne
1043 2366 1104 2409 non
1119 2356 1294 2429 consumpta

137 2447 280 2527 colligunt
294 2456 378 2528 atque
392 2448 511 2522 tollunt;
526 2466 618 2528 neque
633 2447 662 2509 id
678 2466 984 2523 commemoraremus,
999 2449 1057 2511 nisi
1069 2450 1213 2512 diversam
1225 2468 1294 2513 sen·

138 2549 261 2611 tentiam
281 2568 297 2611 a
316 2549 465 2611 nonnullis
486 2550 572 2611 bidus
592 2549 663 2629 legis
683 2549 892 2629 interpretibus
913 2552 1097 2631 propositam
1122 2552 1293 2615 videremus·

137 2650 212 2712 Nam
233 2668 324 2731 quum
342 2651 449 2713 Festus
464 2650 672 2731 grammaticus
692 2669 716 2711 s.
737 2650 945 2713 ermemirum
966 2653 1058 2714 moris
1078 2652 1168 2716 inisse
1183 2655 1296 2727 doceat,

137 2764 171 2814 ut
186 2752 294 2833 digitus
309 2757 418 2814 mortui
434 2752 625 2826 decideretur,
646 2752 680 2814 ad
701 2772 788 2833 quem
803 2761 949 2815 serratum
965 2753 1041 2815 iusta
1055 2754 1167 2827 tierent,
1181 2754 1294 2834 reliquo

138 2871 265 2934 corpore
280 2853 583 2927 combusto-hunc
597 2853 695 2935 ipsum
711 2873 824 2916 morem
841 2855 894 2916 bac
902 2854 962 2934 lege
970 2856 1116 2933 designari
1125 2863 1296 2928 statuerunt,

138 2955 286 3035 vetarique
300 2973 338 3017 ne
353 2955 533 3018 decideretur
547 2956 654 3035 digitus
666 2975 701 3017 eo
718 2957 851 3030 consilio,
863 2965 896 3016 ut
909 2966 979 3038 post
994 2968 1211 3020 concrematum
1227 2976 1294 3019 cor-

138 3076 196 3138 pus
211 3057 405 3137 redintegrato
425 3060 526 3119 funere
546 3057 652 3138 etipse
672 3060 828 3121 efferretur.
873 3060 908 3119 tt
923 3058 1052 3138 primum
1067 3059 1113 3121 rix
1127 3069 1172 3121 est
1185 3059 1294 3140 proba·

137 3159 205 3233 bile,
220 3161 309 3221 sunus
324 3177 452 3239 unquam
465 3159 554 3240 digito
570 3159 701 3222 abscisso
716 3162 826 3223 ledum
841 3177 918 3221 esse.
948 3159 1020 3223 Dein
1039 3160 1089 3240 qui
1104 3160 1225 3241 digitum
1241 3160 1294 3223 ab*

138 3260 255 3331 scindit,
271 3260 296 3321 is
312 3278 378 3321 ossa
392 3259 483 3340 legere
498 3260 578 3322 nullo
594 3262 684 3323 modo
700 3261 755 3323 dici
766 3271 872 3342 potest,
887 3263 1200 3342 quaequealiaerardn
1216 3262 1295 3324 aliis-

137 3383 196 3444 que
214 3363 296 3425 allata
316 3369 386 3423 sunt
404 3362 491 3424 huius
511 3362 667 3425 locutionis
688 3364 832 3444 exempla,
852 3365 924 3426 nihil
943 3364 1029 3446 plane
1044 3367 1154 3428 iaciunt
1169 3364 1204 3426 ad
1220 3364 1298 3428 banc

138 3484 202 3528 rem
217 3463 408 3546 probandam.
453 3465 565 3527 Scilicet
581 3465 656 3545 apud
673 3464 813 3527 Senecam
832 3465 956 3544 legimus
976 3467 1094 3528 Consol.
1110 3467 1144 3529 ad
1160 3466 1295 3529 llarciana

139 3587 202 3648 rap.
219 3565 275 3629 22:
294 3566 391 3628 ddiice
409 3568 558 3639 interdiu,
579 3570 695 3639 ruinas,
715 3567 891 3646 naufragio,
913 3567 1103 3631 lacerationes
1116 3568 1296 3629 medicorum

139 3687 207 3732 osso
220 3672 296 3730 oiors
310 3667 471 3747 legerttium.
515 3669 600 3749 Apud
616 3667 740 3730 eundem
758 3666 793 3728 de
808 3667 924 3729 Prorid.
940 3688 1003 3749 cap.
1020 3668 1053 3731 3:
1073 3667 1131 3731 Sed
1145 3672 1172 3730 si
1186 3672 1295 3748 cogito·

138 3774 217 3832 oeric
238 3782 344 3840 tecum,
364 3771 486 3831 remedii
503 3789 592 3832 coma
611 3769 783 3852 quibusdum
798 3778 824 3829 et
842 3768 912 3830 rudi
929 3787 995 3830 osse
1015 3781 1040 3830 et
1055 3768 1124 3849 legi,
1140 3780 1166 3831 et
1180 3767 1298 3830 exuuii

139 3890 230 3933 oenus
243 3907 295 3932 -.
339 3869 380 3931 lie
394 3870 488 3933 benef.
503 3872 551 3934 lib.
567 3872 600 3932 V.
616 3890 679 3952 cap.
695 3870 751 3931 24:
766 3866 811 3929 lt
829 3866 972 3930 Mundum
991 3873 1023 3930 io
1038 3876 1098 3932 octe
1114 3870 1212 3933 nudos
1225 3870 1299 3932 mibi

141 3974 263 4057 effamur
277 3983 318 4034 est
332 3982 359 4033 et
379 3975 411 4033 io
426 3976 516 4055 capite
533 3972 604 4035 lecto
619 3990 692 4035 osso.
736 3970 814 4032 Talia
829 3971 961 4049 quamvis
976 3971 1066 4033 multa
1086 3974 1206 4047 aderas,
1225 3972 1296 4034 nihil

141 4074 286 4154 proficies.
330 4074 475 4136 Nimirum
501 4091 567 4137 oua
590 4073 646 4152 legi
672 4072 808 4134 dicuntur
832 4071 882 4144 iis,
902 4072 1007 4152 quibus
1026 4082 1076 4134 aut
1091 4092 1160 4136 casu
1174 4084 1224 4137 aut
1237 4073 1298 4136 ictu

141 4177 230 4238 iracts
245 4183 295 4236 aut
310 4175 409 4239 collisa
424 4183 507 4247 sunt,
528 4182 557 4236 et
572 4174 676 4236 medici
697 4192 754 4253 ope
772 4174 977 4245 extrahuntur,
998 4174 1047 4254 qui
1067 4173 1185 4254 quidem
1206 4175 1298 4255 legere

141 4294 207 4338 osse
221 4284 375 4356 propterea
391 4276 512 4350 dicitur,
532 4274 610 4357 quod
627 4276 766 4354 bagmina
782 4274 813 4336 in
828 4276 946 4337 volnere
960 4276 1070 4355 quaerit
1086 4284 1114 4337 et
1130 4276 1253 4357 colligit3
1268 4276 1296 4336 id

141 4386 238 4440 autem
253 4396 341 4458 quarn
357 4379 505 4440 diversum
522 4376 561 4440 sit
575 4397 591 4438 a
605 4375 748 4439 recisione
764 4378 901 4451 membri,
922 4397 1010 4441 nemo
1026 4397 1086 4440 non
1101 4376 1242 4456 intelligit.
1257 4409 1298 4421 -

1033 4477 1096 4539 25*
