3290 5142
711 448 861 550 L

207 636 357 712 rentibus,
387 638 425 701 ad
455 655 531 720 quos
561 638 716 721 imperitae
747 636 943 703 multitudinis
968 635 1111 717 etrffragiia
1137 635 1257 717 delegati
1284 642 1365 708 sunt,

206 739 391 823 ineptissima
412 748 442 803 et
455 760 543 822 saepe
559 742 646 805 ctiam
660 742 825 825 perniciosa
839 739 1028 823 reipublicae
1043 738 1165 803 consilia
1178 756 1247 801 cum
1261 738 1368 821 insigni

207 843 383 908 confidentia
406 843 604 918 venditantes,
630 835 670 908 οὔ
694 835 903 919 πολιτικούς,
929 850 964 906 ut
989 860 1093 906 rursm
1116 841 1248 905 Platonis
1270 841 1367 906 verbis

207 954 286 1021 utar,
314 934 399 1007 elle
424 940 693 1022 στασιαστικούς,
730 937 904 1029 μεγίστους
929 938 990 1026 μὲν
1017 934 1116 1019 ὄντας
1140 939 1287 1028 μιμητὰς
1310 938 1368 1008 καὶ

207 1041 343 1132 γόητας,
367 1048 540 1129 μεγίστους
566 1042 604 1111 δι’
630 1045 696 1111 τῶν
722 1043 891 1133 σοφιστῶν
919 1039 1093 1131 σοφιστάς.
1123 1046 1257 1110 Alterum
1275 1064 1367 1129 genus

207 1168 313 1214 corum
333 1156 395 1223 est,
416 1150 467 1232 qui
481 1168 515 1213 sc
528 1168 629 1213 rerum
643 1168 705 1214 non
718 1151 917 1214 humanarum
932 1149 983 1213 sed
997 1149 1161 1213 divinarum
1176 1150 1289 1231 peritos
1303 1168 1368 1212 esse

207 1245 332 1327 iactam,
361 1241 394 1314 oi
423 1246 501 1336 περὶ
521 1243 695 1336 μαντικήν,
722 1252 895 1334 loquitu),
922 1242 1051 1330 ἔχοντές
1071 1270 1161 1326 τινος
1182 1244 1369 1335 ἐπιστήμης

212 1347 368 1419 διακόνου
395 1346 531 1436 μόριον,
559 1361 589 1415 et
616 1354 713 1435 paullo
736 1360 804 1437 post
824 1350 863 1417 τὸ
885 1355 950 1416 τῶν
970 1344 1080 1436 ἱερέων
1102 1348 1204 1436 γένος.
1233 1354 1368 1436 Namque

209 1452 251 1520 τὸ
271 1454 339 1519 τῶν
360 1446 473 1538 ἱερέων
495 1453 606 1538 σχῆμα
627 1450 685 1518 καὶ
706 1451 746 1519 τὸ
766 1452 832 1518 τῶν
844 1449 991 1536 μάντεων
1006 1442 1042 1517 εὖ
1055 1447 1145 1536 μάλα
1158 1450 1369 1542 φρονήματος

209 1555 412 1644 πληροῦται,
439 1550 625 1634 καὶδόξαν
652 1553 771 1641 σεμνήν
797 1552 961 1639 λαμβάνει
987 1553 1045 1621 διὰ
1072 1553 1112 1621 τὸ
1139 1551 1283 1639 μέγεθος
1303 1558 1370 1621 τῶν

210 1654 487 1745 ἐπιχειρημάτων.
522 1658 670 1723 Nimirum
695 1660 725 1723 in
745 1660 821 1723 beno
841 1660 1002 1724 constituta
1022 1660 1137 1724 civitate
1157 1660 1246 1725 etiam
1267 1680 1369 1725 rervuu

210 1764 376 1827 divinarum
392 1763 632 1845 procurationem
651 1781 716 1826 eam
736 1763 859 1826 demum
878 1763 988 1826 bonam
1002 1780 1067 1826 esse
1081 1763 1271 1845 intelligebat,
1295 1782 1370 1846 quae

211 1866 292 1929 bono
306 1865 424 1948 publico
439 1865 600 1939 inserviret,
616 1882 713 1946 neque
727 1866 873 1929 deorsam
888 1884 955 1928 esse
968 1882 1121 1929 sacrorum
1135 1867 1223 1930 atrei
1237 1866 1370 1947 publicae

211 1988 340 2042 carosam,
355 1969 407 2031 sed
422 1986 515 2048 quum
529 1967 619 2032 huiau
632 1967 658 2030 is
672 1967 738 2030 linis
752 1976 831 2031 esset
844 1986 941 2048 coque
953 1968 1051 2030 omnia
1062 1968 1196 2032 instituta
1205 1969 1370 2043 tonderent,

211 2078 245 2135 ut
264 2072 341 2135 cives
355 2072 427 2135 boui
440 2070 578 2152 beatique
591 2070 706 2144 forent,
727 2069 836 2133 horum
851 2070 1056 2135 institutorum
1071 2089 1105 2133 ea
1120 2089 1193 2152 quae
1208 2071 1243 2133 ad
1258 2073 1371 2134 cultum

211 2175 335 2239 deorum
357 2172 554 2256 pertinerent,
577 2190 667 2237 unam
688 2180 805 2236 tantum
826 2179 957 2254 partem,
983 2174 1116 2253 quamvis
1137 2191 1288 2255 magnam,
1309 2191 1371 2237 non

211 2285 312 2342 tamen
325 2277 414 2340 talem
429 2295 503 2351 esse,
518 2283 553 2340 ut
567 2275 682 2351 ceteris,
697 2293 772 2357 quae
787 2281 818 2338 et
832 2276 896 2356 ipsa
907 2274 1028 2338 diversis
1039 2276 1136 2339 modis
1148 2275 1184 2339 ad
1194 2276 1371 2338 excolendos

212 2380 319 2445 civium
327 2379 452 2454 animos,
464 2379 636 2443 formandos
647 2397 758 2454 mores,
769 2378 952 2460 disciplinam
964 2380 1259 2461 sanamprobamque
1268 2396 1371 2442 seren-

211 2483 280 2547 dam
305 2483 594 2564 conservandamque
613 2483 747 2547 instituta
767 2488 880 2557 essent,
907 2481 1110 2544 anteferretur.
1146 2482 1204 2545 Sed
1224 2481 1295 2547 olim
1314 2484 1373 2546 hoc

211 2586 334 2649 insitum
359 2586 453 2649 fuisse
474 2585 591 2648 videtur
612 2604 731 2660 eorum,
758 2585 862 2668 quise
883 2584 973 2648 divini
992 2584 1123 2648 numinis
1142 2584 1264 2647 nuntios
1283 2590 1372 2665 atquc

211 2688 386 2770 interpretes
401 2687 503 2751 haberi
517 2670 638 2761 vellent,
655 2688 771 2762 animis,
786 2694 820 2750 ut
835 2707 900 2751 sese
916 2687 1019 2750 ceteris
1033 2686 1174 2768 praeferri
1187 2693 1329 2769 cuperent
1342 2692 1373 2750 ct

211 2790 404 2873 praecipuum
424 2789 573 2870 quendam
593 2789 741 2871 dignitatis
762 2790 861 2853 locum
880 2790 1044 2854 incivitate
1058 2791 1244 2867 affectarent3
1265 2808 1371 2871 quam-

212 2912 318 2974 quam,
340 2901 374 2956 ut
394 2892 516 2955 historia
538 2891 638 2966 docet,
659 2890 738 2953 haud
757 2910 865 2974 magno
880 2893 911 2954 in
925 2892 1046 2955 Graecia
1059 2911 1213 2967 successu,
1231 2892 1315 2956 cuius
1329 2892 1373 2956 rei

212 3015 316 3061 causas
336 3013 512 3077 cognoscere
530 3011 591 3057 non
611 2993 727 3057 difficile
746 2995 862 3075 estu).
891 2994 993 3058 Melius
1013 3012 1061 3057 res
1081 2996 1159 3077 apud
1178 2996 1251 3060 alios
1266 3004 1297 3059 et
1311 2995 1373 3059 eliis

211 3097 396 3180 temporibus
411 3098 563 3173 successit,
578 3097 657 3159 unde
672 3103 818 3178 quantum
829 3115 916 3179 saepe
928 3096 1044 3180 populis
1056 3098 1213 3173 malorum,
1228 3106 1374 3181 quantum

212 3200 426 3264 discordiarum
440 3199 655 3282 turbarumque
669 3199 807 3274 civilium
823 3206 969 3281 quantum
982 3200 1072 3263 rebus
1087 3199 1209 3281 publicis
1223 3201 1323 3267 dumi
1337 3219 1374 3263 ex

212 3302 377 3386 arrogantia
387 3303 576 3366 sacerdotum
587 3310 618 3365 et
628 3301 801 3365 dominandi
811 3302 970 3383 cupiditate
980 3309 1102 3367 enatum
1114 3303 1154 3366 sit
1164 3322 1253 3368 nemo
1264 3304 1372 3369 nescit:

213 3422 289 3486 quae
307 3405 333 3467 si
345 3403 430 3467 Plato
456 3404 589 3477 vidisset,
612 3404 638 3466 si
658 3404 792 3484 cognitos
812 3404 961 3468 habuisset
973 3402 1159 3487 {sacerdotes
1179 3407 1231 3489 qui
1250 3407 1327 3470 cives
1342 3426 1374 3470 se

214 3524 284 3569 suae
298 3505 421 3569 civitatis
434 3505 606 3587 legibusque
620 3504 752 3569 civilibus
763 3506 911 3571 subiectos
921 3526 986 3571 csse
998 3516 1177 3582 recusarent,
1193 3526 1262 3571 cunr
1273 3508 1375 3572 alicnis

214 3610 305 3673 atius
320 3626 409 3689 quam
424 3627 493 3673 cum
507 3608 569 3671 suis
584 3608 769 3684 coniunctos,
785 3609 919 3691 adeoque
933 3610 1065 3673 extranei
1074 3609 1234 3675 sacerdotis
1245 3611 1335 3675 simul
1345 3618 1376 3673 et

213 3712 289 3793 regis
303 3712 443 3794 primatui
456 3711 603 3775 subiectos
618 3709 740 3792 eiusque
754 3728 882 3774 canones
897 3719 927 3775 ct
938 3713 1053 3777 decreta
1063 3711 1193 3778 sanctim
1204 3731 1293 3794 quam
1304 3713 1376 3778 eivi-

214 3814 284 3878 tatis
299 3833 370 3877 suae
384 3812 462 3895 leges
476 3813 582 3896 suique
596 3813 671 3895 regis
683 3813 865 3878 maiestatem
878 3815 1032 3880 observare
1043 3824 1170 3898 paratos,
1185 3834 1275 3897 quam
1286 3800 1375 3879 rebe-

215 3924 333 3982 menter
346 3932 496 3999 quamque
511 3913 615 3979 acerbe
629 3933 699 3979 eum
714 3923 765 3979 aut
778 3916 921 3999 poptdos,
935 3917 1003 3980 talia
1016 3936 1129 3999 passos,
1144 3926 1196 3983 aut
1210 3920 1377 3983 mocrdotes

215 4019 333 4104 pietatis
347 4019 444 4102 specie
460 4017 567 4099 impios
581 4017 804 4099 obiurgaturum
819 4018 913 4083 luisse
927 4018 1090 4101 putamus?

301 4122 360 4186 Sed
374 4121 445 4186 satis
461 4121 497 4184 de
510 4119 647 4183 Platone:
667 4120 726 4183 iam
740 4121 777 4184 ad
791 4120 979 4186 Aristotelem
993 4140 1048 4187 nos
1063 4123 1278 4199 convertimus,
1292 4122 1376 4187 cuius

220 4273 420 4293 Ἣ

287 4357 330 4511 ξζζ
341 4358 581 4514 &affinium
593 4444 619 4497 lu
631 4443 767 4514 Aathuitt.
779 4461 817 4511 gr.
829 4452 890 4499 ton.
901 4444 923 4500 11
934 4462 959 4514 p.
971 4445 1020 4499 ³8l
1032 4462 1071 4516 sq.
1081 4444 1143 4512 [ltu
1153 4446 1193 4500 ed.
1207 4446 1242 4512 21
