3190 5136
889 433 931 501 98

825 526 849 531 ...
855 524 1011 534 ...---.

332 620 389 682 lius
404 619 545 693 arbitror,
569 619 702 699 Aeschyli
718 626 913 700 spectatores,
941 636 1032 699 quum
1050 638 1155 691 unam,
1179 628 1207 681 et
1225 619 1353 682 mediam
1368 619 1484 699 quidem

333 721 464 802 triloyiae
478 721 604 783 tabulam
620 731 796 801 spectarent,
816 722 887 783 satis
902 721 1062 801 prudentes
1078 721 1180 794 luisse,
1195 728 1228 782 ut
1243 720 1380 800 quemad
1395 721 1483 782 tinem
1569 750 1570 755 ι

334 822 431 887 omnis
445 842 495 885 res
509 823 642 885 tenderet
656 824 868 903 expectandum
890 833 1061 903 partemque
1081 842 1116 884 ex
1136 830 1198 884 tato
1218 823 1402 885 iudicandam
1420 840 1486 885 esse

332 928 562 1002 recordarentur,
578 926 750 1006 praesertim
764 925 944 1006 praeparatis
956 924 1013 986 iam
1025 925 1120 1005 prima
1130 925 1223 988 tabula
1235 925 1349 998 animis,
1360 925 1388 987 id
1397 925 1486 1006 quod,
1569 938 1570 959 ι

332 1028 447 1091 etiamsi
461 1029 569 1090 iactum
585 1045 650 1089 osse
663 1026 694 1089 in
709 1027 887 1105 bactrilogia
900 1026 1094 1089 demonstrari
1110 1030 1226 1107 nequit,
1241 1027 1374 1107 potuisse
1387 1036 1486 1089 tamen

332 1131 396 1194 lieri
420 1138 552 1211 apparet.
592 1130 692 1210 ltaque
717 1130 783 1201 ista,
806 1147 894 1209 quam
920 1128 1106 1191 Hermannus
1132 1129 1233 1205 attulit,
1258 1149 1346 1192 eausa
1372 1129 1489 1191 obstare

332 1233 475 1313 Aeschylo
499 1248 560 1293 non
583 1231 696 1312 potuit,
723 1230 882 1311 quominus
908 1231 984 1292 banc
1009 1230 1126 1310 quidem
1152 1239 1268 1311 partem
1294 1230 1426 1312 triloyiam
1450 1230 1488 1294 ita
1569 1280 1570 1283 ,

334 1343 536 1415 componeret,
552 1342 593 1406 ut,
609 1334 635 1397 si
650 1334 716 1414 qais
731 1352 797 1396 eam
811 1332 906 1395 solam
921 1332 1091 1407 intueretur,
1106 1350 1167 1394 non
1177 1341 1281 1413 posset
1293 1349 1356 1409 non
1370 1350 1490 1395 saevum

333 1438 431 1500 lovem
446 1445 475 1497 ct
493 1436 709 1516 importunum,
734 1436 944 1499 Prometheum
970 1443 1066 1497 autem
1087 1443 1210 1515 propter
1228 1436 1342 1515 egregia
1361 1434 1490 1497 facinora

334 1540 443 1601 iniusto
458 1538 602 1618 supplicio
617 1539 751 1600 allectum
767 1537 895 1600 credere.
939 1536 1053 1598 Sciebat
1068 1537 1148 1599 enim
1167 1556 1202 1599 eo
1222 1537 1314 1616 magis
1335 1554 1441 1600 omnes
1460 1536 1501 1603 in.
1569 1556 1570 1559 ’

334 1643 444 1705 exitum
458 1642 587 1702 intentos
607 1641 683 1715 lore,
704 1658 763 1720 quo
778 1657 866 1701 suum
881 1637 997 1718 utrique
1010 1638 1108 1701 locum
1122 1638 1289 1701 restitutum
1303 1639 1340 1702 iri
1354 1647 1492 1719 expecta·

335 1754 409 1820 rent,
419 1752 560 1822 tantoque
573 1741 658 1803 altius
674 1741 823 1803 vanuum
838 1742 870 1803 iu
883 1747 999 1801 mentes
1014 1758 1117 1802 eorum
1133 1748 1363 1820 penetraturum,
1379 1748 1493 1821 quanto

334 1847 461 1928 propius
475 1862 606 1907 errorem
627 1842 683 1923 ipsi
699 1842 833 1904 luissent.
876 1841 953 1905 Hinc
966 1850 1087 1922 apparet
1101 1842 1197 1917 etiam,
1212 1843 1294 1923 quod
1308 1861 1401 1922 porro
1417 1842 1493 1905 ller-
1569 1866 1570 1905 ι

336 1965 463 2010 mannas
479 1965 516 2007 ex
530 1943 586 2020 bis,
601 1962 674 2023 quae
688 1943 753 2023 ipse
765 1940 875 2022 posuit,
889 1942 1078 2005 manifestum
1093 1943 1156 2005 fieri
1170 1952 1312 2017 autumat,
1332 1944 1495 2007 hodiernae

335 2068 383 2112 me
401 2058 451 2112 aut
462 2047 635 2110 christianes
650 2046 687 2107 de
700 2046 830 2107 bonitate
844 2051 873 2106 et
886 2046 1027 2125 pravitate
1041 2063 1161 2109 mamm
1176 2045 1330 2125 opiniones
1345 2044 1495 2125 Aeschylo
1569 2080 1570 2099 ι

335 2150 546 2231 supposuisse,
573 2147 603 2209 id
623 2148 678 2209 ista
697 2146 815 2227 quidem
834 2145 961 2220 muana,
986 2165 1044 2227 qua
1064 2165 1103 2208 ne
1126 2147 1218 2209 rideri
1237 2146 1355 2228 quidem
1381 2165 1496 2227 prasos

334 2251 411 2313 loris
434 2269 535 2313 mores
557 2247 731 2329 Aeschylum
757 2248 886 2310 voluisse
908 2247 1027 2327 colligit,
1054 2267 1237 2329 nequaquam
1262 2248 1366 2311 cantici
1391 2266 1496 2329 posse.

335 2355 470 2416 Ceterum
483 2371 536 2434 ego
552 2369 669 2431 semper
682 2358 813 2412 selmum
829 2344 983 2431 opiniones
997 2367 1060 2413 non
1073 2350 1189 2413 aliunde
1204 2369 1292 2432 quam
1305 2370 1342 2412 ex
1354 2351 1499 2431 ipsorum

333 2454 534 2517 monumentis
549 2452 772 2533 cognoscendas
786 2469 853 2514 esse
867 2452 969 2515 statui:
985 2452 1143 2532 Aeschylus
1158 2460 1255 2515 autem
1269 2452 1340 2533 quid
1355 2452 1395 2515 de
1405 2451 1498 2529 honi·

334 2565 392 2619 tate
402 2567 452 2619 aut
465 2556 605 2636 pravitate
619 2573 738 2617 momm
754 2553 871 2629 seruat,
893 2553 992 2616 omnia
1012 2554 1075 2617 eius
1091 2555 1220 2617 carmina
1233 2562 1294 2617 tam
1307 2554 1425 2635 bustim
1447 2555 1501 2617 de-

335 2666 508 2734 monstrant,
521 2667 555 2720 ut
568 2656 618 2738 qai
632 2655 816 2719 mediocriter
830 2655 921 2718 modo
936 2656 1065 2719 attendat
1082 2656 1137 2719 lalli
1152 2657 1208 2720 bac
1222 2656 1254 2719 in
1268 2676 1301 2719 re
1319 2674 1383 2719 non
1404 2674 1500 2737 posse

333 2762 472 2824 rideatur.
521 2762 614 2840 Atque
638 2758 675 2821 dc
699 2756 835 2819 hamanis
861 2757 979 2836 quidem
1005 2758 1139 2821 moribus
1164 2759 1263 2839 ipsum
1288 2758 1502 2821 hermannum

333 2865 392 2925 hoo
417 2862 489 2925 mihi
515 2878 727 2924 concessurum
753 2878 819 2921 esse
838 2858 977 2921 arbitror:
1005 2859 1182 2941 obloquetur
1201 2869 1299 2923 autem
1317 2861 1355 2924 de
1375 2861 1503 2933 divinis,

333 2964 479 3044 imprimis
499 2963 534 3025 de
553 2963 603 3036 iis,
622 2980 697 3042 quos
716 2961 777 3022 lovi
795 2961 954 3041 Aeschylus
973 2960 1115 3024 tribuerit
1159 2962 1233 3025 Nam
1248 2963 1279 3023 in
1294 2980 1435 3025 errorem
1453 2982 1503 3025 rne

331 3067 484 3128 induebam
499 3083 565 3126 esse
579 3064 619 3126 ait
631 3062 708 3125 lovis
718 3062 848 3137 nomine,
863 3062 946 3125 cuius
960 3080 1023 3126 non
1037 3063 1220 3127 distinxerim
1234 3063 1383 3144 duplicem
1395 3083 1503 3129 usum.

333 3168 503 3248 „Significat
516 3165 625 3239 enim,“
640 3165 741 3246 inquit,
755 3181 885 3238 „nomen
899 3165 968 3227 illud
982 3184 1062 3229 nunc
1075 3183 1168 3228 ιιιιιιιιι
1183 3185 1218 3228 ex
1232 3164 1302 3241 diis,
1317 3166 1369 3245 qtri
1387 3186 1505 3248 supre-

302 3285 317 3335 ιι
335 3290 402 3333 mus
417 3269 555 3342 habetur,
568 3284 648 3329 nunc
665 3267 788 3329 omnino
809 3266 936 3330 divinam
954 3275 1101 3341 naturam,
1120 3275 1154 3329 ιιι
1171 3268 1203 3329 in
1216 3268 1462 3348 Agamemnonis
1477 3278 1508 3332 et

333 3372 505 3453 Supplicem
524 3368 668 3444 versibus,
687 3389 705 3431 a
725 3369 830 3450 quibus
848 3389 879 3449 p.
894 3370 932 3439 21
951 3372 1101 3449 protectus
1119 3369 1234 3432 videtur
1254 3371 1506 3435 Sohoemennus.

332 3473 400 3554 lpsa
420 3472 450 3534 id
476 3471 562 3534 verim
584 3470 705 3544 docent,
733 3466 818 3545 zade
845 3462 940 3546 ὅστις
961 3462 1044 3535 πότ’
1071 3464 1170 3535 ἐστιν.
1214 3471 1274 3534 lllis
1298 3472 1329 3534 in
1354 3474 1510 3538 versibus

331 3574 501 3654 Aeschylus,
511 3582 545 3635 ut
559 3590 664 3635 ornnes
674 3573 794 3654 antiqui,
807 3592 900 3654 quum
913 3574 1050 3636 universe
1065 3573 1101 3635 de
1115 3574 1171 3636 deo
1186 3573 1356 3654 loquantur,
1371 3594 1507 3638 summa

332 3677 361 3739 id
376 3674 535 3737 reverentia
549 3674 625 3747 iacit,
642 3693 731 3755 aeque
745 3682 779 3737 ut
800 3673 955 3737 Christiani
969 3675 1217 3756 perfectissimum
1228 3683 1257 3737 et
1267 3677 1510 3742 sanctissimum

332 3775 487 3857 omnisque
499 3776 572 3838 labis
588 3796 691 3856 expers
710 3795 821 3840 numen
835 3795 985 3840 venerans.
1015 3777 1102 3841 Valde
1117 3777 1153 3841 ab
1168 3797 1203 3839 eo
1219 3777 1273 3840 deo
1285 3778 1435 3843 diversus
1458 3790 1511 3843 est

331 3881 356 3941 is
370 3879 489 3959 lupiter,
505 3897 592 3958 quem
606 3878 694 3941 unius
708 3898 745 3941 ex
759 3877 815 3941 diis
835 3896 994 3959 personam
1009 3880 1203 3943 susbnentem
1223 3879 1353 3961 patentia
1370 3883 1511 3963 quidem

331 3980 539 4062 praevalidum,
564 3989 659 4043 cetera
676 3989 773 4042 autem
787 3980 902 4043 bamini
926 3981 1050 4044 similem
1069 3981 1174 4044 malem
1198 3982 1306 4062 quihrm
1325 3983 1512 4048 hurnanmn

331 4091 466 4145 naturam
491 4082 692 4144 allectionibus
711 4082 801 4145 animi
821 4081 983 4144 obnoxium
1004 4083 1176 4163 cogitabant
1216 4084 1279 4147 llos
1298 4100 1362 4146 non
1387 4086 1514 4149 distin·

334 4202 427 4266 guens
442 4184 664 4248 Schoemannus
679 4184 741 4246 fieri
756 4201 819 4245 non
838 4183 942 4264 potuit,
962 4184 1031 4265 quin
1046 4204 1177 4266 pugnare
1196 4205 1297 4249 secum
1312 4188 1515 4271 Aeschylum

332 4288 472 4359 crederet,
489 4286 538 4367 qui
554 4305 642 4366 quem
656 4285 724 4348 alibi
738 4294 771 4348 ιιι
785 4285 1034 4366 sapientissimum
1051 4298 1079 4350 et
1097 4288 1294 4351 iustissimum
1309 4288 1517 4370 girbernato-

331 4408 395 4451 rem
414 4388 517 4450 mundi
536 4387 728 4467 praedicaret,
742 4388 784 4457 ,in
802 4389 978 4453 Prometheo
997 4390 1157 4471 ingratum,
1176 4390 1333 4465 iniustum,
1356 4410 1519 4474 suevum,
