3290 5142
704 471 854 569 ‘oq-

283 659 389 723 Narrat
402 676 491 741 porro
506 658 666 724 Mercurius
681 658 846 741 expositum
862 678 989 742 puerum
1002 659 1145 742 Apollinis
1164 670 1268 744 rogatu
1288 684 1305 728 a
1327 684 1359 729 oe

197 761 347 825 sublatum
361 762 547 844 Delphosque
561 768 793 842 transportatum
807 781 882 825 eree.
928 764 986 826 Sed
1000 764 1142 845 inprime
1157 766 1245 830 huius
1256 785 1360 831 narra-

198 864 288 928 tionir
302 882 388 928 vereu

382 957 441 1028 ιιαύ
460 956 495 1044 μ’
516 954 563 1028 (dr
585 956 731 1050 ἀδελφὸς
753 965 877 1047 Φοῖβος
899 958 1045 1031 αἰτεῖται
1066 962 1159 1046 τάδε,

199 1069 259 1131 duo
279 1075 351 1132 eunt
369 1066 551 1131 offendicum.
596 1068 731 1131 Primum
746 1086 800 1150 pro
814 1069 949 1133 enclitico
964 1061 1140 1152 pronomine
1160 1072 1250 1137 altera
1264 1073 1361 1136 forma

198 1160 285 1250 κύρι’,
300 1171 330 1232 in
345 1190 372 1232 e.
387 1165 446 1232 καὶ
467 1163 534 1251 ἐμέ,
555 1171 725 1251 reponenda
739 1170 803 1245 erit,
819 1171 966 1252 siquidem
979 1173 1011 1234 in
1025 1172 1082 1235 hoc
1096 1182 1235 1238 contextu
1256 1195 1360 1258 pereo-

198 1290 270 1335 nam
283 1290 345 1336 non
359 1273 402 1335 sic
415 1280 555 1352 tanquam
571 1273 667 1336 obiter
680 1273 812 1347 indicari,
827 1274 880 1336 sed
894 1275 1061 1356 expreeriue
1076 1277 1274 1341 demonstrari
1287 1298 1361 1341 oon-

199 1373 341 1438 veniebat
362 1373 473 1437 Deinde
487 1376 587 1438 nescio
601 1394 640 1438 en
653 1392 707 1457 pro
723 1365 767 1437 dr
787 1366 933 1461 ἀδελφός
946 1378 1043 1460 aptius
1056 1378 1096 1440 eit
1110 1369 1172 1441 ὅντ’
1196 1371 1359 1466 ύδελφύεε

200 1496 257 1541 me
271 1483 402 1559 utpote
415 1477 588 1553 tratrem,
608 1496 703 1560 eoque
718 1478 755 1540 ad
769 1480 977 1559 praestandum
989 1481 1119 1543 officium
1134 1482 1360 1564 promptiorem,

200 1578 378 1644 Phoebus
402 1582 559 1659 rogavit:
584 1599 645 1662 quo
669 1580 799 1661 pertinet
822 1580 911 1644 etiam
937 1582 1017 1664 quod
1047 1582 1078 1644 in
1108 1592 1249 1664 sequente
1274 1603 1362 1648 versu

198 1683 303 1765 Apollo
316 1680 494 1746 Mercurium
508 1690 543 1746 ut
554 1682 676 1746 nauem
690 1682 860 1764 compellat:
876 1669 903 1745 ού
923 1677 1100 1765 σύγγονε.*)
1143 1685 1263 1766 Vulgata
1275 1686 1361 1750 lectio
1399 1761 1408 1773 ι

200 1786 289 1850 etiam
314 1783 445 1848 Nauckio
471 1784 634 1867 displicuit,
660 1784 711 1866 qui
735 1785 925 1849 scribendum
949 1786 1058 1848 euasit:
1083 1777 1196 1869 χήμῶν
1217 1779 1362 1873 ἀδελφὸς

201 1886 327 1968 Φοῖβος
349 1878 491 1950 αἰτεῖται
513 1881 604 1948 τάδε.
647 1886 730 1948 Idem
750 1887 783 1949 in
805 1906 894 1951 versu
913 1887 953 1950 33
974 1887 1080 1951 merito
1094 1888 1230 1969 probarit
1244 1890 1362 1972 elegan-

200 1996 261 2054 tem
276 1988 386 2052 Reiekii
400 1989 638 2052 emendationem

422 2082 529 2174 ἔνεγκε
550 2084 693 2175 Δελφῶν
713 2079 804 2169 τάμὰ
825 2084 909 2171 πρὸς
929 2084 1120 2176 χρηστήρια,

199 2214 256 2279 pro
268 2194 412 2258 librorum
425 2194 551 2258 lectione
565 2182 663 2273 ἔνεγκ’
686 2182 833 2276 ἀδελφῷ,
856 2210 931 2273 quae
946 2193 1042 2256 nullos
1056 2200 1174 2275 praeter
1185 2193 1362 2258 Hr'rleeman-
1439 2256 1441 2259 .

200 2316 275 2361 num
289 2305 320 2360 et
334 2297 499 2359 Sanderum
515 2303 655 2377 patronoe
670 2293 790 2356 invenit.
834 2295 932 2368 Quam
951 2313 1039 2377 saepo
1053 2295 1103 2357 ilia
1116 2296 1176 2359 duo
1190 2297 1363 2361 rocabulna

200 2399 325 2464 librariis
339 2405 506 2481 permutata
520 2398 581 2461 sint
594 2395 808 2460 Boieonnadiue
828 2397 864 2459 ed
885 2397 914 2460 h.
929 2398 949 2460 l.
965 2405 995 2460 et
1009 2398 1143 2479 Ungmus
1157 2397 1288 2461 Thebon.
1308 2419 1362 2481 pa·

200 2502 301 2567 radon.
316 2522 345 2585 p.
362 2502 425 2566 448
439 2501 551 2583 aliquot
564 2499 708 2581 exemplu
723 2499 926 2563 ostenderunt.

284 2605 364 2667 Puer
378 2603 506 2684 Delphos
526 2602 639 2665 delatus
658 2608 689 2664 ct
709 2600 741 2662 in
759 2600 862 2681 templi
881 2601 1029 2682 crepidine
1043 2602 1125 2666 iuxta
1138 2603 1217 2666 fores
1236 2604 1362 2668 colloca·

202 2717 252 2772 tue
266 2726 336 2770 mox
350 2725 368 2768 a
381 2704 486 2788 Pythia
500 2705 657 2779 invenitur,
672 2720 760 2765 mane
774 2704 919 2785 templum
934 2704 1072 2779 intrante,
1090 2697 1145 2786 ἅμ’
1160 2697 1362 2781 ἱππεύοντος

197 2804 312 2873 Ἡλίου
333 2801 458 2891 noeto:
479 2806 522 2870 sic
544 2806 625 2870 enim
644 2825 671 2868 v.
687 2807 723 2869 41
743 2812 822 2869 recte
842 2806 1037 2888 adluegrario
1051 2809 1207 2871 emendata
1221 2815 1267 2871 est
1280 2809 1362 2872 codi-

200 2931 270 2976 cum
286 2912 432 2993 scriptura
447 2895 701 2985 circumdemus,
715 2908 747 2971 in
762 2926 819 2988 qua
834 2908 949 2972 detivuo
963 2904 1071 2995 κύκλῳ
1091 2929 1153 2973 non
1172 2910 1260 2973 habet
1283 2912 1363 2974 unde

185 3024 188 3033 ⁴
201 3014 337 3096 pendeat.
380 3013 424 3076 uf.
440 3033 466 3074 v.
485 3011 561 3074 123:
578 3001 633 3091 ἅμ’
645 3002 760 3073 Ἁλίου
782 3004 922 3095 πτέρυγι
942 3009 1022 3097 θοᾷ.
1061 3014 1189 3076 Verbum
1205 3005 1363 3077 ἱππεύειν

201 3117 291 3180 etiam
305 3116 342 3178 de
356 3114 393 3178 iia
408 3114 472 3189 diei,
488 3114 541 3195 qui
555 3131 644 3177 curru
659 3113 816 3187 vehuntur,
831 3120 938 3175 notum
953 3123 1008 3177 eet.
1045 3115 1118 3177 Nam
1135 3116 1363 3198 equitantem

203 3219 303 3282 Solem
323 3235 413 3280 nemo
432 3234 529 3299 neque
551 3221 639 3299 poete
659 3233 756 3297 neque
776 3214 882 3280 artifex
901 3215 1000 3292 finnt,
1022 3235 1202 3299 quamquam
1226 3236 1362 3283 sororem

202 3321 266 3385 cim
280 3320 395 3384 Lunum
409 3337 472 3383 non
485 3337 553 3383 raro
567 3318 610 3382 sic
623 3325 872 3400 repraesentatam
885 3318 1028 3382 ridemus.
1063 3319 1106 3383 ur.
1123 3320 1157 3383 0.
1171 3322 1257 3395 Jahn,
1274 3321 1361 3402 Sym-

201 3425 262 3488 boi
278 3422 423 3487 archecol.
439 3441 469 3503 p.
484 3421 535 3483 57.

289 3524 429 3589 Sublatue
443 3543 461 3586 a
473 3524 579 3605 Pythia
592 3520 707 3604 puerin
721 3521 834 3604 templo
848 3521 1000 3596 educetur,
1015 3523 1147 3605 dumque
1155 3524 1295 3605 parvidus
1308 3532 1363 3600 ert,

204 3621 293 3714 ἀμφὶ
314 3626 462 3708 βωμίους
481 3619 609 3711 τροφὰς
629 3616 722 3709 ἠλᾶτ’
744 3614 896 3704 ἀθύρων,
917 3623 1167 3705 quemadmodum
1182 3646 1208 3688 v.
1225 3627 1266 3689 52
1286 3633 1367 3689 recte

204 3733 349 3814 scripturn
363 3728 497 3810 legimus.
528 3727 603 3793 Nam
618 3726 655 3790 do
670 3727 841 3809 corrigenda
854 3727 910 3788 hac
923 3725 1069 3807 scripturo
1083 3744 1180 3808 neque
1193 3727 1363 3793 Hermanno

204 3833 357 3907 assentior,
372 3830 432 3912 qui,
448 3848 516 3895 oum
531 3829 670 3892 Elmeleic
685 3830 721 3892 ad
736 3828 821 3891 Hero.
835 3828 894 3892 tur.
910 3847 937 3890 v.
958 3827 1038 3904 984,
1060 3820 1297 3915 α’μφιβωμίους
1314 3848 1363 3894 re-

273 4124 297 4189 ι)
323 4123 433 4176 Criticnr
450 4123 549 4191 qnidam
566 4136 659 4174 comm
679 4122 758 4173 verba
782 4137 839 4174 mer
865 4123 902 4175 eie
919 4122 1048 4187 accepisse
1068 4119 1179 4185 videtur,
1205 4119 1277 4186 quari
1302 4117 1364 4171 illud

86 4246 90 4252 -
205 4205 515 4279 duddelpdercribirb
531 4207 653 4275 Euripide
669 4224 719 4259 non
735 4209 851 4274 potniere
871 4209 1008 4260 crederem.
1043 4206 1122 4274 Atqui
1138 4222 1187 4256 non
1207 4205 1230 4255 ie
1247 4205 1364 4270 onm‚qui

206 4293 269 4346 nihii
280 4309 391 4361 nequam,
404 4295 454 4347 uiri
465 4296 529 4362 qnod
543 4294 663 4360 optinum
674 4294 718 4359 rit,
730 4308 745 4344 a
758 4294 887 4345 veteribus
900 4294 1022 4359 ecriptnni
1035 4308 1092 4346 erre
1104 4292 1203 4357 opiner.
1238 4288 1304 4354 Quid
1319 4303 1365 4339 an-

206 4386 258 4431 ten
268 4378 370 4432 urent
385 4380 454 4432 inter
466 4387 597 4449 utrumqne
614 4379 718 4432 dicendi
735 4377 869 4432 formulam
884 4395 933 4431 non
955 4380 1090 4432 obscurum
1109 4390 1166 4429 εεεε
1189 4381 1258 4440 puto.
1299 4372 1364 4425 Utro

206 4463 723 4535 ioedocorptiorritriicertqnaeetio.
