3284 5152
838 447 986 547 -Q

412 638 448 703 ln
461 637 597 720 proximo
612 655 698 703 versu
713 637 846 705 meuses

406 814 409 827 .
574 730 613 803 od
633 757 737 825 φησιν
757 732 853 823 αὐτή·
876 736 933 803 καὶ
955 733 1130 803 πέπονθεν
1151 729 1268 812 deero,

329 843 387 907 hoe
400 833 441 907 od
454 859 555 929 podes
569 860 622 924 pro
638 861 682 917 eo,
698 843 779 924 qnod
793 842 909 915 oodiees
923 842 1042 916 hebent,
1058 833 1079 904 ὅ
1093 858 1204 925 φησιν,
1218 838 1407 905 scribendum
1423 856 1488 900 esse

329 946 462 1029 plerique
482 944 680 1009 consentiunt.
715 945 890 1027 Namquod
906 944 1080 1009 Matthiaeus
1100 945 1140 1005 ait
1159 937 1180 1006 d
1201 959 1286 1028 φησι
1306 941 1487 1022 iungendum

245 1035 247 1039 ’
330 1069 396 1112 esse
417 1067 486 1111 oum
507 1066 593 1110 versu
612 1047 779 1128 superiore,
799 1047 830 1109 h.
852 1066 878 1109 e.
900 1046 1135 1110 subaudiendum
1156 1065 1222 1109 esse
1241 1064 1274 1106 ex
1294 1045 1344 1107 illo
1365 1043 1487 1106 verbum

330 1142 521 1228 dioximus,
544 1165 605 1210 non
618 1147 711 1231 magis
726 1149 910 1231 probandum
925 1155 1083 1232 estonam
1095 1148 1174 1230 quod
1186 1146 1375 1211 Doederlinus
1387 1145 1487 1220 voluit,

329 1260 364 1315 nt
378 1248 570 1315 subaudiatur
585 1270 682 1337 φημι,
698 1252 727 1314 h.
744 1273 769 1315 e.
785 1260 819 1317 ut
833 1273 938 1319 sensus
952 1254 991 1315 sit
1004 1252 1096 1335 quod
1112 1252 1191 1334 ipsa
1203 1250 1328 1325 aiteio,
1345 1248 1486 1331 autquod
1553 1333 1559 1344 1

330 1354 431 1417 neseio
451 1353 499 1417 oui
513 1353 544 1415 in
559 1361 690 1417 mentem
706 1356 819 1418 venisse
833 1356 969 1427 memini,
999 1348 1017 1418 ὅ
1038 1373 1141 1441 φησιν
1163 1346 1256 1437 αὐτή,
1277 1374 1335 1416 και
1357 1348 1487 1414 πέπον-

329 1457 403 1534 θα,
426 1447 549 1521 dotto:
572 1458 668 1537 quod
690 1457 850 1538 ipssait‚
873 1458 934 1521 soil.
950 1476 988 1520 se
1003 1475 1144 1539 passam
1159 1476 1258 1531 esse,
1280 1456 1387 1518 etiarn
1404 1475 1486 1520 vere

331 1577 435 1642 pesse
454 1566 511 1622 est
529 1559 666 1623 mulier
682 1559 825 1623 misero.
855 1559 1032 1623 Reiutsntur
1045 1562 1119 1624 haee
1133 1561 1233 1623 omnia
1248 1558 1390 1641 proximis
1405 1558 1485 1622 Ionis

218 1738 222 1743 v
328 1661 433 1737 serbis,
448 1662 559 1743 quiippe
572 1680 647 1743 quae
659 1661 874 1737 demonstrent,
890 1662 1028 1727 &susam
1044 1672 1160 1745 praetor
1169 1663 1386 1745 stuprationem
1396 1661 1485 1726 etism

328 1763 383 1831 siin
398 1764 543 1846 quaedam
558 1764 635 1827 mela
649 1764 760 1829 eminae
774 1765 961 1846 significasse.
990 1765 1067 1828 Hine
1079 1766 1127 1829 ille
1139 1766 1313 1846 interrogat:

570 1857 606 1931 τί
625 1862 734 1951 χρῆμα
756 1858 904 1951 dodones,
927 1859 957 1930 si
979 1868 1054 1952 θεῷ
1076 1861 1243 1952 ξανεζύγης

327 1958 492 2052 Δοάοασα
502 1965 534 2031 in
544 1967 602 2031 hoo
616 1974 755 2033 contextu
769 1968 847 2032 idem
862 1970 923 2033 tere
938 1970 1017 2053 quod
1032 1966 1198 2035 παθοῦσα
1212 1989 1278 2032 esse
1292 1968 1484 2035 menifestum

327 2078 387 2146 ost,
408 2089 464 2151 pro
479 2071 643 2153 quostiam
657 2063 813 2152 πράξασα
828 2069 885 2132 diei
899 2072 1008 2151 potuit,
1032 2078 1066 2133 ut
1081 2072 1112 2134 in
1126 2071 1232 2135 Oreste
1246 2090 1272 2135 v.
1289 2072 1350 2135 535
1366 2071 1403 2135 de
1418 2072 1485 2152 ety-

326 2180 505 2237 uemuesoa
530 2173 595 2237 iure
619 2171 775 2235 interiecto
793 2171 964 2253 Tyndareus
992 2172 1062 2237 dioit
1084 2173 1233 2256 θαγατηρ
1261 2166 1321 2257 ἐμῆ
1343 2163 1484 2236 donorio*

325 2267 466 2361 ἔπραξαν
480 2267 603 2343 ἔνδικα.
628 2273 740 2338 nonem
754 2273 843 2355 igitur
856 2275 956 2349 modo,
970 2275 1038 2339 lieet
1050 2275 1155 2350 rarius,
1170 2275 1259 2338 etiem
1275 2270 1357 2359 δρᾶν
1367 2275 1483 2351 dieitur,

188 2444 191 2449 Α
326 2395 424 2460 neque
440 2385 549 2452 temen,
564 2384 698 2460 utputo,
719 2376 812 2450 aliter,
828 2395 916 2458 quem
932 2377 982 2440 ubi
997 2378 1156 2459 praecessit
1168 2377 1288 2459 aliquod
1303 2378 1436 2453 verbum,
1452 2385 1486 2443 ut
1611 2452 1612 2455 Ἴ

325 2481 357 2547 le
368 2480 387 2545 Ι.
399 2476 580 2554 πέπονθεν,
596 2477 678 2545 euius
687 2479 930 2571 significationem
941 2480 1010 2544 illud
1019 2482 1239 2562 quodammodo
1248 2480 1365 2562 repetit,
1378 2500 1484 2562 quem·

325 2583 487 2649 admodum
507 2582 595 2649 etiam
611 2580 722 2646 ποιεῖν
735 2600 797 2646 non
809 2600 877 2647 raro
892 2583 1092 2664 praesedentis
1107 2583 1187 2647 verbi
1202 2583 1331 2647 notionis
1345 2590 1483 2665 repeten-

326 2687 380 2750 dae
394 2686 454 2748 rim
468 2685 564 2749 hebet
591 2685 635 2749 Cf.
647 2684 798 2747 Heindorf.
814 2685 851 2748 ed
868 2686 940 2749 etas
953 2686 1046 2767 Soph.
1061 2706 1091 2766 p.
1107 2685 1168 2747 403
1183 2691 1214 2748 et
1228 2705 1302 2767 quae
1317 2684 1484 2750 notavimus

324 2788 362 2852 od
381 2787 499 2859 haeum
512 2806 541 2869 p.
558 2786 629 2850 372.
659 2787 697 2851 Et
714 2774 785 2851 sane
803 2787 892 2851 etiem
913 2788 964 2870 qui
983 2789 1093 2870 petitur
1111 2789 1235 2869 enquid,
1258 2808 1295 2852 eo
1316 2790 1381 2871 ipso
1402 2789 1483 2870 quod

324 2890 435 2974 patitur
448 2891 536 2955 stiam
551 2907 635 2971 agero
650 2889 759 2973 aliquid
774 2890 865 2952 videri
878 2898 984 2971 potest
1002 2926 1042 2937 -—
1056 2891 1158 2954 Refert
1172 2891 1275 2955 deinde
1286 2892 1395 2956 Creusa
1407 2911 1483 2974 pue·

323 3011 392 3059 rum
406 3013 423 3057 a
438 2999 532 3057 matre
546 2990 713 3075 expositum
729 3011 801 3065 esse,
817 3013 843 3053 v.
861 2992 931 3067 358,

545 3089 602 3159 τὸν
623 3086 723 3157 παῖδ’
746 3080 781 3158 ὃν
802 3087 908 3158 ἔτεκον
929 3088 1067 3180 ἐξέθηκε
1089 3090 1258 3176 δωμάτων,

198 3176 202 3185 ’
324 3199 355 3262 in
376 3216 438 3280 quo
455 3196 528 3261 illud
547 3189 684 3280 ἐξέθηκα
704 3189 863 3277 δωμάτων
882 3215 944 3261 non
963 3198 1050 3278 plane
1065 3199 1101 3261 ad
1121 3201 1279 3265 renotem
1289 3199 1400 3265 dietum
1415 3219 1483 3264 esse

323 3318 413 3365 nemo
435 3294 598 3363 mirabitur.
627 3300 671 3363 Re
685 3318 753 3363 vera
767 3298 846 3363 enim
862 3298 997 3381 pueritie
1011 3299 1042 3363 in
1056 3300 1161 3365 eodem
1176 3310 1276 3375 anuo,
1295 3302 1326 3364 in
1341 3320 1401 3383 quo
1415 3320 1482 3366 me-

321 3409 401 3465 trom
415 3402 518 3484 Apollo
537 3410 765 3483 compresserat,
786 3407 816 3463 et
836 3400 931 3464 editus
946 3409 976 3464 et
989 3400 1139 3484 expositus
1152 3403 1219 3467 fnit.
1249 3404 1309 3467 Sed
1323 3404 1352 3467 id
1367 3423 1481 3469 nunes

322 3504 432 3571 Cressa
457 3503 684 3571 commemorari
708 3520 769 3566 non
794 3521 870 3584 opus
893 3502 960 3567 tuit.
993 3503 1036 3565 Ne
1054 3505 1214 3569 Mercurius
1239 3506 1373 3587 quidem,
1399 3507 1482 3588 quod

323 3606 416 3689 nispe
434 3606 560 3672 tortasse
579 3605 710 3680 mireris,
731 3604 762 3671 in
781 3605 903 3688 prologo
924 3625 950 3667 v.
975 3606 1013 3668 16
1032 3624 1097 3669 rem
1118 3609 1202 3689 pleno
1215 3609 1259 3672 sie
1271 3614 1306 3672 ut
1320 3615 1402 3689 geste
1416 3615 1481 3673 orat

322 3710 446 3777 reduit
474 3710 633 3787 Quaerenti
646 3716 746 3773 numm
760 3707 840 3782 loni,
860 3707 931 3791 quid
944 3707 1057 3772 motum
1071 3709 1110 3772 sit
1124 3728 1215 3790 puero
1231 3711 1375 3792 suposito¹
1388 3711 1436 3775 ilis
1450 3711 1482 3775 id

323 3810 452 3895 mnormi
470 3812 641 3895 respondet,
661 3829 787 3893 eamque
809 3810 847 3875 ob
868 3830 986 3875 eausam
1008 3828 1088 3877 nuno
1106 3813 1257 3877 oraculum
1277 3833 1341 3877 ase
1356 3814 1481 3890 sommi,

322 3932 350 3983 r,
364 3913 442 3979 36οε

523 4005 582 4079 otis
604 4000 693 4079 οἶδεν
714 4006 835 4088 οὐδείς·
858 4010 963 4077 ταῦτα
985 4012 1041 4078 καὶ
1059 4010 1272 4098 μαντεύομαι,

322 4115 353 4203 lt.
372 4136 398 4181 α
418 4111 523 4181 ταῦτα
541 4112 599 4181 καὶ
611 4111 725 4201 ἐρωτῶ
737 4111 777 4181 τὸ
788 4115 952 4197 porteion.
980 4117 1160 4182 Monendum
1175 4121 1233 4185 hoe
1245 4120 1345 4204 putori
1359 4129 1483 4205 propter

323 4238 385 4293 eos,
400 4219 452 4304 qui
464 4217 541 4283 forts
556 4217 587 4282 in
601 4218 772 4285 huiusmodi
783 4227 929 4287 strumum
940 4218 977 4282 de
988 4220 1081 4302 ellipsi
1092 4223 1318 4304 praepositionis
1328 4220 1389 4289 διά
1399 4226 1481 4309 eom-

322 4327 401 4396 tont
422 4320 474 4405 qni
493 4339 589 4398 error,
608 4322 677 4387 diest
698 4321 810 4399 dudum
830 4342 849 4389 e
868 4322 1058 4404 peritioribus
1077 4325 1230 4407 explosus,
1250 4328 1359 4409 passim
1379 4335 1484 4393 umen

322 4422 412 4488 mom
432 4441 449 4486 a
463 4424 533 4488 viris
547 4424 618 4489 alins
632 4442 693 4489 non
708 4425 933 4489 contemnendis
946 4425 1103 4507 repetitur,
1122 4428 1248 4495 velutin
1262 4428 1320 4495 hoo
1333 4429 1399 4513 ipso
1412 4431 1481 4499 loon
