3284 5152
700 442 847 542 Aa„

193 630 281 691 etlam
303 629 485 709 sculptorum
503 649 592 712 opera
612 648 670 692 non
691 648 758 694 raro
778 632 909 693 colorum
933 629 1069 691 radelate
1089 627 1224 690 distinata
1250 629 1348 700 fuisso,

191 732 231 793 de
243 748 303 811 quo
317 748 400 793 more
423 732 605 814 arebaeologi
628 734 721 795 nostri
741 743 884 815 qnantum
905 731 976 794 satis
997 739 1059 794 erat
1080 730 1273 811 disputarunt
1308 731 1349 795 lle

192 833 334 897 uocabulo
351 827 456 909 ποιός
478 834 550 896 dixit
564 835 733 898 Athenaeus
756 834 814 908 XV,
832 835 872 895 60
888 855 916 916 p.
942 834 992 906 70,
1013 832 1132 914 proprie
1152 833 1195 895 sie
1215 828 1254 892 td
1275 829 1348 894 δια-

190 929 391 1016 κεκομμένον
412 928 507 1011 ξύλον
527 934 584 1000 καὶ
606 932 837 1017 συνδεδεμένον
855 936 993 1018 appellari
1013 935 1140 1008 doeens,
1161 934 1271 996 scilieet
1292 954 1350 1015 quo

119 1038 125 1049 '
190 1055 314 1100 aoeenso
328 1056 383 1118 pro
397 1037 459 1101 saue
475 1038 641 1102 utebantur.
669 1038 747 1102 Alios
763 1037 950 1102 lllomfleldns
964 1038 1034 1102 eitat
1048 1043 1077 1100 iu
1091 1039 1179 1117 gloss.
1195 1037 1232 1099 od
1246 1037 1349 1101 desub.

191 1140 242 1219 dg.
258 1160 284 1203 v.
301 1140 378 1201 275:
394 1139 470 1221 apud
485 1139 669 1203 Athenaeum
684 1151 799 1222 praeter
812 1142 886 1203 alios
901 1147 1056 1221 poetarum
1073 1141 1153 1202 locos
1169 1139 1255 1202 aluam
1272 1140 1351 1202 hune

191 1241 339 1323 Euripidis
354 1242 530 1305 versiculum
545 1243 695 1306 laudatum
711 1243 801 1305 luisse
817 1242 965 1304 videmus:
981 1259 1049 1303 nam
1065 1243 1095 1302 in
1115 1240 1161 1302 his
1177 1259 1251 1321 quae
1272 1257 1350 1304 nuno

192 1344 341 1425 leguntur:
364 1338 523 1427 πρότερος
546 1339 583 1405 δὲ
605 1341 727 1405 τούτων
748 1336 920 1423 Αἰσχύλος
942 1337 976 1406 ἐν
989 1335 1209 1424 Ἀγαμέμνονι
1229 1339 1349 1427 μέμνη-

191 1464 249 1507 ται
270 1441 330 1507 τού
355 1441 460 1507 πανοῦ
482 1479 522 1490 -
545 1480 587 1491 -
612 1480 649 1491 -
673 1439 707 1507 ἐν
728 1436 828 1524 Ἴωνι,
851 1446 993 1510 excidisse
1011 1445 1157 1527 Euripidis
1174 1462 1281 1506 nomen
1296 1464 1350 1527 ap·

190 1558 280 1628 paret
302 1578 339 1592 4-
354 1546 418 1609 Non
433 1547 567 1627 ignotum
581 1547 636 1611 sibi
652 1547 762 1611 lolaum
780 1550 916 1612 mulieres
931 1568 995 1611 esso
1009 1549 1180 1628 signidoant
1197 1562 1289 1628 quum
1305 1548 1351 1609 di-

190 1657 262 1712 uunt
277 1635 327 1729 ἄρ’
350 1637 385 1723 ὃς
407 1640 518 1728 ἐμαῖσι
541 1643 721 1728 μυθεύεται
747 1648 841 1733 παρὰ
866 1646 995 1735 πήναις,
1018 1651 1045 1712 b.
1063 1671 1087 1711 e.
1104 1651 1146 1712 de
1163 1651 1351 1730 quoiates

190 1752 384 1817 texendum
405 1752 642 1814 confabulari
659 1753 832 1816 solemus.
863 1754 936 1815 Nam
949 1771 1043 1834 quum
1058 1754 1104 1815 dia
1120 1786 1162 1796 -·
1177 1752 1249 1813 haee
1272 1752 1351 1814 enim

189 1862 261 1919 sunt
275 1850 378 1937 πῆιαι
396 1888 430 1899 -
450 1854 577 1917 terendo
597 1863 805 1929 conserantur,
826 1856 920 1937 potuit
942 1852 1034 1936 παρὰ
1058 1850 1179 1938 πήναις
1200 1872 1253 1935 pro
1274 1845 1351 1938 παρ’

188 1950 366 2042 ὑφάσμασι
388 1957 454 2031 diei,
470 1956 617 2038 similique
633 1958 811 2037 metonymia
826 1957 901 2020 inira
923 1977 947 2017 ν.
967 1957 1024 2017 ott
1052 1948 1109 2017 ini
1131 1952 1255 2036 κερκίσι
1278 1956 1351 2019 diei·

189 2067 246 2130 tur,
262 2058 449 2122 instrumenti
463 2058 583 2120 nomine
604 2058 639 2119 ad
663 2059 759 2139 ipsum
786 2077 861 2139 opus
877 2059 1026 2121 nausiato.
1058 2059 1090 2120 ln
1112 2076 1200 2138 opere
1219 2057 1352 2120 laedendo

192 2170 292 2224 autem
308 2161 493 2225 mulierunlas
508 2161 577 2223 olim
593 2178 653 2223 uon
666 2161 764 2223 mium
780 2179 868 2243 quam
881 2161 968 2223 bodie
979 2160 1157 2222 eontabulari
1168 2161 1245 2222 inter
1255 2178 1287 2222 se
1302 2179 1352 2222 so·

192 2265 258 2327 litus
273 2283 339 2326 esse
354 2283 442 2326 nemo
457 2263 634 2327 testimoniis
648 2263 703 2327 sibi
715 2263 911 2327 demonstrari
932 2262 1104 2344 postulabit,
1128 2278 1182 2324 nee
1198 2261 1354 2325 mirabitur
1472 2276 1473 2279 ’

192 2376 363 2448 argumema
382 2365 627 2429 motabotauonis
646 2385 682 2428 ex
701 2366 826 2429 heroum
847 2374 877 2428 et
893 2366 1016 2428 deorum
1036 2364 1124 2427 rebus
1145 2364 1234 2445 gestis
1254 2364 1353 2446 petita,

191 2467 288 2548 maiia
309 2467 510 2548 significantur
531 2467 619 2530 etiam
637 2468 668 2529 in
687 2468 914 2550 epigrammate,
934 2467 1022 2547 corp.
1046 2466 1133 2530 inser.
1153 2483 1203 2529 no.
1225 2465 1309 2527 troo
1324 2474 1354 2528 et

192 2570 310 2634 dntbol.
327 2570 418 2635 Palat.
433 2570 559 2652 append.
575 2586 625 2631 no.
643 2568 713 2642 137,
730 2570 780 2632 ubi
795 2569 908 2633 vetulae
929 2569 1007 2632 Coae
1026 2569 1156 2632 teauiois
1177 2567 1264 2631 verba
1283 2576 1354 2631 sunt

192 2661 218 2736 o?
243 2668 357 2754 γλυκύς
379 2662 511 2752 dobree.
534 2667 619 2753 πρὸς
640 2665 754 2749 λύχνον
775 2659 803 2756 ᾦ
825 2665 953 2753 μύθους
968 2662 1092 2758 ᾔδομεν
1107 2662 1267 2754 ἡμιθέων.
1294 2670 1354 2734 ilas

193 2783 294 2839 autom
314 2775 423 2838 dttioas
438 2773 577 2836 mulieres
591 2774 668 2837 inter
681 2774 893 2837 texendumde
914 2773 971 2837 hoo
990 2791 1097 2855 genere
1116 2772 1282 2837 fabularum
1303 2781 1354 2835 aut

193 2877 393 2958 colloquentes
407 2882 459 2937 aut
473 2882 610 2938 eanentes
624 2893 660 2938 eo
675 2877 774 2938 minus
789 2876 972 2949 mirabimur,
988 2877 1014 2938 si
1029 2894 1077 2939 eas
1092 2876 1122 2938 in
1143 2876 1230 2959 peplo
1245 2875 1352 2937 itiner

191 2998 245 3041 rae
257 2977 425 3060 apparando
442 2984 597 3059 oeoopatas
612 2976 704 3041 inisse
718 2979 876 3043 sumimus.
903 2977 978 3041 Nam
988 2979 1025 3042 ,in
1040 2980 1126 3062 popio
1140 2978 1352 3061 panathenairo
1456 3040 1464 3049 ,

193 3082 286 3145 mults
300 3080 464 3144 tabularum
479 3088 651 3160 amumenta
665 3079 757 3143 interi
771 3081 856 3142 solita
871 3098 936 3143 esse
950 3087 1075 3154 constat,
1090 3081 1121 3143 in
1136 3081 1243 3161 quibus
1264 3081 1352 3142 etiam

192 3184 325 3247 lleroulis
340 3200 408 3246 eum
423 3182 679 3273 bpdra'eertamen
692 3182 785 3245 luisse
798 3182 883 3245 laoile
897 3183 1045 3245 Boeolbio
1061 3183 1080 3244 l.
1095 3184 1114 3245 l.
1135 3204 1164 3265 p.
1180 3183 1239 3245 201
1258 3182 1353 3246 crudi·

192 3302 269 3350 mua.
300 3286 402 3368 Neque
416 3285 487 3348 illud
502 3284 739 3359 incredibilem,
755 3285 890 3366 quamuis
909 3285 988 3367 pepli
1008 3284 1085 3349 iilius
1105 3287 1258 3359 textrinas,
1280 3303 1355 3366 quse

193 3382 382 3471 λργαστῖναι
395 3387 577 3460 dicebantur,
592 3387 693 3451 itidem
709 3396 742 3450 ut
753 3378 1058 3471 depopulanturque
1072 3386 1188 3450 initium
1201 3388 1298 3470 operis
1310 3388 1354 3450 ia-

193 3490 317 3565 ciebant,
332 3508 369 3552 ex
382 3488 575 3553 nobilioribus
586 3497 702 3554 tautum
717 3489 891 3554 mollioribus
901 3497 1036 3571 sumptas
1047 3506 1113 3551 esse
1124 3498 1354 3552 consentaneum

192 3593 240 3667 sit,
255 3601 355 3655 umen
370 3592 460 3655 etiam
474 3591 602 3666 ancillas,
617 3592 710 3674 regias
726 3592 910 3674 praesertim,
927 3592 1009 3674 operi
1019 3591 1154 3654 admotas
1165 3610 1239 3653 esse.
1270 3592 1354 3654 Certe

193 3696 271 3777 apud
293 3693 464 3777 Euripidem
490 3695 577 3756 etiam
603 3693 634 3756 in
653 3693 773 3757 lieeuba
793 3714 818 3756 v.
841 3694 903 3757 406
923 3694 1066 3757 Troianae
1086 3695 1213 3775 captivae
1232 3695 1257 3756 si
1277 3694 1354 3757 torte

195 3798 324 3861 btbenas
338 3797 368 3860 in
381 3797 553 3860 seruitutem
569 3792 763 3869 deducantur,
781 3798 845 3860 iore
859 3797 1047 3880 praesagiunt
1061 3803 1094 3859 ut
1108 3795 1194 3878 peplo
1210 3795 1354 3858 llinerrse

194 3900 320 3962 urendo
335 3899 537 3962 adhibeantur.

280 4001 422 4082 Sequitur
435 4001 492 4063 iam
509 4020 534 4062 ν.
551 3999 612 4064 205
628 4002 747 4064 alterius
763 4002 895 4083 imagin'u
909 4001 1127 4082 contemplatio.

497 4098 567 4165 Καὶ
589 4099 654 4181 μὰν
675 4095 766 4166 τόνδ’
791 4094 941 4186 ἄθρησον

495 4206 692 4289 πτεροῦντος
714 4199 854 4292 ἔφεδρον
875 4203 1001 4268 ἵππον·

495 4303 555 4369 τὰν
579 4305 643 4391 πῦρ
665 4303 828 4371 πνέουσαν
850 4301 970 4390 ἐναίρει

496 4405 704 4493 τρισώματον
727 4399 837 4471 ἀλκάν.
