3154 5138
866 439 928 501 ato

314 628 394 691 tione
409 630 610 710 compositum
624 629 746 692 mum
761 628 832 691 item
847 645 915 690 cum
935 628 1037 689 eadem
1052 626 1264 708 compositum,
1284 627 1336 690 sod
1350 627 1466 710 simplex

315 731 415 811 potius
430 750 576 813 usurpare
590 731 673 806 solet,
688 750 776 812 quam
793 728 1036 793 consuetudinem
1048 748 1139 811 quum
1148 729 1193 791 alii
1203 729 1469 803 animadverterunt,

314 840 378 895 tum
398 834 557 914 Madvigius
578 835 613 896 ael
633 835 670 896 de
689 834 773 896 Finn.
787 833 839 907 ΠΙ,
857 833 909 906 11,
925 831 980 907 36,
995 832 1151 895 lluhnerus
1170 832 1207 894 od
1222 830 1342 894 Tuscul.
1357 852 1387 912 p.
1402 833 1469 907 tto,

313 944 401 1015 atque
414 936 479 1017 ipse
494 936 580 998 etiam
592 937 722 999 lllotrius
736 937 827 1017 prael.
841 954 871 1016 p.
887 934 932 996 tv.
949 934 1015 1011 νδ).

399 1039 470 1119 Cap.
485 1038 555 1113 LVl,
570 1040 631 1101 tto
646 1039 796 1119 legebatur
810 1038 911 1117 vulgo:
928 1037 976 1098 Ad
991 1037 1081 1099 lranc
1094 1034 1356 1118 providentiam
1371 1042 1470 1098 uatu-

315 1158 373 1201 rae
392 1147 461 1204 tam
482 1141 693 1222 diligentem
716 1151 857 1220 tamque
878 1139 1062 1202 sollertem
1083 1138 1228 1217 adiungi
1254 1138 1367 1200 multa
1390 1157 1473 1218 pos·

315 1250 413 1313 sunt,
437 1262 454 1304 e
477 1244 606 1324 quibus
629 1243 869 1323 intelligatur,
893 1248 1043 1322 quantae
1064 1259 1120 1303 res
1143 1239 1353 1303 hominibus
1375 1260 1392 1302 a
1411 1241 1473 1302 deo

315 1361 488 1425 quamque
506 1346 657 1408 eximiae
676 1345 832 1408 tributae
852 1344 938 1407 sint:
958 1344 1017 1425 qui
1038 1345 1190 1424 primum
1209 1362 1272 1405 cos
1287 1343 1396 1405 humo
1418 1362 1475 1404 ex-

315 1445 448 1509 citatos
468 1456 502 1509 et
521 1456 665 1510 erectos
684 1446 890 1520 constituit,
910 1456 947 1508 ut
966 1447 1113 1509 deorum
1134 1446 1382 1527 cognitionem
1401 1464 1476 1507 oae-

314 1548 420 1611 lestia
435 1551 619 1613 intuentes
635 1569 764 1630 capere
779 1558 940 1631 possent.
955 1568 1047 1630 eaque
1061 1548 1146 1611 lectio
1161 1549 1293 1630 ipseper
1304 1567 1339 1609 sc
1353 1555 1478 1628 spectata

314 1651 385 1715 nihil
412 1654 585 1715 offensionis
611 1654 717 1715 lrabem
739 1652 859 1715 videtur.
903 1651 977 1713 Narn
1002 1650 1095 1731 quod,
1121 1658 1318 1731 posteaquem
1339 1650 1422 1713 initio
1444 1649 1479 1712 de

314 1755 544 1834 providentia
558 1764 704 1817 naturae
719 1755 828 1817 dictum
843 1764 902 1829 est,
921 1772 991 1815 mox
1007 1772 1062 1834 pro
1078 1772 1113 1816 ea
1127 1753 1212 1816 deus
1227 1753 1417 1827 nominatur,
1437 1754 1478 1815 ta·

316 1855 421 1917 cillime
446 1855 604 1936 explicatur
622 1876 639 1918 e
657 1857 770 1920 ratione
789 1856 972 1930 Stoicorum,
991 1855 1096 1936 quibus
1115 1856 1188 1918 nihil
1205 1855 1364 1929 intererat,
1382 1862 1479 1918 utrum

316 1957 403 2020 deum
418 1957 550 2020 dicerent
563 1977 600 2020 an
615 1959 841 2041 providentiam.
885 1957 927 2020 ct.
942 1957 979 2032 ll,
993 1957 1044 2031 22,
1061 1957 1111 2020 58.
1145 1957 1233 2019 lead.
1249 1958 1274 2032 l,
1291 1958 1322 2032 7,
1338 1958 1391 2021 28.
1424 1957 1478 2019 Sed

316 2061 450 2123 codicum
466 2063 633 2123 eructuem
649 2061 773 2123 intuenti
787 2061 835 2122 air
848 2069 947 2122 tamen
962 2060 1088 2140 gentina
1102 2058 1149 2121 illa
1162 2059 1251 2121 lectio
1267 2058 1363 2122 videri
1377 2066 1480 2140 potest

281 2180 296 2230 8
318 2163 392 2224 Nam
408 2163 537 2242 primum
552 2180 614 2225 nou
630 2163 719 2225 modo
739 2163 770 2224 in
789 2161 925 2242 plurimis
946 2162 997 2223 sed
1015 2163 1102 2224 ctiam
1122 2163 1154 2223 in
1168 2161 1293 2242 optimis
1309 2181 1368 2243 pro
1383 2162 1480 2241 singu-

320 2263 374 2327 lari
389 2284 405 2326 a
421 2265 484 2327 deo
500 2266 641 2345 pluralem
656 2266 754 2327 atliis
769 2264 911 2345 scriptum
928 2265 1076 2337 videmus,
1091 2264 1141 2345 qui
1156 2264 1182 2325 si
1196 2264 1368 2340 asciscitur,
1384 2283 1482 2327 nems-

318 2367 396 2429 sario
411 2367 499 2429 etiarn
515 2366 593 2428 verbi
609 2367 750 2446 pluralem
766 2366 1049 2440 constituerunt,
1069 2384 1124 2446 pro
1144 2368 1358 2442 constituit,
1377 2365 1481 2447 requiu

317 2478 447 2549 apparet
489 2470 577 2550 Atqui
597 2469 737 2549 pluralem
757 2469 840 2531 illum
855 2487 933 2532 uutrs
953 2468 1151 2549 Glogariensis
1165 2468 1265 2544 habet,
1281 2471 1369 2533 cuius
1384 2477 1482 2533 auoto-

317 2572 431 2634 ritatem
451 2572 559 2635 nullam
580 2591 647 2634 csse
666 2579 793 2634 constat:
814 2571 917 2651 reliqui
937 2589 1041 2633 omues
1061 2571 1239 2652 singularem
1260 2580 1380 2646 teuent,
1393 2588 1484 2651 neque

318 2674 477 2755 quidquam
492 2674 636 2736 sanctatis
652 2683 705 2749 est,
719 2675 776 2736 nisi
791 2673 822 2736 in
835 2672 1048 2737 uroossiauo
1058 2675 1121 2752 (Α),
1135 2672 1166 2735 in
1182 2693 1244 2755 quo
1258 2695 1318 2756 pro
1330 2673 1484 2738 indicativo

317 2786 517 2840 acorrectoro
536 2778 739 2841 coniunctivus
759 2777 991 2840 constituerit
1009 2777 1137 2858 scriptus
1157 2784 1212 2839 est.
1258 2778 1365 2860 ltaque
1384 2792 1482 2840 recou-

318 2879 408 2940 tioros
424 2879 515 2940 critici
530 2880 586 2941 hoo
601 2879 735 2942 codicum
751 2896 899 2942 consensu
914 2879 1041 2960 permoti
1055 2889 1085 2941 et
1099 2878 1244 2960 pluralem
1262 2899 1280 2942 a
1296 2880 1370 2943 eliis
1386 2888 1416 2941 et
1426 2879 1484 2940 siu·

317 2980 446 3061 gularem
462 2980 657 3042 constituit
671 2980 871 3060 recipiendum
886 2980 1062 3054 iudicarunt,
1084 2999 1237 3062 quumque
1259 2983 1307 3046 sic
1320 2997 1484 3064 pronomen

318 3082 392 3162 qui,
408 3082 443 3143 ad
459 3081 531 3144 deos
546 3082 680 3155 relatum,
695 3082 762 3143 lcrri
776 3099 839 3144 non
853 3092 964 3162 posset
979 3082 1149 3145 femininum
1169 3102 1261 3163 quae
1276 3092 1484 3166 reposuerunt,

317 3184 502 3246 referendum
517 3184 585 3246 illud
600 3183 636 3245 ad
652 3182 863 3263 providentiam
879 3193 1006 3247 natiuae
1049 3183 1119 3246 llihi
1139 3184 1185 3246 vix
1205 3185 1363 3251 credibilis
1378 3186 1486 3249 cocu

316 3295 376 3349 taur
392 3286 488 3365 inepta
500 3286 642 3348 orationis
661 3287 870 3361 conformatio,
890 3295 923 3349 ut
938 3294 1130 3367 posteaquam
1149 3286 1265 3350 dictum
1282 3298 1346 3364 est,
1367 3296 1485 3370 quantae

316 3406 364 3451 res
381 3387 552 3450 homiuibus
568 3407 585 3449 a
599 3387 669 3449 diis
686 3387 811 3450 uibutae
825 3389 892 3465 sint,
901 3389 1001 3451 statim
1009 3389 1040 3451 in
1055 3390 1191 3470 proximo
1207 3392 1485 3468 membro,uhihoo

317 3491 427 3571 ipsum,
442 3490 522 3570 quod
538 3489 628 3551 modo
644 3488 753 3551 dictum
769 3500 839 3566 erat,
854 3490 986 3572 exemplo
1002 3491 1156 3571 probator,
1176 3512 1358 3573 pronomen
1372 3512 1433 3557 uon
1444 3502 1484 3554 ta-

317 3611 385 3655 men
401 3593 438 3655 ad
452 3611 519 3667 eos,
531 3592 581 3671 qui
596 3591 686 3653 ruodo
702 3593 846 3656 nominati
861 3603 955 3668 erant,
970 3592 1057 3667 deos,
1073 3594 1125 3656 sed
1141 3596 1177 3656 ad
1194 3598 1422 3676 providenu'am
1437 3614 1486 3659 na·

317 3704 399 3759 turae
416 3695 533 3775 longius
553 3701 699 3756 remotam
719 3696 1038 3774 accommodaretur4).
1084 3697 1158 3759 Tam
1185 3697 1294 3781 inepte
1318 3701 1484 3763 Ciceronem

317 3798 474 3879 scripsisse
488 3815 550 3859 non
564 3796 695 3860 adducor
709 3805 742 3860 ut
753 3799 884 3873 credam3
898 3797 951 3859 sed
965 3796 1029 3878 ipsa
1044 3798 1177 3861 codicum
1194 3802 1340 3880 varietas,
1354 3821 1445 3885 quum
1458 3800 1485 3862 iu

386 4091 410 4155 3)
429 4092 466 4142 lte
482 4092 556 4143 simili
575 4091 729 4144 Graecorum
746 4108 792 4143 usu
811 4092 843 4144 cl.
859 4092 972 4145 lllrusloi.
989 4094 1021 4145 ael
1039 4092 1125 4163 Eurip.
1143 4094 1213 4147 llotl.
1231 4113 1260 4149 v.
1277 4099 1357 4151 tato.
1379 4097 1485 4152 Sistcnia
1512 4080 1515 4083 ¹

315 4177 347 4231 ael
360 4177 426 4227 Plut
438 4176 558 4230 Themist.
572 4195 594 4245 p.
607 4178 640 4228 90
654 4179 701 4241 (ed.
714 4177 782 4245 Lips.
797 4176 880 4241 1832.)
894 4177 984 4242 Fliigel
996 4179 1063 4229 obss.
1076 4181 1106 4230 ud
1119 4180 1185 4231 Plut.
1199 4181 1282 4235 Phoc.
1296 4202 1322 4252 p.
1338 4188 1380 4238 to.

385 4263 408 4325 l)
428 4262 492 4312 Sunt
506 4278 566 4312 sanc
584 4279 631 4313 nou
650 4278 707 4313 raro
722 4263 786 4328 opud
803 4263 909 4329 optimos
928 4264 1065 4330 scriptores
1082 4265 1199 4332 exemplo
1214 4272 1377 4335 pronominis
1392 4268 1485 4320 relativi

317 4365 364 4398 uon
377 4349 407 4398 ud
421 4347 536 4414 proximi,
549 4348 593 4397 setl
605 4349 636 4398 ad
650 4349 792 4399 remotioris
804 4348 907 4399 membri
920 4364 1008 4399 nornen
1021 4351 1174 4415 spectantis3
1189 4355 1240 4405 scel
1254 4356 1320 4408 haec
1331 4356 1414 4408 omnis
1423 4355 1485 4406 eius

315 4434 381 4485 morli
394 4438 460 4495 suat,
473 4432 497 4481 in
510 4431 597 4497 quibus
610 4447 652 4483 res
664 4434 718 4500 ipsa
730 4432 886 4483 manifestum
900 4432 989 4499 iaciat,
1004 4434 1027 4483 to
1041 4434 1105 4501 quoi
1118 4437 1275 4490 enuntiatur
1287 4458 1338 4492 noa
1353 4456 1429 4507 posse
1441 4436 1484 4487 nisi
