3276 5144
794 421 943 527 Q-

285 602 436 698 ίμφατός
457 604 544 687 ἔστι,
569 611 599 675 h.
616 633 641 676 e.
669 609 729 676 ded
755 610 890 688 τούτων,
924 605 1010 694 ἅπερ
1040 602 1121 674 oded
1151 603 1190 673 oei
1210 603 1449 695 παρεμφαίνει,

286 734 444 797 personam
463 715 526 777 scil.
546 723 577 777 et
595 734 764 778 numerum.
800 717 875 779 Item
891 717 941 790 ΙΙΙ,
958 716 998 777 20
1014 735 1042 797 p.
1060 713 1132 784 246,
1159 715 1194 776 8:
1221 704 1299 775 οὐδὲ
1321 709 1381 794 γὰρ
1405 710 1449 776 dc'

277 810 386 900 ·αίτῆς
409 814 477 900 (τῆς
499 807 742 900 ἄπαρεμφιίτου
764 813 952 898 ἐγκλίσεως)
973 837 1007 878 τι
1023 809 1283 900 succedemus.
1312 816 1395 878 lianc
1410 816 1448 878 ob

286 939 404 982 eausam
430 921 481 1001 qui
503 921 623 983 averbo
648 921 825 984 infinitivum
844 921 1045 1001 seiungebaut,
1073 919 1126 981 hos
1152 937 1274 981 neeesse
1294 926 1366 991 erat,
1392 918 1449 980 nisi

285 1024 439 1106 proprium
455 1024 564 1097 locum,
587 1031 620 1086 ut
635 1025 816 1104 grammatici
832 1023 995 1107 participio,
1015 1022 1058 1083 sic
1072 1021 1129 1103 ipsi
1144 1021 1287 1083 infinitivo
1302 1021 1450 1100 assignare

286 1125 318 1186 in
337 1126 468 1206 partibus
488 1126 628 1189 orationis
648 1127 819 1206 vellentem,
842 1134 893 1188 aut
907 1124 1077 1188 nominibus
1091 1142 1159 1185 eum
1175 1132 1226 1185 aut
1239 1123 1384 1185 adverbiis
1399 1141 1451 1186 ae·

287 1246 416 1290 censere.
446 1229 624 1292 Nominibus
639 1237 738 1291 autem
753 1247 907 1293 accensere
922 1230 1090 1300 noluerunt,
1107 1227 1256 1308 quianon,
1271 1232 1307 1286 ut
1318 1225 1450 1299 nomina,

285 1330 480 1393 substantiam
495 1351 563 1393 cum
579 1333 717 1411 qualitate
733 1340 784 1394 aut
799 1333 993 1413 quantitatem
1006 1328 1186 1391 substantiae
1197 1328 1294 1410 specie
1305 1327 1450 1401 indutam,

286 1433 338 1495 sed
363 1433 473 1495 nudam
493 1442 611 1496 tantum
630 1436 777 1497 actionem
797 1442 848 1496 aut
867 1435 1035 1516 passionem
1051 1432 1229 1511 designaret:
1256 1429 1450 1510 quamobrem

286 1554 379 1616 quum
395 1536 482 1598 etiam
498 1537 613 1598 casibus
628 1544 750 1611 careret,
766 1537 908 1599 adverbiis
923 1555 992 1598 eum
1009 1536 1080 1597 item
1095 1551 1157 1594 non
1171 1532 1334 1594 casualibus
1345 1548 1450 1595 accen-

285 1646 418 1711 suerunt,
435 1637 611 1718 quibuscum
626 1639 715 1701 etiam
731 1640 789 1700 hoc
799 1641 826 1701 ei
840 1656 1000 1700 commune
1011 1656 1075 1699 esse
1087 1635 1231 1706 videbant,
1245 1641 1281 1696 ut
1292 1635 1450 1696 verborum

286 1740 318 1801 in
332 1740 531 1803 enuntiatione
547 1741 787 1822 significationem
804 1741 888 1803 variis
908 1741 1004 1803 modis
1024 1739 1154 1820 expleret
1169 1745 1257 1816 atque
1272 1736 1450 1816 explanaret,

286 1861 376 1924 qnam
401 1842 440 1904 ob
465 1861 584 1905 causam
610 1862 672 1905 uon
691 1844 790 1924 inepte
813 1844 918 1905 eodem
938 1862 997 1924 quo
1013 1843 1060 1905 illa
1075 1840 1197 1902 nomine
1211 1831 1379 1921 ἐπίρρημα
1393 1839 1450 1901 dici

285 1945 391 2026 potuit,
416 1945 526 2026 quippe
546 1965 606 2026 quo
622 1945 700 2008 'nibil
722 1946 799 2009 aliud
814 1947 871 2007 nisi
887 1944 1056 2007 additicium
1071 1942 1219 2022 quoddam
1236 1936 1324 2024 ῥῆμα
1337 1939 1450 2019 signill-

286 2054 378 2109 cetur.
415 2047 475 2110 Nec
493 2048 636 2110 deterruit
656 2067 708 2109 eos
727 2048 806 2129 quod
828 2065 889 2109 non
906 2046 1043 2109 omnibus
1057 2045 1225 2126 promiscue
1240 2041 1335 2103 verbis
1349 2041 1450 2104 infini-

285 2150 360 2211 tivus
386 2150 453 2212 addi
479 2157 588 2232 potest,
613 2167 668 2211 nec
694 2150 772 2228 quod
799 2166 1013 2229 saepenumero
1039 2166 1108 2210 cum
1133 2145 1256 2209 articulo
1281 2145 1449 2224 profertum

285 2257 447 2332 utrumque
472 2253 553 2313 enim
580 2269 647 2313 cum
675 2251 818 2313 adverbiis
839 2268 997 2314 commune
1017 2251 1115 2323 habet,
1138 2268 1213 2330 quae
1228 2248 1300 2310 item
1315 2264 1376 2308 non
1391 2266 1452 2306 κα-

285 2348 393 2417 θόλου
409 2355 460 2416 sed
474 2350 619 2434 μερικῶς
633 2361 749 2415 tantum
772 2372 839 2415 cum
856 2354 952 2415 verbis
967 2362 1018 2416 aut
1033 2352 1188 2414 verborum
1205 2350 1300 2412 modis
1313 2348 1453 2428 coniungi

286 2464 421 2540 possunt,
448 2475 576 2537 quorum
595 2456 800 2534 significationi
821 2464 888 2536 apta
908 2444 987 2528 sunt,
1014 2473 1110 2536 neque
1132 2453 1245 2516 articuli
1267 2451 1452 2513 consortium

284 2566 439 2641 respuunt,
455 2558 535 2620 velut
548 2576 641 2640 quum
656 2558 762 2620 dicitur
781 2554 821 2620 τὸ
842 2558 907 2627 νῦν,
930 2552 972 2617 τὰ
993 2551 1149 2635 μάλιστα,
1174 2550 1209 2618 ἐκ
1230 2545 1393 2627 τούπίσω,
1416 2545 1451 2614 ἐν

285 2662 333 2745 tq*
355 2654 549 2745 ἔμπροσθεν
570 2680 604 2723 ac
618 2661 732 2722 similia.
745 2660 866 2721 -Non
880 2665 980 2720 autem
997 2658 1156 2720 verendum
1171 2664 1253 2739 puto,
1269 2675 1307 2718 ne
1322 2656 1390 2737 quis
1402 2672 1452 2717 me

286 2763 383 2843 ipsum
399 2763 484 2843 plane
499 2781 567 2825 cum
582 2764 617 2825 iis
632 2765 799 2826 consentire
814 2762 993 2844 suspicatum
1009 2763 1062 2824 sed
1074 2762 1230 2824 ostendere
1245 2767 1360 2821 tantum
1372 2759 1451 2821 volui
1523 2796 1530 2808 ·

287 2864 365 2925 haud
382 2872 461 2926 certe
476 2864 633 2928 absurdam
649 2884 752 2927 eorum
768 2867 913 2928 rationem
928 2865 1030 2927 luisse.

289 2984 293 2987 ’
373 2964 430 3026 Sed
456 2966 545 3027 etiam
570 2972 672 3028 nostra
698 2967 842 3029 memoria
862 2967 906 3027 vir
930 2965 1139 3028 subtilissimus
1159 2972 1189 3027 et
1210 2965 1246 3026 de
1262 2962 1452 3045 grammatica

286 3067 438 3151 disciplina
463 3067 550 3148 longe
568 3068 784 3142 meritissimus,
811 3068 995 3131 Godolredus
1015 3068 1212 3141 Hermannus,
1237 3067 1414 3129 infinitivum
1432 3084 1451 3127 a

285 3169 375 3231 verbo
402 3170 529 3233 seiunxit
549 3170 624 3231 etin
639 3171 781 3233 adverbiis
801 3172 982 3244 numeravit,
1009 3171 1045 3231 de
1066 3170 1182 3232 emend.
1197 3178 1252 3232 rat.
1267 3188 1391 3251 gramm.
1406 3187 1451 3248 gr.

285 3290 315 3352 p.
334 3273 413 3332 174:
436 3272 641 3345 ,‚lnlinitivns“
658 3272 755 3353 inquit
770 3274 885 3354 „ipsam
902 3274 1033 3337 continet
1047 3293 1082 3336 ac
1096 3275 1188 3335 solam
1204 3273 1284 3335 verbi
1299 3272 1452 3334 notionem

286 3373 418 3454 nihilque
433 3374 510 3436 aliud
525 3380 618 3449 notat,
634 3394 721 3455 quam
734 3376 831 3456 ipsum
843 3377 914 3438 illud
926 3378 1029 3456 agendi
1040 3377 1227 3459 patiendique
1238 3384 1268 3438 et
1279 3385 1451 3457 temporum

285 3476 495 3555 significatione
510 3478 688 3539 instructum
703 3480 914 3559 praedicatum,
930 3479 1010 3559 quod
1025 3479 1120 3559 possit
1131 3480 1301 3541 nominibus
1317 3476 1449 3557 adiungi:

285 3578 364 3640 unde
379 3579 491 3641 clarum
506 3586 554 3641 est
567 3579 743 3643 infinitivum
759 3590 863 3644 natura
878 3601 929 3643 sua
945 3583 1023 3642 inter
1036 3581 1203 3661 particulas,
1219 3583 1250 3643 in
1265 3581 1359 3661 lisque
1373 3578 1452 3641 inter

285 3681 421 3743 adverbia
435 3682 653 3744 numerandum
668 3690 763 3746 esse“.
786 3684 904 3746 Scilicet
918 3684 1039 3746 verbum
1051 3684 1239 3745 Hermannus
1250 3683 1353 3745 itidem
1364 3688 1399 3745 ut
1409 3680 1451 3743 illi

285 3791 399 3846 veteres
414 3784 442 3846 id
465 3792 580 3846 tantum
597 3784 654 3847 dici
668 3785 769 3859 voluit,
791 3788 822 3848 in
837 3806 897 3867 quo
913 3797 991 3849 esset
1006 3787 1161 3850 manifesta
1175 3785 1299 3867 copulae
1313 3785 1365 3859 vis,
1391 3801 1450 3864 qua

283 3886 483 3967 praedicatum
498 3886 630 3949 subiecto
645 3887 862 3963 attribueretur,
877 3890 907 3950 h.
920 3909 947 3950 e.
963 3891 1084 3951 verbum
1096 3889 1223 3961 finitum,
1239 3907 1269 3968 p.
1285 3888 1359 3959 174;
1374 3905 1451 3968 quae

284 3996 384 4051 autem
409 3989 609 4070 praedicatum
632 3990 743 4070 absque
763 3992 866 4070 copula
887 3993 1081 4064 continerent,
1108 3991 1181 4053 baec
1200 3990 1300 4053 omnia
1314 3989 1452 4052 adverbia

284 4092 422 4173 appellari
437 4091 536 4164 voluit,
552 4112 580 4174 p.
594 4093 664 4165 151,
681 4111 808 4173 quorum
823 4112 917 4156 unum
933 4113 1025 4175 genus
1037 4094 1212 4156 infinitivum
1225 4112 1299 4166 esse,
1316 4092 1450 4154 aceteris

284 4215 320 4257 eo
335 4201 451 4258 tantum
466 4193 625 4269 diversum,
641 4195 721 4275 quod
732 4204 846 4259 certum
857 4216 949 4278 genus
961 4198 1206 4281 praedicatorum,
1221 4195 1325 4276 agendi
1338 4195 1452 4257 scillcet

351 4431 395 4497 ³5)
413 4432 466 4484 Hoc
482 4449 581 4501 quoquc
596 4434 749 4489 anonnnllis
761 4434 854 4493 lactum
870 4453 928 4491 esse
942 4447 1052 4491 comtrt.
1076 4437 1136 4491 Vid.
1147 4435 1270 4489 Priscian.
1282 4433 1312 4502 ll,
1327 4433 1356 4486 17
1370 4449 1394 4500 p.
1407 4433 1451 4486 bd.
