3190 5136
679 419 738 486 143

124 618 243 673 ctnras
265 612 440 692 prolerre
463 610 677 683 audientem,
704 610 740 670 do
755 610 843 672 verbo
865 603 1044 687 έξιικύζειν
1065 609 1213 672 ineodem
1228 626 1288 691 quo

125 714 267 777 Stunleius
287 732 391 776 errore
405 713 622 787 versatur„sed
638 711 808 775 adverbium
824 703 961 797 ἀληθῶς
974 731 1041 773 cum
1056 706 1195 773 κλύοντα
1216 730 1288 774 con-

129 818 258 879 iunctum
280 817 325 878 sic
344 816 498 896 accepisse
518 814 643 887 ridetur,
663 814 748 893 quasi
767 803 905 897 ἀληθῶς
925 808 1034 876 κλύειν
1055 814 1132 875 idem
1152 814 1190 874 sit
1203 823 1288 894 atque

130 911 260 1002 ἀληθέα
281 912 403 980 κλύειν.
448 917 514 978 Ηοο
527 917 653 978 relutarc
672 932 734 975 non
750 932 826 994 opus
847 923 901 977 est.
944 915 1090 977 Diversam
1106 914 1141 976 ah
1157 925 1290 996 utroque,

129 1021 179 1081 sed
200 1037 262 1081 non
283 1021 435 1082 meliorem
456 1019 531 1080 viam
552 1017 751 1080 Blomlleldius
769 1016 845 1079 iniit:
870 1035 940 1079 nam
967 1008 1064 1080 ούύέν
1085 1011 1289 1101 ἐξῃκασμένα

15 1104 17 1123 ³
128 1120 294 1199 significare
304 1129 386 1201 putat
397 1139 470 1182 non
485 1120 587 1183 modo
601 1118 670 1182 lesi
685 1118 923 1180 similitudine
937 1137 1119 1198 expressa,
1135 1127 1166 1180 ut
1177 1120 1288 1181 subau-

128 1221 183 1283 diri
199 1239 323 1285 neoesse
338 1222 377 1283 sit
391 1222 450 1282 sed
465 1238 617 1301 prorsus
633 1220 834 1282 assimilata
850 1229 954 1300 atque
968 1238 1132 1299 congrua.
1166 1220 1287 1282 Cuinam

127 1319 239 1402 igiurr‘l
269 1323 383 1403 Nempe
397 1322 507 1383 ceritati
527 1340 635 1384 rerunt
666 1323 703 1384 Et
724 1323 848 1384 sortasse
862 1322 939 1383 hanc
958 1322 1083 1383 veritatis
1101 1322 1289 1402 significatio-

15 1510 16 1515 *
128 1442 195 1485 nem
212 1424 344 1485 invenire
364 1423 418 1484 sibi
433 1423 513 1484 visus
534 1433 580 1484 est
599 1423 629 1484 in
644 1423 780 1485 adverbio
797 1415 947 1509 ἀληθῶς,
962 1424 1046 1504 quasi
1062 1415 1198 1508 ύληθῶς
1212 1419 1288 1508 ἐξη-

125 1521 275 1606 κασμένα
295 1526 373 1587 idem
390 1526 430 1587 sit
448 1526 525 1605 quod
542 1515 705 1609 ἀληθέσιν
719 1518 929 1610 ἐξῃκασμένα.
965 1526 1041 1599 Quid
1062 1525 1144 1606 plura
1160 1524 1287 1587 addam?

126 1628 248 1690 Certum
274 1635 321 1690 est
346 1628 516 1708 Aeschylum
547 1627 703 1707 scripsisse
729 1617 866 1712 ἀληθῶς
893 1617 985 1691 οὖσιν
1012 1622 1229 1713 ἐξῃκασμένα,
1261 1639 1289 1690 et

125 1721 221 1791 οέδέν
241 1748 297 1810 pro
318 1715 411 1791 οὖσιν
429 1729 553 1791 librariis
574 1692 682 1791 deleri.
716 1729 790 1791 Nam
811 1721 948 1814 α’ληθῶς
968 1722 1046 1793 ὄντα
1066 1740 1135 1792 suut
1153 1750 1200 1793 res
1221 1751 1288 1793 vere

126 1839 240 1910 gestae,
262 1829 394 1892 raticima
417 1838 512 1891 autem
537 1829 626 1891 rebus
648 1849 715 1890 rere
736 1831 824 1909 gestis
848 1850 976 1909 congrua
993 1852 1113 1912 easque,
1137 1842 1169 1894 ut
1191 1843 1288 1913 gestae

124 1942 219 2007 erant,
237 1932 283 1994 sic
297 1931 459 2004 referentia,
475 1941 551 1991 recte
567 1928 703 1990 dicuntur
719 1920 856 2014 ύληθῶς
879 1919 972 1992 ούσικ
994 1925 1207 2017 ἐξῃκασμένα.

210 2033 282 2093 Non
297 2032 395 2093 minus
407 2042 484 2093 certa
499 2029 662 2092 emendatio
678 2039 723 2090 est
737 2050 763 2091 r.
784 2030 872 2104 1211,
889 2032 939 2093 ubi
950 2032 1139 2109 Cassandrae,
1155 2036 1286 2097 vaticinia

124 2155 211 2198 suaa
233 2135 326 2196 choro
346 2151 407 2195 noo
427 2142 504 2194 recte
523 2140 658 2212 percepta
678 2131 799 2207 videnti,
818 2132 889 2194 haec
909 2133 995 2195 rerba
1015 2136 1045 2195 in
1066 2136 1214 2198 codicibus
1234 2137 1286 2198 tri-

123 2239 271 2300 buuntnr:

315 2346 336 2442 ἦ
351 2349 446 2441 κύρι’
460 2345 515 2439 ἂρ’
535 2347 579 2419 ἂν
594 2349 822 2439 παρεσκύισοις
837 2356 990 2443 χρησμῶν
1005 2354 1100 2441 έμῶν.

122 2501 208 2581 Piget
230 2500 421 2579 superiorum
440 2497 592 2560 conamina
609 2498 730 2570 relerre,
757 2516 882 2576 qnorum
901 2518 989 2561 nemo
1009 2501 1039 2562 in
1065 2507 1284 2568 consuuctione

121 2603 205 2665 verbi
221 2600 456 2685 παραοκοιιιῖν
474 2618 540 2661 cum
562 2599 688 2677 genitivo
710 2618 781 2661 casu
800 2600 958 2663 ollendisse
978 2602 1102 2679 ridetur,
1123 2607 1189 2668 licet
1209 2609 1285 2670 nulls

123 2705 162 2766 sit
176 2703 269 2765 huius
285 2701 482 2763 defendendae
495 2699 579 2761 ratio.
611 2700 691 2761 Unus
707 2699 888 2779 llosgravius
908 2705 1101 2767 accusativum
1117 2708 1224 2788 requiri
1239 2711 1285 2771 in-

123 2805 242 2878 tellexit,
257 2802 472 2883 proposuitque
488 2790 508 2886 ἦ
523 2793 617 2884 κύρτ)
636 2801 740 2891 (voluit
752 2794 869 2887 κάρθ’)
886 2797 963 2889 ὅρον
977 2826 1113 2891 mopsos.
1158 2811 1285 2891 Aeschy-

123 2909 169 2970 lus
185 2914 288 2969 autem
305 2905 422 2986 scripsit

314 3016 335 3113 ἢ
353 3022 459 3112 κύρια
479 3025 564 3090 νούν
583 3022 811 3113 παρεσκόπεις
828 3030 982 3116 χρησμῶν
1000 3028 1096 3115 ἐμῶν,

123 3174 204 3236 uude
229 3178 390 3252 postquam
415 3189 576 3255 καρταναν
605 3172 711 3233 lactum
738 3180 796 3246 est,
827 3183 1008 3238 correctores
1039 3179 1170 3269 alterum·
1191 3169 1231 3242 dv
1256 3182 1286 3242 iu

124 3266 174 3357 ἄρ’
189 3280 353 3335 mutarunt.
387 3271 499 3345 Quodsi
519 3272 568 3352 qui
583 3273 658 3334 lorte
678 3272 750 3347 sint,
770 3274 817 3354 qui
833 3271 907 3336 νούν
922 3295 948 3337 v.
971 3286 1121 3340 mentem
1135 3281 1285 3343 vaticinio-

124 3395 191 3438 rum
212 3374 273 3437 sibi
293 3372 411 3453 probari
431 3373 588 3452 postulent,
607 3373 639 3434 hi
658 3373 830 3436 Fischcrum
851 3377 968 3450 adeant,
989 3379 1025 3440 ad
1040 3379 1189 3461 Aristoph.
1209 3382 1284 3444 Plut.

125 3497 151 3539 r.
167 3480 219 3550 55,
234 3475 287 3538 ubi
302 3474 417 3555 legitur:
439 3465 630 3554 πυθοίμεθ’
651 3463 691 3537 dv
708 3471 765 3537 τὸν
778 3475 921 3562 χρησμὸν
940 3470 1018 3563 ἡμῖν
1034 3481 1132 3561 (vulgo
1147 3474 1250 3566 ἡμῶν)
1267 3476 1287 3544 ii

126 3599 160 3640 τι
174 3598 253 3641 νοει.

208 3680 359 3742 Versuum
377 3677 457 3740 1243
473 3684 502 3739 et
520 3677 600 3739 1244
612 3678 746 3741 ordinem
758 3680 788 3741 in
800 3681 948 3744 codicibus
960 3683 1107 3746 turbatum
1122 3686 1284 3748 rectissime
1302 3702 1318 3753 6

128 3783 317 3846 dermannus
331 3780 472 3843 restituit:

352 3920 525 4012 ὀμώμοται
547 3928 608 4020 γὰρ
631 3926 727 4020 ὅρκος
747 3931 783 4001 du
804 3935 895 4003 θεῶν
915 3935 1028 4023 μέγας,

353 4022 462 4109 ύξειν
482 4057 533 4100 νιν
553 4029 728 4118 ὑπτίασμα
749 4034 900 4122 κειμένου
922 4037 1058 4125 πατρός.

132 4189 178 4249 scd
193 4208 269 4269 qnae
283 4188 320 4251 ab
336 4190 442 4251 eodem
458 4190 659 4273 interpretatio
674 4193 828 4274 proposita
839 4204 893 4271 cst,
909 4196 1019 4278 Opusc.
1029 4198 1063 4261 ll.
1075 4219 1105 4280 p.
1117 4200 1168 4276 81,
1183 4221 1287 4265 vereor

132 4298 162 4349 ut
179 4291 270 4353 tenen
290 4291 404 4371 possit:
430 4312 592 4373 magnum
613 4295 705 4357 enim
724 4294 766 4357 ab
786 4296 855 4358 diis
876 4299 1007 4361 dictum
1028 4308 1085 4362 est
1103 4301 1287 4364 iusiuran-

135 4390 224 4467 dum,
238 4399 490 4457 revocaturum
510 4414 586 4456 eum
606 4414 684 4457 esse
697 4412 816 4459 necem
835 4399 1011 4477 prostrati
1026 4402 1149 4480 patris.
1191 4402 1286 4463 Immo
