3164 5138
818 410 857 477 ld

731 497 933 513 ma·-

211 621 241 674 m
259 624 312 669 our
331 602 497 667 Petreelnr
515 599 642 663 tendes
659 597 768 671 niu,
787 630 831 649 -·-·
848 598 879 661 ld
896 601 977 681 quod
989 601 1022 663 ἰ
1036 602 1108 678 hoo,
1123 603 1173 684 qoi
1187 620 1268 671 nuno
1280 615 1414 682 esem.

255 709 364 771 horum
377 711 516 768 contentu
526 721 651 765 neomse
660 708 716 775 eei,
729 732 773 749 «-
785 701 949 782 longbrem
960 720 1034 779 esse
1048 724 1136 785 qnam
1151 707 1298 773 oimmodi
1308 728 1415 774 museo

254 808 471 890 expositionem
488 825 555 868 esse
573 806 686 878 deeset,
710 823 764 866 neo
789 812 867 867 reete
886 807 1033 881 oondudi,
1059 809 1111 869 sed
1138 810 1222 889 quiesi
1241 812 1415 875 dissolutorie

255 928 442 994 poomrero,
466 910 561 971 loteor
578 924 627 969 ms
647 907 794 971 nonestis
816 906 983 987 intedipore
1027 911 1172 983 thtuor
1184 913 1265 975 enim
1279 914 1415 977 versibus

253 1014 429 1088 elrsoleitur,
447 1020 476 1073 et
495 1011 744 1073 commotionem
761 1009 849 1071 hehet
864 1009 1027 1089 simplicem
1046 1021 1134 1092 etque
1150 1014 1276 1093 planam.
1326 1017 1413 1090 Quod

254 1125 351 1181 autern
370 1115 472 1178 deletis
492 1112 549 1174 illis
563 1111 695 1174 rmeilrue
714 1109 841 1173 ‹te-79
862 1118 1033 1194 nutetopee
1053 1115 1097 1179 eie
1115 1117 1256 1181 emtionis
1276 1127 1415 1185 contexte

255 1220 340 1282 reelee
358 1218 404 1280 ἢ
418 1215 552 1298 premio
570 1214 634 1276 lieri
645 1214 708 1276 vult
725 1215 761 1275 od
781 1230 845 1279 eom
866 1216 1026 1295 epodosin,
1046 1236 1121 1297 ques
1135 1218 1254 1300 ineipist
1266 1240 1293 1281 ι.
1309 1222 1359 1297 80,
1373 1222 1413 1285 im

254 1332 365 1396 mmen,
391 1328 426 1382 ut
444 1319 478 1379 in
497 1318 557 1379 hoo
573 1334 660 1378 versu
676 1335 734 1395 pro
758 1308 843 1378 dele
863 1312 922 1379 sei
943 1305 989 1392 ὦς
1015 1320 1160 1383 soribrtnr
1182 1312 1253 1383 ἀλλ’
1278 1313 1341 1404 diye
1362 1319 1413 1409 δή,

254 1423 344 1486 velim
367 1422 459 1494 seire,
482 1438 572 1500 quem
597 1418 636 1481 ob
661 1437 779 1481 oensem
804 1419 863 1481 hoo
878 1412 948 1481 ἀλλ’
973 1412 1032 1501 ἄγε
1054 1414 1111 1506 δή,
1134 1423 1159 1485 si
1179 1425 1322 1505 seriptum
1342 1426 1411 1487 olim

255 1526 352 1600 luerit,
381 1525 417 1586 elr
445 1522 652 1603 interpolotore
681 1521 713 1582 in
737 1512 822 1582 dido?
847 1515 906 1583 καί
931 1509 977 1597 ὦς
1002 1532 1147 1586 mntemm
1177 1546 1243 1589 esse
1269 1529 1412 1593 credetur.

254 1629 330 1692 llem
347 1626 435 1689 etiem
453 1624 606 1707 postules
626 1642 727 1685 versus
746 1632 826 1685 reete
844 1614 917 1685 ἀλλ’
945 1616 1004 1706 dt'ye
1027 1620 1071 1709 dp'
1099 1629 1155 1689 diei
1174 1630 1283 1708 potuim
1310 1638 1411 1692 eontrs

253 1730 312 1794 lroo
326 1720 411 1791 dete
430 1723 492 1791 καὶ
512 1711 557 1802 ὦς
583 1725 681 1787 minus
701 1725 863 1805 expeditam
882 1727 970 1789 hebet
986 1728 1223 1808 explicationem,
1239 1751 1297 1812 quo
1313 1733 1412 1794 minus

253 1834 291 1897 rb
308 1831 517 1912 interpolatore
535 1839 672 1909 tanquam
692 1828 789 1907 aptius
808 1829 864 1890 illis
883 1829 1015 1895 versibus
1034 1850 1090 1911 pro
1104 1833 1154 1894 illo
1175 1834 1267 1896 altero
1281 1836 1411 1914 positum

252 1936 342 1999 videri
356 1943 463 2015 potest.
492 1932 552 1994 Sed
566 1950 624 2011 quo
639 1931 755 2010 plenior
768 1949 816 1991 res
830 1931 890 2005 liet,
905 1948 1025 1994 omnem
1040 1932 1127 1995 huius
1138 1936 1256 1998 llohilh's
1269 1939 1413 1999 orationis

253 2038 479 2119 dispositionem
493 2033 733 2114 oontemplemer.
776 2034 868 2112 lgitur
881 2034 1018 2109 Achilles,
1033 2037 1080 2103 oni
1094 2038 1214 2100 nimione
1230 2040 1412 2103 atrociorem

254 2149 283 2203 et
306 2139 550 2203 inhumanitatem
568 2136 720 2198 Petronius
741 2136 897 2209 obiecerat,
923 2138 1075 2200 exorditur
1091 2139 1131 2202 eb
1147 2142 1206 2202 irae
1233 2160 1304 2204 snos
1322 2160 1414 2205 exou-

253 2243 367 2306 setiono
399 2240 577 2319 iniuriaeque
603 2238 639 2299 ele
665 2238 887 2317 Agamemnone
912 2239 968 2301 silri
998 2242 1090 2302 testem
1121 2246 1412 2321 oommemomtione,

253 2365 280 2407 ι.
296 2343 431 2407 oenoe.
476 2339 679 2421 Sed,inquit‚
695 2341 1015 2404 omittemusbeee:
1030 2335 1127 2421 (cille
1146 2341 1193 2406 ed
1210 2341 1270 2425 pede
1292 2366 1413 2430 προτε-

252 2441 380 2526 τύχθαι
400 2440 566 2524 emnem:
588 2442 752 2522 intelligo
771 2442 840 2504 iem
866 2442 953 2505 irem
971 2444 1050 2506 sins
1068 2446 1140 2507 line
1163 2449 1313 2510 retineri
1339 2468 1412 2512 non

253 2568 376 2631 posse,
391 2565 598 2628 quemquem
612 2553 805 2609 statuerem
820 2562 905 2607 sene
920 2563 972 2607 me
984 2562 1162 2627 nunqnam
1176 2550 1218 2611 de
1232 2570 1269 2611 eo
1285 2554 1411 2614 remis·

253 2668 377 2714 surum
394 2669 488 2724 esse,
514 2649 585 2711 nisi
604 2667 709 2729 quum
732 2648 774 2709 ed
793 2662 890 2709 meas
908 2664 1020 2730 usque
1035 2668 1145 2713 neres
1164 2652 1285 2715 hostes
1300 2672 1410 2735 pene-

254 2761 422 2817 trassent
480 2751 532 2813 'lu
558 2769 644 2831 ergo
673 2750 782 2811 indue
810 2768 903 2813 ormo
930 2770 1007 2814 mee
1035 2761 1068 2815 et
1097 2754 1338 2834 Myrmidones
1368 2759 1411 2820 od

253 2857 424 2937 proelium
443 2856 545 2927 edito,
566 2851 855 2933 quondoquidem
872 2852 939 2915 ianr
954 2854 1104 2919 Troiani
1122 2857 1157 2917 in
1178 2867 1298 2920 eostre
1314 2859 1409 2922 irru-

253 2966 398 3039 perunt,
417 2978 443 3020 v.
462 2955 599 3020 iro-69.
653 2954 772 3019 letetur
794 2954 882 3035 igitur
905 2957 1030 3020 llolrilos
1056 2978 1089 3020 so
1114 2960 1171 3021 iem
1197 2976 1258 3022 non
1283 2978 1409 3041 prorsus

250 3061 409 3141 persistere
422 3060 453 3122 in
467 3060 567 3141 priore
583 3056 726 3119 molestie
742 3076 847 3137 posse,
862 3060 915 3120 esd
929 3059 1070 3122 heotenus
1087 3062 1188 3122 saltem
1202 3063 1410 3126 remittendum

251 3164 357 3238 udone,
375 3172 410 3226 nt
422 3161 571 3234 Petroolo,
589 3161 670 3239 quod
688 3160 714 3221 is
735 3178 799 3221 ese
813 3160 966 3240 petiverat,
986 3163 1080 3224 lesere
1093 3164 1241 3226 coneedit
1285 3166 1409 3229 Momm

251 3266 409 3329 smmrtise
440 3280 526 3327 rems
551 3262 649 3342 posite
678 3273 724 3324 eet
748 3263 780 3323 in
806 3263 1003 3326 limenorum
1026 3265 1146 3327 riotorie
1171 3266 1409 3350 Graecorumque

252 3368 344 3444 dade,
363 3368 435 3430 heoo
447 3365 536 3445 igitur
554 3365 779 3427 oomrnemoreri
799 3366 974 3428 eonvenions
989 3375 1060 3442 eret,
1072 3384 1129 3429 neo
1145 3369 1226 3431 iusto
1245 3370 1407 3451 longiorem

251 3472 327 3534 lnno
351 3467 665 3532 oommemoretionem
689 3467 792 3542 rideri,
818 3469 876 3531 iem
903 3486 992 3549 supm
1017 3469 1086 3530 diri
1129 3468 1213 3532 Nono
1238 3482 1334 3535 omem
1361 3475 1410 3535 leis

251 3569 491 3637 commemoratis
509 3570 577 3650 quid
597 3571 720 3645 mirum,
746 3570 878 3632 sietiem
895 3588 951 3632 eus
971 3579 1086 3633 tentum
1105 3571 1225 3635 'lloioni
1250 3576 1408 3655 potuerint,

251 3693 313 3737 non
338 3670 562 3755 prosternitur?
597 3664 649 3734 od
671 3668 743 3757 γὰρ
762 3667 856 3755 ἐμῆς
880 3666 1051 3757 κόρυθος
1075 3669 1284 3740 λεύσσουσι
1311 3673 1409 3759 πρό-

251 3794 397 3854 σωπον,
420 3776 573 3855 inquito.
590 3777 644 3837 70:
663 3793 735 3837 non
749 3784 935 3837 torrenter
951 3776 1104 3856 emplius
1126 3794 1201 3839 meo
1221 3781 1407 3859 adspectu.

251 3879 335 3941 Nem
351 3882 515 3959 prolecto
529 3878 650 3940 stetim
664 3877 925 3957 repellerentur
942 3879 1247 3961 redeuntibusque
1261 3900 1407 3946 suorum

250 3982 369 4042 losses
382 3982 615 4061 complerent,
630 3979 660 4040 si
672 3980 905 4059 Agamemnon
920 3996 1030 4061 eoquo
1041 3980 1212 4044 advorsus
1227 3986 1408 4048 meanimo

250 4093 360 4157 esset,
390 4075 448 4163 (εἴ
472 4104 540 4163 μοι
569 4074 711 4162 κρείων
731 4073 984 4163 Ἀγαμέμνων
1011 4075 1117 4169 ἤπια
1145 4078 1305 4171 eideip),
1332 4088 1360 4149 h.
1382 4106 1407 4151 e.

250 4186 282 4247 si
310 4205 364 4247 me
388 4187 545 4266 placore,
574 4192 611 4244 ut
635 4194 812 4262 pareret,
839 4186 996 4266 mihique
1020 4187 1233 4250 satisfacere
1257 4197 1409 4270 propter

250 4287 417 4351 iniuriem
432 4286 618 4349 voluisset
664 4287 729 4348 Sed
749 4306 841 4350 oneo
858 4287 912 4350 illi
931 4289 966 4348 in
984 4287 1115 4351 eastris
1135 4300 1311 4369 pugnent:
1329 4309 1407 4354 nem

250 4408 315 4453 neo
328 4388 516 4451 Diomedes
534 4389 689 4468 emplius
703 4409 766 4451 eos
784 4408 909 4453 oreore
921 4400 1055 4469 potest,
1073 4408 1141 4455 nee
1153 4393 1408 4471 Agamemnon,
