3154 5138
296 616 413 672 autem
437 628 498 674 cur
521 628 645 693 aquam
669 608 843 683 adiunxit,
867 610 897 670 si
917 606 994 689 lpse
1018 624 1116 671 mens
1141 619 1305 674 constare
1329 620 1444 692 potest

295 730 424 774 vacans
439 710 638 794 corporet).
670 710 785 774 Scilicet
798 710 921 774 Velleius
936 729 998 774 uon
1014 730 1090 792 opus
1106 711 1197 775 luisse
1218 711 1279 774 uult
1296 711 1342 775 illa
1360 731 1445 793 equae

296 822 325 877 ot
339 816 446 878 ruentis
462 815 677 890 commixtione
693 834 766 896 queo
776 815 887 878 Thaleti
901 815 1019 894 placuit,
1034 815 1168 877 sedeatis
1180 815 1332 877 luisseaut
1347 833 1445 896 equum

297 918 389 982 solam
403 919 476 999 poni
490 919 555 980 siue
569 928 679 991 mente,
698 918 723 979 si
739 917 855 998 quidem
871 917 933 980 lieri
947 919 1057 999 possit,
1078 926 1111 980 ut
1123 925 1222 980 mente
1237 937 1271 980 ac
1292 935 1384 980 sensu
1401 936 1447 978 cn·

296 1028 393 1082 rentes
414 1020 452 1082 dii
472 1021 546 1096 sint,
566 1029 616 1084 eut
634 1030 762 1082 mentem
783 1020 846 1081 sine
865 1038 953 1100 equa,
975 1020 999 1081 si
1019 1020 1136 1101 possint
1150 1020 1189 1081 dii
1203 1021 1314 1101 absque
1327 1038 1448 1101 corpom

297 1123 360 1184 sola
374 1131 472 1185 mente
487 1131 632 1186 constare.
663 1123 777 1197 Quodsi
792 1122 857 1203 quis
876 1130 974 1184 tamen
993 1122 1122 1184 vacillare
1141 1123 1218 1184 benc
1232 1121 1330 1184 Velleii
1350 1122 1450 1202 dispu-

296 1225 435 1287 tationem
458 1225 546 1300 dicet,
567 1226 644 1287 baud
665 1225 801 1306 equidem
822 1225 1003 1305 refragabor:
1034 1225 1072 1286 ita
1094 1224 1172 1286 enim
1199 1224 1344 1305 loquitur,
1371 1223 1451 1303 quasi

295 1328 400 1390 Thales
415 1346 519 1409 equam
531 1335 629 1390 mente
639 1326 774 1390 adiuncta
785 1327 873 1389 deum
884 1345 951 1387 esse
962 1326 1073 1401 dixerit,
1088 1327 1168 1407 quod
1179 1345 1241 1389 nou
1254 1335 1302 1388 est
1311 1325 1453 1398 credibile,

296 1438 323 1491 et
334 1428 394 1491 duo
409 1430 464 1493 ista
476 1431 619 1493 contrarie
629 1430 672 1492 sic
685 1430 780 1511 ponit,
796 1428 880 1509 quasi
894 1431 1063 1491 altemtrum
1080 1431 1158 1491 sumi
1171 1447 1298 1492 nemeae
1312 1430 1362 1502 sit,
1376 1427 1453 1508 quod

296 1547 367 1593 saue
380 1548 442 1594 uon
458 1533 679 1596 concedendum
695 1540 754 1605 est3
770 1531 822 1592 sed
837 1530 1001 1594 scribarum
1016 1531 1119 1603 uobis,
1135 1548 1198 1593 non
1213 1531 1373 1612 scriptoris
1387 1548 1455 1611 pec·

296 1640 358 1695 cata
378 1634 548 1715 corrigenda
568 1634 807 1715 sumpsimusllz
830 1651 847 1694 a
871 1634 975 1696 scribis
999 1641 1096 1696 autem
1121 1651 1208 1714 quam
1233 1633 1320 1696 facile
1344 1630 1455 1713 peccori

296 1736 436 1815 potuerit,
457 1737 548 1801 oculis
563 1738 599 1800 ab
615 1737 774 1817 aquaead
790 1754 910 1817 aquam
927 1735 1142 1811 aberrantibus,
1157 1736 1222 1817 ipse
1237 1742 1381 1818 aspectus
1395 1752 1457 1796 ma-

295 1836 434 1901 nilestum
450 1839 525 1901 lacit

379 1940 401 2015 1,
417 1940 467 2014 23,
484 1941 534 2004 65.
563 1940 729 2003 Abuteris
749 1940 790 2004 ad
811 1940 926 2003 omnia
946 1949 1144 2003 atomorum
1164 1958 1278 2019 regno
1300 1949 1335 2002 et
1354 1939 1459 2002 liceu-

296 2042 356 2104 tia:
375 2043 470 2117 binc,
490 2043 728 2123 quodcunque
748 2041 781 2103 in
807 2043 922 2105 solnm
942 2042 1051 2115 venit,
1074 2049 1114 2104 ut
1131 2041 1285 2117 dicitur,
1309 2039 1460 2121 effingis

192 2206 197 2219 ¹
249 2151 276 2201 11
298 2152 399 2225 atque
423 2144 550 2207 efficis.
595 2146 690 2220 Quae
714 2144 864 2224 primum
888 2145 1005 2207 nullae
1027 2152 1122 2207 sunt:
1151 2145 1244 2207 nibil
1276 2153 1335 2207 est
1363 2144 1462 2215 enim,

297 2245 388 2326 quod
413 2255 513 2313 vacet
536 2266 704 2328 corporc3
734 2247 951 2327 corporibus
976 2255 1091 2310 eutem
1117 2247 1237 2310 omnis
1269 2246 1463 2319 obsidetur·

295 2347 409 2423 loeus3
425 2348 620 2412 itannllum
635 2349 755 2423 inane,
769 2349 859 2411 nibil
871 2349 1178 2412 esseindividuum
1190 2359 1329 2431 potest.
1357 2350 1465 2411 [lecese

295 2449 401 2529 eliquid
413 2451 449 2513 ed
460 2451 719 2532 argumentationis
727 2451 924 2532 integritatem
938 2461 1017 2514 recte
1027 2450 1187 2514 Lambinus
1203 2462 1234 2514 et
1244 2452 1389 2515 Davisius
1397 2467 1466 2531 per-

295 2560 465 2631 spexerunt,
483 2553 634 2635 mirorque
648 2553 850 2617 liundorlium
866 2554 913 2616 bis
929 2554 1136 2635 obloquentem
1155 2555 1294 2637 nihilque
1309 2555 1467 2635 requiren-

297 2661 364 2716 tem.
394 2654 555 2737 ‚,Nempe,“
574 2657 626 2732 tit,
643 2657 754 2731 „atomi
768 2657 863 2719 nullae
877 2664 959 2731 suut,
980 2657 1005 2719 si
1020 2675 1082 2719 uon
1097 2666 1143 2719 est
1156 2658 1248 2720 inane
1263 2657 1402 2739 spatium
1417 2674 1468 2718 acu

295 2752 386 2819 ccede
404 2756 473 2819 illud
487 2758 617 2840 Epicuri,
638 2759 668 2821 iu
683 2778 742 2840 quo
762 2768 891 2840 possunt
905 2760 1012 2841 agitari.
1047 2758 1134 2822 Recte
1152 2758 1246 2840 igitur
1261 2760 1354 2823 Cotta
1374 2759 1468 2821 nullas

295 2876 363 2921 esse
374 2867 490 2921 atomos
504 2879 539 2923 ex
558 2880 593 2923 eo
614 2863 713 2937 docet,
732 2862 811 2943 quod
830 2863 901 2925 nihil
921 2862 960 2924 sit
977 2862 1056 2943 quod
1076 2872 1156 2926 vacet
1176 2870 1344 2944 corpore“
1375 2860 1471 2943 Atqui,

296 2971 328 3022 ut
342 2961 501 3024 concedam
516 2963 639 3025 alterum
653 2984 688 3026 cx
703 2965 792 3028 altero
808 2967 864 3041 sie,
884 2975 917 3028 nt
930 2964 1099 3027 Heindorbo
1114 2964 1211 3027 risum
1228 2974 1296 3038 est,
1314 2963 1470 3046 consequi,

296 3098 334 3109 -
348 3081 524 3144 quemquam
544 3065 602 3128 boc
619 3067 718 3146 ipsum
738 3086 841 3131 vereor
857 3076 893 3129 ut
911 3068 1031 3129 concedi
1050 3067 1160 3148 possit,
1178 3102 1225 3113 -
1247 3068 1376 3131 Cottam
1397 3074 1474 3130 oerte

296 3165 343 3226 tali
357 3167 607 3246 argumentatione
625 3187 687 3233 non
706 3190 794 3234 usum
810 3190 876 3233 esse
894 3170 988 3250 ipsius
1006 3170 1093 3232 verba
1112 3169 1344 3232 demonstrant.
1376 3172 1474 3245 Quae

295 3267 446 3346 primum
460 3268 577 3332 nullae
592 3282 675 3335 suut
688 3308 743 3350 -‚
758 3275 798 3336 ita
813 3274 863 3353 qui
877 3272 1014 3353 loquitur,
1030 3271 1158 3334 ostendit
1171 3291 1253 3349 scae,
1270 3283 1474 3355 posteaquam

489 3412 592 3421 ια’-..-

362 3473 387 3535 6)
405 3475 499 3528 Eodem
519 3477 574 3529 fere
593 3479 665 3530 modo
686 3477 825 3529 lamdmtm
844 3476 979 3529 Lambinus
999 3476 1075 3529 scribi
1096 3475 1189 3528 voluit:
1213 3477 1250 3530 Si
1269 3479 1319 3532 dii
1336 3483 1479 3547 possunt

295 3575 365 3611 este
377 3562 445 3613 sine
457 3578 564 3628 sensu,
578 3571 891 3631 certantemque,
905 3562 1376 3633 curaquammeutiadiunxit,
1387 3566 1415 3616 ai
1427 3570 1479 3615 ete.

294 3646 394 3697 omissis
405 3648 491 3699 verbis
503 3655 535 3699 ct
546 3656 649 3701 mente
662 3656 720 3716 post
731 3665 840 3715 sensu,
854 3665 957 3716 qaorum
970 3648 1162 3699 emittendorum
1170 3649 1249 3701 nulla
1263 3654 1403 3704 recteest
1428 3651 1480 3703 lle-

293 3730 376 3798 liquae
388 3733 555 3785 emendationi
574 3750 620 3785 cnr
634 3750 714 3786 meam
731 3734 922 3803 praeferendam
937 3732 1058 3799 arbitrer,
1081 3733 1194 3800 perlecta
1216 3735 1272 3787 bae
1294 3737 1479 3806 disputatione

293 3817 404 3869 lectores
417 3820 492 3871 etiam
504 3835 544 3872 me
557 3827 655 3872 mceute
667 3820 819 3887 intelligent.

361 3904 385 3968 7)
404 3903 536 3970 Debcbam,
549 3906 571 3957 si
583 3907 630 3957 boc
640 3922 749 3972 agerem,
762 3907 837 3957 etiam
850 3906 880 3958 de
892 3906 944 3957 illis
955 3905 1040 3957 verbis
1053 3905 1150 3971 dicere,
1163 3906 1264 3972 quibam
1279 3908 1408 3962 Thaletis
1422 3925 1481 3961 aen·

293 3989 372 4040 tenda
382 3988 505 4041 refertur:
518 4003 624 4058 aquam
635 3990 719 4043 dixit
731 4006 802 4043 ease
814 3990 938 4043 initium
949 4006 1064 4053 rerum,
1076 3992 1165 4043 deum
1177 4000 1297 4047 autem
1312 4010 1384 4048 ena
1397 4013 1484 4050 meu-

293 4080 365 4138 tem,
379 4089 456 4140 quae
469 4089 506 4125 ex
518 4090 595 4142 aqua
607 4083 722 4127 cuneta
733 4075 882 4141 lingeret
917 4076 1006 4145 Neque
1027 4077 1091 4128 enim
1113 4076 1162 4128 luit
1177 4078 1250 4130 baec
1268 4097 1342 4133 vere
1363 4082 1484 4135 Thaletis

293 4159 430 4221 sententia,
448 4175 542 4228 neque,
560 4162 582 4212 ai
599 4167 679 4225 esset,
696 4161 790 4213 Velleli
806 4162 961 4215 obiectiones
978 4163 1003 4213 ia
1020 4177 1074 4213 eam
1087 4163 1274 4218 convenirent.
1302 4166 1387 4223 Nune
1398 4176 1485 4221 autem

293 4245 355 4295 satie
367 4251 407 4296 est
415 4243 555 4296 llrisebium
566 4245 682 4312 laudare,
695 4248 726 4298 de
739 4245 846 4299 'l’balete
861 4248 996 4313 diligenter
1009 4248 1190 4315 disputantem:
1214 4250 1272 4304 ille
1285 4254 1425 4322 nectes.
1439 4257 1486 4307 der

292 4328 337 4382 Gr.
350 4329 453 4385 lleulrer
463 4346 488 4398 p.
500 4330 533 4383 38
546 4346 599 4401 sqq.
613 4347 757 4400 quamquam
769 4334 801 4385 de
813 4332 906 4386 Velleli
919 4333 1100 4387 obiectionibus
1116 4350 1149 4389 ae
1165 4336 1187 4386 ie
1201 4337 1322 4403 quiden
1335 4356 1436 4396 vam
1447 4338 1485 4393 vl-
