3154 5138
689 514 751 581 tat

132 705 232 783 egerit,
245 712 280 767 ut
293 723 359 767 eam
373 703 483 785 ubique
495 703 650 767 lectionem
665 709 802 782 poneret,
823 721 899 784 quae
912 704 1038 768 maxime
1054 705 1198 770 videretur
1213 709 1295 772 codi-

133 824 198 870 cum
215 807 387 869 aumoritate
394 805 603 868 commendari.
629 804 710 866 llaoc
725 804 764 867 oh
780 823 898 868 causam
914 807 1001 869 buius
1016 808 1175 870 editionem
1187 808 1294 873 horum

132 908 284 981 libusuam,
298 928 373 989 quae
387 916 456 972 ante
470 907 620 970 biennium
635 906 666 968 in
681 905 854 970 bibliotheca
874 909 1074 973 Teubneriana
1093 910 1211 991 prodiit,
1226 931 1294 991 per·

131 1020 244 1090 gratam
265 1011 337 1073 mihi
357 1011 449 1073 luisse
470 1028 532 1072 uon
554 1018 601 1071 est
618 1008 696 1088 quod
716 1008 872 1073 affirmem:
888 1020 916 1073 et
934 1012 1088 1075 accedebat
1107 1012 1193 1074 etiarn
1207 1014 1295 1088 aliud,

131 1115 212 1195 quod
235 1134 284 1176 me
299 1114 425 1195 propius
448 1111 668 1193 quodammodo
690 1111 852 1190 attingeret
894 1113 968 1175 Nam
982 1113 1295 1194 inprooemioeditio·

1 1281 2 1284 ,
129 1217 174 1280 uis
189 1236 265 1279 suae
280 1216 419 1291 lllotaius,
432 1215 485 1279 ubi
500 1216 582 1278 locos
598 1233 614 1275 a
629 1232 662 1275 se
677 1221 826 1275 correctos
841 1223 1003 1294 percenset,
1018 1216 1191 1297 plerumque
1205 1218 1293 1282 etiam

1 1305 2 1312 ἵ
128 1337 228 1381 meam
247 1318 407 1381 editionem
427 1318 560 1398 respicit,
580 1332 728 1395 quumque
746 1314 783 1377 ab
799 1333 832 1377 aa
846 1314 982 1391 discedit,
997 1318 1026 1379 id
1042 1317 1144 1380 sedulo
1161 1338 1293 1383 comme·

126 1438 250 1483 morare
264 1419 349 1493 solet,
365 1419 530 1483 auctoritati
548 1419 606 1480 lroc
625 1434 707 1478 meae
726 1434 742 1477 a
763 1416 909 1479 sedatum
922 1436 988 1480 esse
1001 1420 1171 1499 professus:
1188 1421 1217 1484 in
1234 1442 1293 1504 quo

126 1521 264 1603 quamvis
279 1520 509 1585 benevolentiam
525 1520 622 1583 iudicii
641 1526 742 1599 gratus
761 1536 934 1598 agnoscam,
949 1521 1094 1584 honoram
1115 1530 1212 1586 umen
1231 1524 1293 1587 edi·

125 1624 202 1687 honi
218 1642 304 1685 meae
317 1622 450 1685 habitum
468 1640 531 1685 non
549 1639 676 1703 possum
695 1637 758 1682 uon
776 1621 933 1702 deprecari.
978 1624 1054 1687 Nam
1068 1624 1141 1686 nibil
1155 1625 1290 1706 equidem
1308 1639 1324 1688 t

126 1727 229 1789 miuus
244 1743 334 1805 quarn
349 1723 441 1787 critici
455 1724 629 1786 correctoris
644 1722 760 1784 laudem
774 1722 912 1802 quaesivi,
927 1722 955 1785 id
972 1725 1146 1804 quodetiam
1160 1728 1193 1789 in
1203 1747 1289 1809 prae-

125 1828 238 1891 [abone
253 1834 377 1889 testatus
393 1844 469 1901 snm,
484 1825 641 1906 omnisque
653 1842 720 1913 mea
735 1843 825 1905 opera
839 1826 870 1887 in
885 1844 920 1887 eo
929 1826 1068 1903 constitit,
1082 1836 1117 1889 ut
1128 1830 1292 1911 exemplum

124 1929 269 1993 editionis
283 1927 464 2001 Nobbiauae,
483 1928 607 1991 minimo
625 1926 761 2008 parabilis
782 1935 812 1988 et
825 1934 896 1989 tunc
914 1928 1039 1991 maximo
1053 1929 1226 2010 divulgatae,
1240 1931 1292 1993 ali-

124 2041 197 2113 quot
213 2031 291 2093 locis
306 2049 323 2092 a
337 2049 385 2091 me
400 2029 595 2103 emendatum,
610 2028 792 2110 typographo
812 2029 1036 2093 describendum
1056 2032 1171 2094 darem:
1191 2051 1292 2095 emen·

124 2134 266 2197 duretam
282 2140 420 2195 autemea
433 2139 558 2208 mutum,
573 2150 646 2213 quae
654 2132 698 2194 sic
705 2140 739 2193 nt
745 2139 828 2194 erant
838 2132 930 2212 repeti
937 2133 1203 2214 proptereditionis
1211 2153 1292 2195 meae

1 2237 2 2304 l
125 2237 289 2300 consilium
304 2252 365 2297 uon
379 2242 511 2314 possent,
525 2234 579 2297 alia
592 2234 652 2297 lere
666 2233 773 2297 intacta
783 2234 967 2314 reliqueram,
981 2244 1084 2317 utpote
1098 2254 1171 2316 quae
1185 2246 1292 2299 uteun-

125 2359 183 2421 que
197 2339 367 2417 legerentur
381 2355 443 2401 non
457 2336 566 2418 magni,
580 2336 611 2399 in
625 2335 675 2398 tali
690 2335 808 2416 quidem
823 2336 959 2412 editione,
970 2338 1291 2401 iuteresseiudicarem.

1 2493 2 2522 ,
125 2439 330 2516 Quamobrem
355 2439 485 2503 lllotsius
511 2438 661 2520 plerisque
679 2438 709 2499 in
730 2436 818 2512 locis,
838 2438 888 2501 ubi
909 2459 958 2502 me
976 2441 1124 2517 nominat,
1143 2441 1291 2504 Nobbium

126 2544 230 2626 potius
256 2542 410 2607 nominare
435 2541 541 2605 debuit
586 2540 695 2603 Vellem
720 2548 820 2603 amen
844 2541 888 2603 vir
907 2541 1096 2607 doctissimus
1116 2562 1179 2607 non
1194 2545 1289 2607 solum

127 2646 290 2709 editionem
304 2662 411 2720 meam,
421 2644 473 2707 sed
489 2644 575 2707 edam
590 2641 802 2724 disputationes
817 2642 882 2705 illas
897 2644 1027 2724 cognitas
1042 2645 1202 2721 habuisset,
1218 2665 1291 2727 quas

127 2749 235 2811 eodem
251 2754 384 2827 tempore
399 2754 536 2827 quattuor
550 2742 761 2826 scriptionibus
779 2744 951 2807 academicis
970 2745 1127 2826 publicavi:
1142 2749 1197 2810 has
1213 2747 1290 2810 anim

129 2852 153 2912 si
168 2848 307 2930 legisset,
321 2866 383 2911 non
398 2848 499 2911 dubito
514 2849 584 2930 quin
597 2848 633 2911 do
647 2846 797 2910 nonnullis
812 2847 884 2909 loris
899 2846 982 2910 aliter
997 2866 1083 2928 quam
1100 2850 1167 2912 lecit
1180 2849 1290 2912 iudica-

130 2965 215 3015 turus
232 2949 326 3013 luerit
370 2951 454 3013 Certe
467 2968 530 3013 non
544 2950 666 3013 miratus
682 2958 760 3011 esset
773 2948 872 3024 moll,
889 2948 937 3023 18,
952 2949 992 3012 48
1008 2968 1045 3012 ne
1057 2952 1210 3014 admonitu
1226 2951 1292 3032 qui·

129 3057 195 3117 dem
209 3052 345 3133 Madngii
352 3054 520 3133 perticulam
529 3070 570 3116 an
587 3070 648 3115 uon
656 3051 842 3132 expunxisse,
850 3070 939 3132 quam
947 3071 1001 3132 ego
1009 3070 1057 3115 me
1064 3053 1154 3117 invito
1162 3056 1291 3118 relictam

128 3176 194 3220 esse
209 3163 336 3237 questus
351 3173 419 3218 sum
433 3155 504 3217 diss.
521 3155 560 3218 ΙΙΙ
574 3175 603 3235 p.
619 3154 648 3217 8.
684 3153 785 3235 Neque
799 3154 1039 3235 reprehendisset
1052 3155 1100 3233 ΙΙΙ,
1112 3157 1164 3232 24,
1180 3157 1220 3220 63
1235 3158 1291 3220 Er-

128 3258 217 3323 nestii
238 3257 436 3320 coniecturam
457 3256 697 3339 appellentur,
716 3274 772 3337 pro
791 3256 1032 3337 appellantur,
1052 3279 1131 3322 ame
1145 3278 1291 3342 propaga-

130 3370 204 3425 tam:
221 3377 293 3423 narn
308 3360 528 3423 coniunctimm
539 3358 620 3421 illum
635 3378 652 3419 e
665 3357 818 3421 Nobhiano
834 3360 966 3439 exemplo
982 3377 1042 3422 nou
1058 3381 1122 3425 mea
1137 3363 1189 3424 sed
1205 3370 1291 3443 typo-

128 3462 235 3544 graphi
254 3461 339 3541 culpa
357 3462 390 3524 in
414 3480 511 3523 meam
530 3461 689 3525 editionem
709 3461 881 3523 translatum
900 3480 966 3523 esse
985 3463 1106 3526 vidisset
1125 3483 1160 3526 ex
1175 3463 1292 3526 dissert

129 3566 175 3640 lv,
190 3584 221 3646 p.
241 3564 291 3639 16,
306 3563 357 3626 ubi
371 3565 459 3627 etiam
476 3563 573 3638 attuli,
589 3582 664 3643 quae
678 3563 714 3625 ad
730 3563 871 3625 tuendum
887 3563 1070 3626 indicativum
1088 3565 1233 3645 pertinere
1248 3566 1292 3626 ri·

130 3668 282 3729 darentur.
323 3665 384 3729 Nee
398 3667 529 3746 profecto
544 3666 571 3739 Ι,
588 3663 621 3740 8,
636 3664 656 3727 9
675 3664 820 3746 vulgatam
834 3664 988 3728 lectionem
1008 3666 1047 3729 ad
1068 3667 1223 3729 animum
1238 3669 1293 3748 es-

128 3769 329 3849 [tetradem
343 3768 457 3832 delendi
471 3786 562 3849 posse
577 3766 748 3831 credidisset
761 3766 941 3848 argumentis
957 3767 1110 3843 eiusmodi,
1127 3769 1221 3857 qualia
1235 3770 1293 3832 lla·

131 3872 224 3934 risius
249 3870 397 3944 adhibuit,
423 3888 497 3950 quae
522 3887 649 3950 prorsus
674 3869 746 3932 nibil
771 3869 808 3932 ad
828 3887 894 3931 rem
908 3869 1053 3951 pertinere
1072 3872 1207 3957 equidem
1224 3870 1293 3934 satis

129 3973 279 4036 audenter
293 3971 365 4034 nihi
379 3972 601 4035 demonstrasse
615 3972 717 4035 videor
731 3972 847 4035 dissert
862 3972 889 4048 l,
905 3990 934 4052 p.
950 3974 984 4047 4,
999 3981 1033 4035 ut
1047 3973 1105 4037 ianr
1125 3974 1161 4037 de
1175 3974 1295 4039 veritus

129 4073 347 4137 emendationis
373 4072 607 4137 alliciendum
633 4075 670 4137 ab
691 4073 916 4156 intelligentibus
940 4075 1055 4156 quidem
1083 4075 1208 4139 dubitari
1232 4093 1296 4139 nou

128 4177 263 4259 amplius
277 4194 368 4257 posse
382 4178 506 4240 credam.
536 4177 635 4258 Neque
648 4176 717 4239 ibid.
734 4180 752 4253 t
768 4176 809 4240 20
824 4177 983 4257 sprevisset
998 4179 1191 4242 certissimam
1205 4179 1294 4240 Lam·

127 4278 445 4359 bipiemeudationem
458 4296 618 4359 pronoea
632 4297 718 4341 vero
733 4288 852 4342 vestra
867 4280 898 4342 si
913 4279 1033 4343 eadem
1048 4289 1115 4356 est,
1135 4279 1295 4360 migratam-

127 4400 192 4463 que
204 4380 363 4445 lmtionem
377 4381 414 4444 ab
427 4380 517 4444 huius
534 4380 592 4444 loci
606 4388 745 4445 contextu
764 4382 887 4445 ahenam
906 4402 973 4445 esse
990 4381 1241 4469 animadyertisset
1259 4399 1293 4441 ex

3 4514 5 4517 ·
126 4466 236 4549 eadem
251 4484 325 4546 diss.
340 4503 370 4566 p.
387 4484 416 4547 ii.
446 4483 508 4547 Nec
522 4484 691 4561 dubitasset,
708 4484 925 4564 opinor,1,40,
943 4485 1001 4546 110
1014 4474 1144 4545 eiusdem
1158 4479 1295 4543 Lambini
