3266 5140
318 1361 378 1450 ul
408 1356 722 1452 uuululoulssus
753 1356 944 1449 illunis
975 1354 1096 1446 APUD
1128 1351 1440 1446 ATHENIENSES.

264 1668 280 1717 e
400 1640 499 1729 Pae,
513 1658 600 1740 segg.
617 1659 658 1732 x,
677 1660 714 1720 ιε
730 1678 759 1739 p.
775 1658 851 1729 eoo,
870 1654 920 1717 uu
935 1654 1069 1734 expono,
1081 1655 1180 1735 quae
1195 1656 1232 1717 n
1245 1654 1389 1734 sunone
1403 1672 1456 1717 eu-

301 1768 390 1840 tuque
409 1761 532 1823 deorum
550 1761 674 1840 lepesin
689 1759 802 1822 civitate
821 1759 896 1821 bene
910 1756 1067 1819 constituta
1082 1757 1280 1820 observandae
1294 1757 1363 1830 sint,
1378 1774 1459 1819 sacra

301 1862 406 1924 civium
422 1863 531 1942 privata
546 1884 580 1925 ae
594 1864 763 1937 domestica,
778 1880 852 1942 quae
866 1860 898 1921 in
911 1876 963 1921 sue
979 1858 1101 1939 quisque
1121 1858 1211 1920 domo
1227 1858 1319 1931 laniat,
1332 1876 1459 1940 prorsus

211 2018 215 2023 .
300 1964 423 2027 arcenda
434 1983 500 2026 esse
511 1964 623 2026 statuit:
639 1957 720 2045 ἱερά,
733 1964 836 2043 inquit,
848 1955 933 2044 μηδὲ
944 1946 992 2034 εἷς
1002 1951 1150 2035 blotan
1162 1952 1287 2035 οἰκίαις
1294 1955 1458 2044 ἐκτήσθω.

301 2067 485 2147 Comparavit
502 2066 578 2129 hanc
596 2066 689 2147 legem
707 2066 807 2127 dstius
824 2082 889 2126 curn
905 2082 952 2136 ea,
966 2081 1039 2142 quae
1058 2081 1074 2124 a
1088 2062 1227 2125 Cicerone
1240 2064 1458 2144 praescribitur,

300 2169 338 2229 de
351 2168 437 2248 Legg.
452 2168 487 2241 ll,
504 2168 533 2240 8,
553 2168 605 2230 19:
621 2168 822 2249 Separatim
837 2184 936 2229 uerno
953 2163 1112 2227 habessit
1126 2167 1228 2239 deos,
1244 2183 1329 2228 neve
1342 2184 1458 2227 novos

302 2270 375 2331 sire
390 2270 547 2332 advenas
562 2271 633 2332 nisi
648 2269 791 2349 publice
806 2268 970 2329 adscitos
985 2268 1151 2348 privatim
1168 2268 1330 2343 colunto;
1344 2268 1460 2347 sodep-

302 2378 386 2451 paret
399 2380 497 2433 umen
512 2379 654 2450 quantum
669 2371 793 2432 intersit.
824 2369 898 2431 llam
918 2371 1033 2441 Cicero,
1053 2370 1121 2431 licet
1139 2387 1234 2432 novos
1254 2370 1316 2432 sive
1334 2371 1459 2434 advenas

303 2474 374 2535 deos
390 2473 523 2552 privatim
544 2472 599 2535 coli
614 2480 704 2547 vetet,
722 2472 780 2534 nisi
799 2470 914 2550 publice
933 2470 1035 2533 adsciti
1050 2473 1123 2547 sint,
1142 2473 1242 2552 ipsum
1257 2479 1356 2536 umen
1369 2491 1460 2554 genus

304 2592 456 2637 sacrorum
471 2574 665 2656 privatorum,
687 2574 718 2635 in
733 2573 839 2654 quibus
854 2581 925 2636 sunt
938 2574 1059 2648 Larum,
1079 2574 1246 2649 Penatium,
1261 2576 1385 2639 deorum
1398 2576 1460 2639 lla-

303 2680 385 2740 ninm
400 2677 568 2758 religiones,
583 2685 696 2740 uotum
712 2676 794 2739 obest
808 2684 841 2740 ul
855 2684 943 2750 vetet,
958 2687 991 2737 ut
1005 2696 1052 2749 ea,
1073 2678 1321 2757 quemadmodum
1335 2696 1352 2741 a
1367 2679 1461 2741 mab-

303 2780 383 2842 ribus
399 2780 503 2843 tradita
523 2780 595 2850 sint,
616 2785 759 2859 perpetuo
781 2778 948 2840 conservari
964 2798 998 2840 ac
1017 2779 1155 2861 deinceps
1170 2780 1299 2861 posteris
1314 2782 1400 2862 prodi
1414 2783 1460 2843 iu-

303 2883 367 2946 beat
378 2886 414 2959 ¹).
444 2882 552 2944 Contra
566 2881 647 2943 Plato
662 2899 725 2942 non
733 2880 823 2942 modo
832 2897 926 2941 novos
935 2881 995 2942 sive
1010 2882 1144 2953 advenas,
1161 2882 1212 2943 sed
1228 2882 1325 2945 nullos
1339 2885 1461 2946 omnino

304 2986 376 3048 deos
396 2984 530 3065 privatim
550 2983 606 3045 coli
621 2983 694 3054 vult,
714 2982 793 3044 unde
811 2984 999 3062 consequitur
1019 2983 1048 3044 in
1068 2984 1131 3046 eius
1152 2984 1264 3046 civitate
1281 3003 1376 3065 neque
1393 3003 1462 3049 arae

303 3088 380 3149 lovis
399 3084 495 3147 llercii
514 3104 608 3165 neque
628 3085 800 3165 palrilorum
818 3080 1014 3167 (πατρῴων)
1031 3087 1152 3148 deorum
1168 3086 1288 3160 lareriis,
1302 3104 1398 3167 neque
1410 3086 1461 3148 ulli

303 3189 425 3250 alicuius
441 3185 571 3248 numinis
586 3185 713 3248 sacrario
729 3186 759 3247 in
772 3186 953 3265 privatorum
973 3189 1093 3251 aedibus
1108 3187 1205 3250 locum
1221 3189 1352 3263 concedi,
1367 3207 1461 3269 neque

303 3289 443 3352 sacrificia
461 3288 518 3351 ulle
536 3286 593 3349 diis
612 3288 709 3349 ollerri
728 3307 819 3368 posse
837 3288 893 3349 nisi
914 3290 943 3350 in
965 3291 1089 3369 publicis
1105 3292 1237 3373 templis,
1258 3291 1462 3354 assistentibus

267 3398 281 3446 l
303 3393 390 3454 otiam
404 3389 606 3452 sacerdotibus
622 3390 737 3470 publice
756 3391 934 3465 constitutis,
953 3393 1203 3471 quemadmodum
1221 3395 1287 3474 ipse
1305 3393 1461 3473 praecipit:

304 3487 401 3555 θύειν
416 3484 446 3553 d’
462 3485 541 3553 ὅταν
555 3485 615 3553 ἐπὶ
626 3489 699 3554 νοῦν
712 3485 748 3577 ἴῃ
763 3486 840 3569 τινί,
856 3489 940 3575 πρὸς
958 3489 1000 3555 cd
1020 3489 1169 3579 δημόσια
1187 3487 1249 3558 ἰἰαν
1264 3489 1388 3572 θύσων,
1405 3488 1463 3556 καί

303 3595 374 3670 τοῖς
395 3585 518 3677 ἱερεῦσί
536 3614 573 3655 ιε
591 3589 649 3656 καὶ
670 3585 807 3678 ἱερείαις
827 3586 1031 3681 ἐγχειριζέτω
1051 3594 1093 3659 τὰ
1112 3591 1258 3677 θύματα,
1275 3584 1326 3672 οἷς
1348 3588 1461 3679 ἁγνεία

306 3690 428 3759 τούτων
441 3690 611 3780 ἐπιμελής.
640 3697 672 3759 ld
688 3716 774 3778 quern
791 3697 827 3760 eb
842 3717 959 3763 causam
979 3699 1159 3781 praeceperit
1179 3708 1297 3781 tamque
1311 3699 1462 3779 diiigenter

305 3819 422 3862 omnem
438 3800 617 3880 privatorum
633 3819 783 3863 sacrorum
800 3819 887 3862 usurn
902 3802 1091 3876 interdixerit,
1107 3801 1250 3884 exipsius
1266 3800 1463 3883 disputatione

307 3902 444 3982 cognosci
464 3910 571 3983 potest.
601 3903 675 3965 Narn
695 3904 830 3965 homines
855 3904 1020 3985 imperitos,
1044 3905 1198 3986 praecipue
1217 3902 1417 3975 mulierculas,
1437 3900 1462 3962 si

317 4079 427 4085 ---,.
446 4080 462 4087 .,.

375 4180 400 4249 1)
418 4183 446 4234 L.
465 4184 482 4233 l.
500 4200 522 4233 c.
539 4184 563 4245 9,
581 4182 626 4231 22:
648 4182 743 4232 Sacra
765 4183 888 4248 privata
910 4191 1062 4250 perpetua
1082 4189 1233 4234 innuente.
1257 4198 1280 4232 c.
1299 4181 1339 4244 19,
1359 4179 1404 4230 le:
1425 4179 1460 4228 de

306 4271 406 4321 sacris
423 4277 523 4320 antean
541 4296 575 4306 —
593 4269 667 4319 buce
690 4269 808 4319 sitnon
826 4271 1001 4336 sententia,
1025 4277 1058 4320 nt
1075 4273 1311 4319 conserventur
1337 4278 1460 4331 semper

305 4360 337 4403 et
354 4354 503 4420 deinceps
521 4351 654 4402 familiis
672 4353 845 4420 prodantur
862 4359 905 4418 et,
919 4360 952 4405 ut
970 4355 998 4404 in
1017 4354 1088 4418 lege
1106 4352 1209 4421 posui,
1223 4358 1379 4420 perpetua
1398 4348 1465 4400 sint

306 4453 405 4490 sacre.
