3266 5140
828 455 890 518 468

760 543 959 551 uum-...-

282 649 388 712 iterum
407 646 588 727 aggreditur3
607 645 637 706 in
656 662 736 705 mare
752 638 929 703 detruditur:
945 641 998 703 sed
1013 659 1102 722 Qum
1118 649 1147 704 et
1161 644 1248 706 nandi
1262 644 1373 725 peritus
1388 664 1436 707 es·
1464 672 1467 679 ·

280 760 328 812 set
341 758 371 811 et
385 768 402 812 a
416 748 478 811 suis
493 747 682 828 exciperetur,
698 762 767 806 mox
779 759 882 804 rursus
897 743 1007 821 proelio
1020 762 1053 806 se
1066 743 1220 821 immiscet,
1239 746 1436 810 adversarium

281 869 368 915 suum
383 850 463 932 petit.
506 848 548 910 lta
567 865 658 928 quum
676 844 795 925 saepius
811 844 947 924 repulsus
966 853 994 907 et
1008 845 1135 909 deiectus
1149 866 1212 911 nou
1230 858 1329 911 tamen
1343 858 1436 911 certa·

280 953 359 1015 mine
374 953 542 1025 desisteret,
564 950 616 1012 sod
631 948 806 1029 pertinacius
823 965 940 1026 semper
958 947 1094 1023 instaret,
1114 969 1244 1031 suosque
1258 951 1389 1014 incitaret
1404 962 1436 1015 ut

279 1054 444 1117 coniunctis
464 1070 565 1115 secum
584 1050 693 1112 viribus
713 1065 818 1109 omnes
838 1065 930 1110 unum
949 1057 1095 1128 peterent,
1114 1051 1146 1114 in
1164 1062 1224 1115 tarn
1244 1054 1336 1116 atroci
1351 1064 1434 1136 atque

278 1156 385 1237 impari
409 1154 569 1217 certamine
592 1151 759 1232 Rogisiaus,
778 1168 870 1231 quum
889 1151 934 1213 vir
959 1154 1106 1215 sufficeret
1127 1155 1288 1218 multorum
1306 1158 1434 1239 undique

277 1258 382 1320 ictibus
398 1265 481 1319 scuto
496 1275 530 1319 ac
543 1253 637 1335 gladio
653 1251 837 1332 excipiendis,
853 1270 1003 1334 nunqnam
1018 1264 1116 1318 umen
1130 1258 1196 1319 loco
1204 1259 1289 1331 cedit,
1301 1259 1371 1339 quin
1385 1279 1432 1321 re·

278 1360 379 1441 primit
394 1359 481 1422 ctiam
497 1357 658 1438 proximos,
674 1355 748 1417 alios
764 1354 882 1426 sternit,
903 1354 933 1417 in
952 1356 1050 1437 ipsum
1071 1358 1175 1421 ducem
1190 1359 1343 1423 invehitur.
1373 1361 1433 1424 Sed

277 1462 400 1524 ibidum
416 1461 519 1523 maiori
535 1458 716 1521 vehementia
728 1456 818 1519 ictum
833 1455 968 1534 intentat,
989 1467 1018 1521 et
1032 1459 1062 1521 in
1077 1461 1185 1541 galeam
1201 1461 1355 1526 adversarii
1370 1463 1431 1543 gla-

277 1563 359 1626 dium
373 1563 467 1635 illidit,
483 1562 587 1624 sternit
603 1560 719 1642 quidem
735 1559 829 1631 illum,
849 1559 901 1621 sed
921 1560 1046 1639 gladium
1067 1563 1132 1642 ipse
1147 1563 1279 1644 diffregit.
1310 1565 1432 1629 Concla-

277 1674 359 1728 mant
372 1666 483 1739 bostes,
498 1683 588 1746 quum
599 1662 767 1742 bogislaum
782 1662 924 1724 inermem
940 1663 1065 1725 videant:
1081 1665 1192 1728 maiore
1202 1667 1301 1728 animo
1316 1667 1432 1731 irruunt

276 1786 395 1829 omnes:
410 1766 505 1829 nostri
519 1765 591 1828 nihil
605 1765 661 1828 nisi
677 1772 802 1843 mortem
816 1764 871 1826 sibi
885 1764 1026 1844 reliquam
1037 1776 1223 1848 esseputant.
1253 1769 1326 1831 Tres
1334 1781 1430 1833 tamen

277 1888 312 1931 cx
331 1866 626 1948 fidissimis·Bogislai
644 1866 802 1929 comitibus
819 1886 852 1928 se
871 1866 926 1929 illis
947 1866 1101 1943 obiiciunt,
1120 1869 1220 1950 ipsum
1242 1889 1367 1952 corpore
1386 1881 1430 1933 te·

276 1980 362 2052 gunt,
382 1972 499 2034 vulnera
514 1969 674 2049 excipiunt,
693 1976 919 2049 prosternuntur
935 1969 1066 2048 quidem,
1082 1972 1133 2032 scd
1148 1981 1264 2051 tempus
1280 1981 1375 2035 manen
1390 1973 1430 2035 illi

276 2074 417 2137 dederant
433 2084 467 2135 ut
485 2091 565 2135 mma
584 2088 733 2133 resumere
748 2078 859 2150 posset
890 2070 918 2132 ls
938 2079 1046 2146 summ,
1062 2091 1153 2152 quum
1168 2074 1295 2153 gladium
1310 2076 1341 2136 in
1357 2094 1429 2155 pro.

222 2187 254 2239 tt
275 2176 387 2257 pinque
402 2175 514 2238 nullum
529 2173 682 2247 inveniret,
700 2171 898 2237 laborantibus
918 2180 1016 2235 autem
1031 2174 1093 2235 suis
1110 2175 1240 2238 celeriter
1254 2195 1428 2241 succurren-

273 2277 343 2340 dum
358 2296 425 2341 esse
440 2277 561 2350 videret,
581 2294 651 2337 veru
670 2274 730 2354 igni
748 2276 824 2336 torte
843 2274 1013 2354 impositum
1034 2278 1231 2356 conspicatus,
1251 2278 1309 2339 boc
1322 2288 1429 2342 uteret

271 2379 358 2442 etiam
380 2379 515 2441 carnibus
538 2386 677 2440 onustum
700 2375 814 2454 arripit,
837 2395 890 2455 pro
914 2376 1008 2456 gladio
1031 2378 1137 2453 utitur,
1153 2378 1275 2441 turbinis
1291 2380 1383 2443 instar
1396 2382 1428 2444 in

270 2481 373 2543 hostes
388 2489 569 2561 contorquet,
584 2487 695 2541 ceteros
712 2475 826 2551 disicit
839 2477 940 2557 ipsum
954 2478 1057 2541 ducem
1078 2480 1273 2544 exanimatum
1292 2492 1425 2563 proster—

270 2583 322 2645 nit
356 2582 449 2646 lluius
464 2582 584 2644 demum
599 2598 670 2643 casu
683 2580 784 2641 hostes
799 2579 936 2642 victoriae
950 2600 1034 2669 spem
1045 2582 1196 2646 abiiciunt.
1215 2603 1286 2646 suos
1302 2605 1318 2646 e
1337 2603 1425 2666 proe-

269 2684 308 2746 lio
324 2693 470 2758 revocant,
482 2691 603 2745 nostros
617 2699 679 2743 non
693 2680 819 2761 amplius
833 2692 994 2745 morantur.
1024 2684 1061 2745 lli
1076 2695 1172 2748 autem
1187 2706 1222 2749 ex
1243 2695 1325 2750 tanto
1344 2689 1424 2770 peri·

269 2786 334 2848 cudo
349 2795 410 2848 tam
425 2794 526 2849 contm
540 2803 626 2865 spem
641 2783 743 2845 serrati
759 2784 925 2864 bogislaum
946 2803 1049 2885 omnes
1068 2786 1302 2851 circumsistunt:
1323 2799 1423 2871 patro·

269 2906 338 2949 num
358 2896 388 2949 et
409 2895 585 2950 servatorem
606 2904 695 2947 suurn
715 2885 854 2947 saluunt:
873 2886 941 2949 huie
961 2906 993 2950 se
1007 2888 1111 2950 debere
1125 2891 1205 2970 quod
1220 2893 1329 2967 vivant,
1344 2892 1423 2973 quod

268 2990 362 3052 lucem
378 2989 547 3071 adspiciunt,
562 2987 640 3068 quod
654 2987 784 3050 libertate
798 2989 941 3060 truantur,
955 2990 1156 3070 gratulabundi
1171 2994 1347 3073 peraedicant.

351 3091 422 3153 bein
444 3092 545 3171 paucis
565 3098 635 3171 post
648 3089 752 3151 diebus
771 3090 885 3170 loppen
904 3092 1065 3171 appellunt:
1086 3094 1153 3156 inde
1171 3096 1299 3176 pedestri
1319 3097 1422 3160 itinere

266 3192 467 3272 Hierosolyma
482 3191 661 3272 perveniunt
690 3190 733 3252 lbi
752 3191 892 3272 quidquid
913 3203 973 3256 erat
992 3202 1043 3256 ant
1056 3194 1086 3256 iu
1102 3196 1167 3275 ipsa
1181 3197 1253 3259 urbe
1268 3206 1318 3260 aut
1332 3200 1362 3260 in
1376 3199 1421 3260 vi-

265 3294 336 3356 cinis
351 3293 521 3372 regionibus
536 3292 633 3373 aliquo
649 3292 737 3355 divini
753 3293 949 3374 redemptoris
968 3305 1161 3359 monumento
1183 3308 1338 3375 sacratum,
1353 3300 1420 3380 pius

264 3396 402 3476 princeps
418 3396 516 3458 invisit
530 3405 559 3457 et
572 3402 732 3456 veneratur.
763 3394 988 3459 llaecolimloca
1002 3407 1170 3461 nascentem
1181 3399 1266 3463 lllum
1279 3402 1419 3478 viderant,

264 3498 336 3560 haec
355 3497 488 3561 coelestis
508 3498 588 3559 vocis
607 3497 778 3559 testimonio
799 3498 900 3577 generi
919 3498 1048 3561 humano
1071 3504 1323 3578 commendatum,
1347 3505 1419 3567 haec

263 3598 358 3663 uerbis
384 3599 524 3679 factisque
551 3597 655 3661 divinis
675 3598 798 3660 salutem
819 3599 991 3662 mortalibus
1015 3611 1162 3665 aeternam
1193 3606 1418 3686 dispensantem,

262 3702 335 3764 haec
348 3701 473 3782 deniqne
488 3700 569 3762 omni
584 3700 712 3763 cruciatu
725 3709 754 3762 et
767 3700 985 3763 crudelissimae
1000 3704 1105 3766 mortis
1117 3707 1261 3787 supplicio
1273 3709 1417 3782 allectum,

262 3804 440 3877 defuncturo,
455 3802 568 3864 tumulo
583 3803 742 3875 conditum,
756 3820 825 3863 mor
841 3804 1033 3882 prodeuntem
1053 3814 1082 3868 et
1099 3806 1129 3869 in
1145 3809 1257 3870 coelum
1272 3811 1351 3871 unde
1365 3811 1416 3872 de-

260 3906 413 3968 scenderat
431 3922 589 3967 reversum.
619 3905 684 3979 Quo
705 3903 792 3982 igitur
811 3904 901 3967 animi
918 3908 1021 3970 ellectu
1041 3908 1111 3969 baec
1131 3910 1229 3972 omnia
1248 3911 1415 3990 bogislaum

259 4008 400 4070 lustrasse
415 4004 552 4070 creditis?
583 4005 667 4068 llaud
681 4005 736 4068 alio
751 4006 898 4084 prolecto,
920 4027 1007 4088 quam
1027 4009 1075 4088 qui
1091 4028 1187 4071 veram
1203 4011 1349 4091 pietatem,
1365 4032 1415 4075 ve·

258 4128 325 4171 rum
340 4108 390 4172 Dei
405 4127 537 4171 amorem
552 4107 676 4169 deceret.
706 4105 772 4166 Non
788 4108 866 4168 enim
882 4109 954 4172 satis
969 4111 1079 4191 putarit
1093 4112 1226 4190 genubus
1241 4113 1413 4177 incumben-

256 4220 316 4273 tem
331 4220 381 4274 aut
395 4210 477 4273 humi
490 4216 670 4290 prostratum
686 4206 869 4301 adorarsllei
884 4212 1016 4290 vestigia,
1032 4230 1093 4273 non
1107 4214 1242 4293 precibus
1256 4224 1369 4278 tantum
1385 4224 1414 4280 et

256 4312 441 4376 caerimoniis
455 4329 575 4392 operam
590 4310 673 4372 dare:
688 4325 750 4373 non
765 4309 851 4377 donis
867 4313 977 4395 templo
993 4313 1096 4376 oblatis
1115 4315 1251 4396 pictatem
1266 4317 1412 4398 profiteri:

202 4425 235 4477 tt
255 4424 379 4478 —sunt
400 4431 471 4475 sanc
490 4413 561 4474 haec
579 4411 735 4484 laudanda,
756 4411 781 4472 si
802 4416 867 4474 reba
885 4423 968 4489 srmtr
988 4416 1038 4476 sed
1060 4426 1130 4481 sunt
1143 4428 1248 4482 tamen·
1256 4420 1411 4493 eiusmodi,
