3222 5148
650 485 800 582 ..22⁷-

146 694 207 738 non
223 676 346 739 omnino
359 674 477 750 falsum,
491 675 569 739 baud
586 683 686 738 tamen
701 695 737 737 ex
753 674 834 737 omni
848 654 931 754 parte
945 692 1048 737 verum
1064 680 1117 736 est.
1140 672 1307 755 Usurpalnr

142 779 263 861 quidem
278 798 339 842 non
350 797 416 842 raro
427 779 477 853 sic,
492 787 527 841 ut
538 797 592 859 pro
603 798 638 841 eo
651 779 741 841 etiam
756 797 857 851 sane,
872 778 1059 859 proiecto,
1074 785 1174 840 certe
1185 778 1306 859 cogitari

140 882 237 963 possit
257 883 337 944 nullo
358 882 478 945 notabili
494 882 530 944 ad
545 899 667 943 sensum
682 882 866 956 discrimine3
888 898 985 961 neque
998 887 1099 943 tamen
1115 898 1234 961 semper
1248 880 1306 942 boc

141 985 297 1047 commode
319 985 382 1047 lieri
402 992 515 1065 potest,
538 1002 594 1046 nec
607 986 725 1066 propria
741 991 771 1046 et
785 984 909 1065 genuina
925 984 998 1046 baec
1012 983 1177 1046 affirmandi
1193 984 1234 1045 vis
1249 988 1304 1060 est,

140 1087 194 1148 sed
208 1087 368 1148 adventicia
383 1086 603 1167 quodammodo
619 1094 649 1149 et
663 1106 698 1148 ex
712 1086 833 1168 proprio
843 1088 1007 1168 significatu
1018 1086 1183 1149 derivanda.
1210 1085 1305 1147 Nimi·
1369 1120 1374 1123 -

140 1206 207 1250 rum
223 1189 279 1252 uti
292 1189 462 1251 adverbium
474 1197 519 1251 est
531 1191 662 1263 modum,
680 1190 849 1271 qualitatem
861 1190 1054 1270 habitumque
1066 1197 1096 1250 et
1107 1188 1305 1252 conditionem

141 1292 184 1353 rei
199 1291 363 1372 designans,
376 1311 444 1373 que
455 1299 554 1355 aulem
566 1293 642 1355 banc
653 1292 885 1372 designationem
897 1292 1078 1353 indefinitam
1089 1310 1156 1353 esso
1167 1290 1305 1364 ostendit,

142 1411 211 1455 cum
235 1393 330 1475 aliqua
350 1395 563 1457 distributionis
580 1395 842 1477 adsignificatione,
865 1395 895 1455 b.
916 1413 941 1455 e.
963 1394 1054 1456 elficit
1068 1401 1102 1455 ut
1116 1411 1178 1455 non
1193 1392 1229 1453 de
1244 1410 1305 1454 uno

142 1495 270 1575 quodam
292 1496 396 1569 modo,
423 1496 459 1557 de
478 1514 538 1559 una
566 1497 692 1577 quadam
713 1497 852 1578 qualitate
872 1517 907 1560 ac
925 1498 1094 1560 conditione
1117 1496 1304 1575 cogitandum

141 1615 207 1658 esse
221 1592 434 1678 intelligamus,
451 1599 502 1660 sed
520 1598 556 1660 de
571 1600 681 1679 quavis,
698 1618 889 1682 quaeeunque
906 1619 1023 1681 quoque
1041 1606 1174 1682 tempore
1192 1598 1305 1660 incide-

141 1700 190 1772 rit,
204 1699 290 1782 plane
310 1707 345 1762 nt
363 1700 393 1760 in
415 1701 573 1780 quisque
593 1718 653 1763 non
668 1719 747 1763 unus
762 1702 867 1783 aliquis
884 1703 985 1774 bomo,
1007 1701 1058 1764 sed
1074 1688 1205 1783 quilibet,
1222 1701 1305 1781 qnis-

144 1801 209 1880 quis
225 1801 403 1882 quandoque
417 1802 465 1875 sit,
479 1801 509 1862 in
520 1802 687 1883 undiqu'e
698 1821 759 1866 non
771 1823 849 1867 unus
861 1805 951 1881 locus,
964 1805 1015 1866 sed
1029 1803 1132 1885 quivis,
1145 1803 1307 1865 undeunde

144 1904 190 1964 vel
209 1903 406 1984 undecunque
426 1903 534 1984 aliquid
555 1904 633 1965 exire
651 1907 760 1985 possit,
783 1908 960 1989 designatur.
997 1908 1034 1970 lit
1053 1906 1305 1988 quemadmodum

145 2007 181 2068 ad
197 2006 354 2085 quisque
372 2015 408 2068 et
427 2007 590 2087 undique
611 2027 642 2069 se
658 2009 767 2071 babent
788 2011 961 2092 quisquis
980 2018 1017 2072 et
1036 2010 1234 2072 undeunde
1259 2008 1305 2071 vel

146 2108 358 2189 quicunque
379 2116 408 2170 et
422 2109 681 2190 undecunque,
697 2112 740 2173 sic
754 2114 843 2175 etiam
859 2113 894 2174 ad
909 2114 1037 2194 utique
1052 2132 1083 2175 se
1098 2112 1208 2174 babent
1222 2118 1306 2174 utut

145 2212 190 2274 vel
204 2218 398 2292 utcunque.
430 2212 542 2295 Nempe
557 2212 665 2274 alterae
680 2215 792 2277 formae
807 2217 997 2296 plemmque,
1018 2216 1087 2277 licet
1101 2231 1161 2276 non
1176 2232 1303 2295 semper,

144 2314 176 2374 in
195 2314 351 2376 bimembri
372 2316 574 2376 enuntiatione
589 2324 786 2397 usurpantur,
808 2317 1072 2399 membrorumque
1087 2316 1213 2379 duorum
1232 2332 1306 2378 con-
1408 2347 1412 2355 ·

143 2417 299 2479 nexionem
320 2418 510 2497 syntacticam
527 2417 673 2490 efficiunt,
695 2418 759 2480 illae
779 2418 886 2482 alterae
901 2427 1016 2495 antem,
1039 2420 1069 2481 in
1085 2419 1192 2500 quibus
1207 2419 1304 2481 solum

144 2539 211 2601 que
236 2521 368 2582 additum
390 2527 449 2593 est,
477 2519 553 2582 intra
571 2521 660 2582 unius
679 2520 805 2583 membri
826 2527 1006 2585 stmcturam
1027 2522 1225 2584 continentur.
1255 2522 1305 2584 Sic

142 2624 231 2704 igitur
245 2623 495 2705 quemadmodum
510 2623 541 2684 in
556 2622 712 2685 bimembri
728 2624 859 2687 oratione
875 2625 981 2688 dicitur
996 2633 1207 2705 „utcunque
1222 2625 1304 2699 erit,

143 2726 290 2788 iuvabit
309 2732 459 2787 tamen“
482 2733 533 2787 aut
554 2733 666 2799 „utut
681 2734 752 2799 est,
772 2728 927 2808 patiar“,
943 2728 986 2790 sic
999 2729 1062 2808 pari
1077 2745 1168 2790 sensu
1183 2728 1214 2790 in
1228 2727 1303 2789 sim·

142 2828 210 2909 plici
224 2828 425 2890 enuntiatione
441 2827 593 2909 „utique
609 2835 728 2891 tamen
743 2829 911 2892 iurabit“
928 2838 980 2892 aut
994 2830 1126 2911 utique
1142 2831 1302 2912 paliar“.

144 2930 206 2993 Nos
220 2930 277 2992 boc
290 2948 382 2992 sensu
396 2930 519 2991 dicimus
532 2929 744 3010 jedenlalls,
761 2951 975 3014 nonnunquam
991 2934 1080 2996 etiam
1098 2933 1304 3015 allerdings

143 3034 174 3097 h.
190 3053 215 3095 e.
232 3034 334 3115 quavis
355 3050 547 3113 quaecunque
562 3033 600 3093 sit
616 3034 797 3109 conditione,
818 3036 862 3096 rel
877 3036 1094 3117 unbedingt,
1117 3043 1147 3097 et
1162 3035 1304 3116 quemad-

143 3138 266 3201 modum
294 3138 368 3199 baec
394 3135 531 3198 vocabula
560 3153 772 3216 saepenumero
798 3139 885 3200 etiam
908 3138 1103 3211 asseverandi‚
1131 3139 1305 3213 affirmandi,

142 3240 308 3304 inculcandi
319 3240 379 3302 vim
391 3245 557 3311 assumunt,
572 3238 615 3300 sic
625 3239 714 3301 etiam
725 3240 797 3302 illud
809 3242 954 3322 utique:
971 3260 1067 3323 neque
1080 3242 1156 3304 ullus
1168 3251 1212 3305 est
1223 3244 1304 3305 locus

142 3345 219 3426 apud
242 3360 422 3424 quemquam
442 3341 633 3423 scriptorem,
655 3341 685 3402 in
701 3360 760 3423 que
777 3361 836 3404 non
851 3362 946 3406 unum
962 3344 1080 3407 illorum
1095 3345 1304 3408 vocabulorum

143 3448 175 3510 in
190 3446 387 3509 convertendo
403 3450 482 3507 recte
498 3444 630 3505 adbiberi
643 3444 744 3527 possit.
768 3446 854 3508 Velut
866 3449 942 3528 apud
952 3448 1111 3509 Varronem
1126 3448 1161 3510 ll.
1177 3449 1211 3510 ll.
1223 3449 1258 3523 ll,
1276 3450 1306 3524 4,

144 3548 200 3610 21:
225 3548 1305 3633 castranturrerrescommodissimeanniculi,ntiquene

144 3650 308 3713 minores
324 3668 429 3731 quam
444 3657 648 3712 semestres
664 3650 705 3725 lh.
721 3671 747 3713 e.
761 3652 968 3733 jedenlalls
983 3652 1087 3714 nicht
1098 3654 1227 3735 jdnger
1240 3660 1304 3736 —).

143 3753 186 3815 lb.
202 3752 250 3826 lll,
274 3754 303 3827 7,
321 3754 356 3814 6:
372 3752 885 3837 columbaepropterpullos,
902 3754 1157 3834 quosbabent,
1173 3756 1305 3837 utique

142 3856 314 3920 redeunt:
331 3856 394 3931 (sie
409 3855 576 3917 lemmen
588 3856 788 3937 jedenlalls
803 3875 829 3916 v.
844 3856 1223 3937 unbedingtaurdclr).
1245 3860 1304 3922 Cic

143 3960 179 4022 de
194 3960 282 4022 divin.
297 3959 333 4031 ll,
352 3956 402 4028 58,
424 3957 1305 4041 llll:FabaPythagoreiutiqueabstinuere:(sie
1384 3960 1389 3969 “

143 4061 355 4125 entbielten
380 4058 462 4121 sich
489 4059 552 4121 der
571 4060 724 4122 Bobnen
747 4062 951 4141 jedenlalls
970 4082 998 4123 v.
1019 4058 1247 4145 unbedingt.)
1270 4067 1306 4128 de

142 4183 175 4227 re
190 4166 268 4247 publ.
287 4165 318 4239 V,
335 4163 364 4238 3,
386 4164 421 4224 5:
443 4161 569 4224 tontes
590 4163 737 4244 quidem
757 4183 880 4228 earum
902 4165 1032 4247 utique
1052 4169 1305 4250 perspexerit:

144 4265 214 4340 (die
229 4265 386 4339 Quellen
407 4283 508 4326 muss
530 4285 569 4327 er
585 4266 790 4346 jedenfalls
809 4268 976 4344 bennen).
1006 4269 1060 4351 Ep.
1075 4270 1111 4332 ad
1126 4271 1212 4331 Attio.
1228 4270 1303 4344 Xlll,

143 4367 200 4430 22:
223 4369 311 4449 ligo,
333 4368 584 4440 utconstitui,
605 4369 731 4445 ader03
752 4378 862 4452 atque
878 4372 1019 4433 utinam
1036 4372 1304 4435 tueademdie:

143 4469 202 4532 sin
223 4505 265 4515 -
286 4471 372 4552 qnid
392 4472 489 4533 enirn
510 4469 849 4553 multat-ntique
869 4475 1067 4554 postridie:
1090 4474 1304 4556 (jedenlalls
