3266 5140
635 463 835 565 ,eu-

157 656 280 736 gebuut:
298 654 489 719 celebrabitur
503 654 580 735 apud
595 660 741 735 posteros,
756 653 895 733 quamdiu
907 664 999 729 enmt,
1016 659 1065 737 qui
1077 658 1119 720 vel
1130 658 1160 720 in
1172 660 1313 742 principis

157 760 334 838 tragicorum
349 758 489 839 operibus
503 776 565 821 non
581 757 666 820 rerba
680 756 777 818 solum
791 765 842 818 aut
852 765 970 821 externa
985 760 1055 823 artis
1067 770 1247 837 ornamenta,
1262 765 1312 825 sed

157 860 278 923 intimos
305 860 440 923 sublimis
465 862 554 924 animi
581 879 685 922 sensus
707 868 737 921 et
757 877 857 922 rerum
876 861 1039 924 divinarum
1059 862 1313 945 humanarumque

156 964 294 1028 nodones
312 971 469 1045 quaerant,
492 964 534 1026 rel
554 964 604 1044 qui
625 962 767 1044 principis
788 964 818 1024 in
839 963 909 1025 orba
925 972 1066 1028 terrarum
1081 966 1183 1046 pupuli
1196 967 1312 1048 religio-

156 1084 209 1128 nes
224 1066 388 1129 accuratius
404 1084 581 1147 pernoscere
595 1083 805 1145 sacrorumque
817 1066 945 1146 origines
957 1066 1205 1148 absconditosque
1216 1070 1312 1132 lentes

155 1168 331 1248 investigare
345 1169 528 1231 studeant·
548 1168 637 1231 Vobis
651 1167 999 1244 autem,Cummilitoues,
1015 1172 1187 1232 memoriam
1196 1170 1248 1233 viri
1260 1172 1311 1233 de-

156 1271 361 1333 sideratissimi
386 1272 473 1335 etiam
493 1279 614 1353 propter
631 1271 687 1333 alia
706 1270 784 1333 bona
803 1270 940 1351 plurima,
966 1289 1142 1351 quamquam
1161 1272 1312 1336 minusad

155 1382 270 1437 exteros
291 1373 426 1446 illustria,
452 1393 548 1437 caram
564 1382 593 1436 ct
608 1382 738 1436 sanctam
753 1374 817 1435 lore
831 1373 1015 1436 confidimus.
1058 1374 1147 1437 Vobis
1162 1376 1241 1438 enim
1257 1376 1311 1436 Ve-

155 1486 291 1559 straeque
313 1477 489 1541 institutioni
510 1476 670 1558 plurimum
692 1476 739 1539 ille
761 1495 866 1557 operae
885 1484 913 1538 et
935 1478 1061 1557 optimas
1076 1478 1165 1540 boras
1179 1477 1311 1540 bbeutb-

155 1582 231 1643 sime
246 1580 404 1644 tribuebat:
420 1580 502 1643 vobis
517 1580 661 1653 ducendo,
677 1579 890 1661 praecipiendo,
906 1578 1043 1642 omnibus
1057 1580 1155 1642 modis
1170 1581 1311 1662 prodesse

154 1683 319 1746 laborabat:
342 1702 439 1763 neque
452 1700 581 1762 unquam
596 1682 673 1763 apud
689 1701 755 1743 euru
772 1690 822 1744 aut
836 1682 955 1744 tarditas
969 1682 1180 1745 nonnullorum
1196 1692 1246 1745 aut
1260 1703 1310 1745 so-

155 1786 256 1849 cordia
269 1794 381 1849 tautum
391 1783 508 1859 valebat,
523 1794 555 1847 ut
569 1784 728 1865 quidquam
742 1784 779 1846 ab
794 1784 955 1847 intentione
971 1785 1059 1848 animi
1074 1793 1124 1848 aut
1137 1784 1245 1847 laboris
1261 1806 1310 1848 as-

155 1887 292 1950 siduitate
307 1887 362 1949 sibi
377 1885 585 1949 remittendum
600 1906 666 1947 esse
680 1894 803 1966 putaret.
843 1887 881 1948 Et
898 1888 1030 1961 amastis,
1057 1888 1107 1968 qui
1122 1887 1310 1951 licausnuruu

154 1989 316 2052 audiebatis
332 2026 373 2036 -
388 1989 406 2050 ii
421 1998 498 2051 certe
514 1996 656 2059 vestrum,
671 2005 747 2067 quos
762 1988 936 2068 compellare
951 2010 1056 2070 operae
1070 1990 1194 2070 pretium
1210 2000 1255 2053 est
1269 2028 1310 2038 —-

154 2091 276 2154 amastis
302 2092 364 2153 eius
390 2092 420 2153 in
442 2090 592 2153 tradendis
618 2089 778 2170 disciplinis
804 2090 1006 2164 subtilitatem,
1032 2092 1062 2153 in
1087 2092 1309 2173 interpretandis

155 2194 349 2273 scriptoribus
372 2194 558 2274 elegantiam,
582 2195 610 2254 in
634 2192 820 2256 moderandis
836 2194 964 2256 tironum
980 2194 1234 2257 exercitationibus
1249 2195 1309 2256 sol·

154 2296 284 2369 lertiam,
299 2315 365 2376 erga
380 2296 453 2358 bene
468 2304 599 2358 moratos
614 2306 643 2357 et
657 2295 786 2357 discendi
802 2296 925 2375 cupidos
941 2297 1109 2359 comitatem
1124 2306 1308 2377 promptam-

153 2416 209 2477 que
232 2398 268 2459 ad
288 2416 377 2460 omne
396 2418 487 2478 genus
507 2398 697 2460 consiliorum
712 2405 763 2459 aut
776 2398 948 2462 auxiliorum
965 2399 1153 2473 voluntatem,
1179 2400 1308 2462 animum

154 2499 278 2578 denique
301 2500 388 2563 unius
411 2499 571 2562 honestatis
594 2507 622 2560 et
645 2500 772 2561 ueritatis
795 2519 896 2562 amore
920 2502 1149 2573 inflammatum,
1175 2502 1308 2574 liberum,

151 2609 298 2673 erectum,
321 2611 350 2663 et
365 2602 505 2682 quidquid
521 2601 637 2681 agebat,
660 2602 720 2663 sive
735 2611 768 2662 ut
782 2603 865 2664 vellet
879 2604 915 2665 ab
929 2604 992 2666 aliis
1008 2606 1068 2666 sive
1084 2623 1169 2666 secus
1184 2605 1308 2685 accipie-

150 2702 245 2777 batur,
259 2712 336 2765 recte
351 2706 493 2767 lectorum
508 2704 687 2766 conscientia
703 2712 882 2767 contentum.
917 2706 994 2769 Talis
1010 2707 1098 2786 igitur
1111 2709 1308 2788 praeceptoris

150 2806 307 2885 imaginem
322 2826 383 2868 non
400 2808 456 2869 cito
472 2806 627 2868 exanimis
644 2808 745 2869 vestris
760 2808 938 2887 elapsuram,
959 2811 1010 2872 sed
1031 2811 1184 2872 haesuram
1200 2827 1307 2889 perpe-

150 2916 289 2988 tuamque
305 2910 367 2970 lcre
381 2928 542 2989 speramus,
557 2909 792 2971 efficacissimum
809 2910 897 2972 Vobis
913 2913 948 2972 ad
964 2931 1085 2975 omnem
1100 2912 1234 2974 virtutem
1250 2912 1306 2973 bo·

149 3018 353 3090 aestatemque
367 3011 595 3084 incitamentum,
611 3030 648 3072 nc
664 3020 720 3073 tam
738 3012 916 3093 praeclarum
928 3016 1092 3095 exemplum
1105 3016 1213 3078 lrustra
1225 3014 1307 3076 vobis

149 3112 339 3192 propositum
354 3112 445 3174 luisse
460 3112 597 3175 videatur.

236 3214 328 3277 Scrib.
344 3215 375 3277 iu
391 3215 515 3278 univers.
532 3217 639 3298 Grppb.
656 3237 681 3279 a.
697 3218 725 3279 d.
741 3218 800 3279 XV.
817 3219 874 3281 Cal.
891 3219 979 3300 April.
997 3219 1177 3282 dccccxc.
