3276 5144
830 469 982 568 Ed·-

330 657 412 719 modi
434 655 573 719 minuties
587 656 636 718 uix
650 673 743 719 unum
758 660 810 718 aut
823 659 948 721 alterum
963 658 1104 720 lectorem
1118 655 1287 718 inventurus
1303 668 1486 733 expromam,

328 759 365 821 dc
379 760 559 839 grauioribus
574 767 675 823 autem
689 760 796 834 rebus,
818 778 895 840 quoe
915 761 1058 834 maxime,
1078 759 1137 821 hoe
1150 755 1324 839 praesertim
1337 761 1483 834 tempore,

327 862 462 925 omnium
477 864 591 925 animos
606 871 741 939 mouent,
763 881 885 943 prorsus
903 871 1033 938 taceam,
1054 862 1156 923 deesse
1176 859 1249 921 milri
1270 857 1340 919 ciuis
1362 854 1432 917 boui
1454 860 1486 915 et

326 963 436 1043 patriae
452 966 580 1026 amantis
595 964 693 1027 officio
708 965 814 1027 videar.
846 965 921 1027 Sum
937 966 1015 1027 enim
1030 965 1062 1026 in
1077 984 1111 1026 ea
1125 961 1280 1034 sententia,
1303 976 1392 1039 quam
1413 956 1487 1017 olim

324 1065 550 1129 Atheniensium
563 1066 656 1130 luisse
672 1067 798 1130 Pericles
812 1068 889 1148 apud
905 1066 1105 1147 Thucydidem
1121 1066 1157 1142 ll,
1178 1064 1230 1139 40,
1252 1061 1419 1133 2testatun
1439 1067 1484 1130 ut,

325 1168 375 1247 qui
400 1187 502 1231 curam
524 1169 570 1231 rei
594 1169 726 1248 publicae
751 1171 823 1232 nihil
849 1171 885 1232 ed
912 1189 944 1232 se
968 1169 1116 1250 pertinere
1137 1173 1231 1247 putet,
1257 1181 1328 1227 oum
1346 1177 1486 1241 egenen

326 1260 526 1350 ἀπράγμονα
547 1270 598 1332 εει]
620 1262 751 1354 ἀχρεῖον
771 1272 928 1335 dicendum
948 1291 1013 1333 esse
1034 1270 1176 1342 iudicem,
1203 1283 1383 1345 moveorque
1397 1262 1486 1325 etiam

326 1371 442 1436 Seloms
457 1372 666 1453 sapientissimi
679 1373 733 1434 uiri
747 1374 821 1453 lege,
836 1392 911 1453 quae
926 1373 955 1435 in
972 1372 1154 1435 dissensione
1169 1369 1245 1431 cirili
1260 1388 1326 1439 eos,
1347 1367 1398 1447 qui
1415 1365 1486 1425 nul-

324 1474 382 1535 lius
396 1475 486 1555 partis
509 1494 541 1537 se
562 1493 627 1538 esse
642 1476 758 1547 vellent,
780 1484 815 1537 ut
833 1476 969 1555 indignos
991 1474 1103 1556 optimo
1124 1472 1247 1536 ciuitatis
1270 1471 1343 1541 iure,
1367 1459 1486 1549 ἀτιμίᾳ

325 1577 403 1641 ulei
416 1577 550 1652 iubebat3
566 1577 603 1640 de
614 1596 673 1658 qua
683 1578 745 1658 lege
757 1578 938 1652 Plutarchus,
955 1579 1005 1640 rit.
1019 1577 1079 1640 Sol.
1092 1597 1117 1638 c.
1129 1575 1180 1647 tu,
1196 1566 1364 1654 βούλεται,
1380 1568 1485 1649 inquit,

325 1673 371 1759 pt)
389 1670 537 1751 ἀπαθῶς
557 1673 633 1761 μηδ’
656 1672 871 1763 ἀναισθήτως
885 1676 971 1757 ἔχειν
993 1676 1081 1760 πρὸς
1101 1672 1142 1741 sd
1163 1670 1275 1738 κοινὸν
1292 1663 1484 1752 &deputet

324 1775 469 1859 θέμενον
497 1776 539 1841 sd
565 1772 674 1843 οἰκεῖα
701 1777 758 1844 καὶ
789 1779 837 1865 τῷ
863 1779 908 1865 μή
938 1779 1106 1861 συναλγεῖν
1141 1772 1225 1862 μηδὲ
1252 1772 1417 1838 συννοσεῖν
1443 1766 1488 1856 τῇ

326 1875 466 1963 πατρίδι
488 1877 785 1963 καλλωπιζόμενον,
813 1876 883 1947 ἀλλ>
905 1875 1051 1946 αὐτόθεν
1061 1882 1132 1957 τοῖς
1152 1876 1194 1942 sd
1209 1875 1327 1959 βελτίω
1349 1870 1411 1938 καὶ
1432 1869 1487 1935 ἀι-

323 1977 482 2065 menaea
515 1978 702 2068 πράττουσι
730 1984 961 2070 προσθέμενον
982 1976 1242 2065 συγκινδυνεύειν
1263 1976 1320 2042 καὶ
1345 1976 1487 2060 βοηθεῖν

322 2076 481 2167 odilerii
490 2081 680 2170 περιμένειν
691 2078 992 2162 ἀκινδύνωςεάτῶν
1001 2082 1214 2169 κρατούντων.
1237 2080 1485 2163 Equidemigitur,

324 2188 457 2268 quamuis
469 2206 579 2251 munus
591 2208 692 2252 meum
704 2191 901 2253 academicum
913 2190 950 2251 ab
960 2191 1022 2270 ipsa
1034 2186 1288 2252 administratione
1298 2185 1342 2247 rei
1353 2181 1486 2266 publicae

325 2288 412 2370 longe
433 2298 582 2352 remotum
606 2311 671 2355 esse
693 2291 861 2371 intelligam,
884 2298 984 2352 tamen
1006 2292 1095 2353 otium
1118 2291 1210 2352 civem
1234 2307 1282 2349 me
1302 2303 1365 2348 nou
1387 2285 1485 2346 solum

324 2391 412 2454 huius
424 2392 588 2455 academiae
598 2393 651 2454 sed
662 2394 813 2456 uniuersae
824 2394 867 2454 rei
878 2394 1011 2476 publicae
1022 2412 1087 2456 esse
1097 2391 1239 2462 existimo,
1255 2397 1374 2451 nostrae
1386 2394 1486 2450 autem

323 2493 368 2555 rei
381 2493 514 2574 publicae
529 2514 563 2556 ea
577 2512 657 2556 nunc
671 2503 803 2578 tempora
818 2514 881 2556 esse
896 2495 989 2568 rideo,
1004 2513 1080 2577 quae
1095 2496 1190 2557 bonos
1206 2509 1311 2554 omnes
1324 2490 1485 2553 vehemen-

324 2603 370 2657 ter
390 2615 577 2658 oommorere
600 2597 744 2679 malisque
767 2597 882 2659 obuiam
901 2597 944 2659 ire
965 2606 1016 2660 aut
1035 2598 1171 2659 resistere
1185 2593 1322 2667 iubeant,
1345 2593 1485 2655 siminus

323 2695 418 2770 iactis,
441 2706 472 2760 at
493 2706 571 2760 certe
593 2699 687 2761 uerbis
708 2708 738 2761 et
758 2699 1019 2761 admonitionibus.
1063 2699 1137 2760 Nam
1152 2698 1220 2758 licet
1233 2714 1295 2757 non
1310 2697 1337 2757 ri
1352 2703 1382 2757 et
1394 2695 1485 2757 umis

324 2797 489 2874 dimicetur,
502 2800 685 2864 dissensione
695 2809 796 2863 tamen
808 2801 915 2863 civium
928 2808 957 2863 et
967 2801 1097 2884 partium
1109 2798 1346 2863 contentionibus
1352 2815 1412 2860 non
1420 2815 1485 2858 me-

323 2897 461 2963 diocriter
482 2902 604 2965 distrahi
622 2921 687 2966 rem
709 2902 857 2986 publicam
875 2904 1026 2975 ridemus,
1048 2921 1123 2983 quae
1143 2902 1167 2963 si
1181 2901 1298 2982 longius
1313 2916 1484 2980 progressae

324 3001 450 3076 fuerint,
471 3021 662 3066 communem
682 3005 817 3067 omnium
835 3006 962 3068 salutem
982 3006 1014 3066 in
1034 3022 1186 3066 summum
1205 3003 1363 3064 discrimen
1377 2999 1486 3063 sdduci

326 3120 360 3164 ac
374 3110 525 3186 postremo
541 3106 725 3185 pessumdari
740 3124 860 3169 neeesse
874 3108 940 3170 erit.
984 3106 1080 3168 lmmo
1101 3107 1125 3167 si
1146 3122 1214 3166 uera
1234 3111 1280 3166 est
1294 3102 1395 3187 populi
1410 3101 1484 3163 deli·

323 3205 398 3268 nitio
420 3225 436 3268 s
461 3206 597 3286 Scipione
625 3209 701 3289 apud
724 3209 903 3283 Ciceronem,
927 3209 963 3270 de
988 3227 1021 3269 re
1045 3206 1125 3287 publ.
1156 3207 1182 3266 l.
1204 3226 1229 3268 e.
1251 3205 1302 3277 25,
1325 3202 1483 3285 proposita,

323 3314 358 3370 ut
381 3308 420 3370 sit
445 3316 547 3370 coetus
572 3310 771 3372 multitudinis
797 3312 870 3373 iuris
899 3329 1047 3373 consensu
1066 3319 1096 3371 et
1117 3308 1251 3371 utilitatis
1274 3306 1484 3369 communione

324 3408 462 3483 sociatus,
485 3410 533 3471 vir
558 3411 654 3473 adhue
678 3411 757 3474 hunc
782 3414 926 3495 populmn
953 3432 1017 3475 esse
1044 3403 1166 3486 dixeris,
1193 3411 1245 3473 ubi
1275 3416 1357 3471 tanta
1381 3408 1420 3470 sit
1446 3407 1483 3469 de

324 3510 388 3573 iure
403 3511 557 3586 dissensio,
574 3518 714 3594 manum
726 3515 803 3596 apud
815 3533 869 3578 nos
881 3516 910 3589 ii,
926 3514 976 3596 qui
986 3534 1018 3576 se
1030 3516 1110 3576 solos
1121 3513 1222 3594 populi
1233 3530 1352 3574 eausam
1364 3510 1485 3573 tueriac

323 3613 480 3676 defendere
491 3614 650 3689 clamitant,
663 3635 781 3680 morere
793 3636 968 3699 summaque
980 3637 1048 3680 eum
1057 3616 1215 3697 pertinacia
1227 3614 1320 3694 magis
1331 3612 1483 3695 magisque

323 3735 428 3797 augere
443 3724 532 3797 atque
547 3717 704 3780 accendere
720 3722 900 3782 annituntur.
924 3721 1037 3795 Quodsi
1052 3737 1169 3783 eausam
1186 3716 1377 3779 dissensionis
1392 3733 1484 3797 quae·

322 3819 431 3893 rimus,
453 3820 547 3881 multo
570 3820 669 3882 minus
687 3840 752 3884 eam
772 3823 802 3884 in
817 3823 887 3884 inuis
902 3823 995 3904 ipsius
1009 3821 1214 3884 incertitudine
1228 3828 1280 3882 aut
1294 3819 1483 3899 ambiguitate

323 3940 413 4003 (εοεαε
433 3922 464 3983 in
483 3922 677 3985 factiosorum
699 3924 856 3987 hominum
871 3925 1027 4006 eupiditate
1041 3926 1167 4006 positam
1182 3942 1247 3985 esse
1261 3923 1410 3995 uidemus,
1432 3920 1484 4002 qui

321 4031 402 4086 certo
417 4041 452 4085 ac
466 4023 596 4104 legitimo
610 4025 674 4087 iure
688 4042 750 4086 non
764 4028 896 4088 contenti
910 4046 943 4089 se
958 4028 1039 4089 solos
1049 4027 1084 4088 iu
1099 4026 1214 4088 civitate
1229 4025 1376 4088 dominari
1396 4032 1427 4086 et
1445 4041 1484 4085 ex

322 4125 396 4186 bene
418 4132 580 4207 temperata
601 4128 643 4188 rei
665 4127 797 4208 publicae
819 4130 924 4203 torma,
946 4130 978 4191 in
1000 4149 1057 4211 qua
1080 4137 1110 4191 et
1127 4127 1189 4208 regi
1203 4137 1233 4189 et
1248 4126 1439 4207 optimatibus
1452 4131 1484 4187 et

321 4226 399 4308 plebi
414 4247 484 4291 suae
499 4230 604 4310 cuique
619 4236 718 4310 partes
733 4239 810 4293 recte
826 4232 992 4311 adsignatae
1000 4233 1081 4305 sint,
1102 4230 1243 4312 populare
1258 4229 1406 4311 quoddam
1422 4229 1483 4288 im-

321 4329 437 4409 perium
451 4331 567 4394 efficere
582 4332 712 4407 student,
728 4350 787 4412 quo
802 4332 916 4395 nullum
932 4333 1071 4408 deterius,
1086 4333 1200 4395 nullum
1215 4331 1401 4412 reipublicae
1413 4347 1482 4411 per·

322 4431 462 4495 niciosius
477 4452 541 4497 esse
557 4452 669 4510 omnes,
686 4435 854 4517 quicunque
868 4454 971 4517 sapere
986 4456 1022 4500 ex
1032 4436 1153 4500 historia
1165 4434 1338 4507 ddieenmt,
1353 4450 1415 4496 tuno
1429 4451 1484 4499 cre
