3190 5136
870 440 931 505 102

802 531 894 541 ..η-ι.
905 529 1004 537 ...n-...-

322 627 449 701 horreat,
465 625 595 687 venerari
608 633 708 689 mmen
723 636 753 689 et
767 628 889 690 adorare
902 645 964 689 non
979 628 1075 690 solum
1090 636 1212 709 propter
1226 633 1411 707 potestatem,
1426 626 1475 688 sed
1574 708 1575 717 ἵ

323 738 446 810 propter
459 728 641 809 sapientiam,
654 729 805 807 iustitiam,
819 730 981 793 bonitatem
998 730 1107 792 deceat.

408 830 461 894 llis
475 832 507 893 in
522 831 691 895 universum
710 834 747 895 de
760 833 894 913 Aeschyli
908 832 976 895 lore
996 833 1166 912 praemissis
1187 833 1243 893 iam
1264 832 1300 893 de
1314 830 1479 893 Promethei

324 933 420 996 tahida
433 934 589 997 ridendum
605 943 658 996 est.
701 935 735 998 ln
750 935 806 997 bac
820 936 898 997 enim
913 934 1106 1015 pravissimos
1121 934 1197 995 lovis
1216 952 1315 995 mores
1335 933 1481 1013 plerisque
1574 922 1575 957 ³

324 1036 406 1099 visos
422 1054 489 1099 esse
504 1052 594 1099 nemo
609 1037 734 1117 ignorat,
750 1055 847 1118 neque
860 1037 1046 1099 flamsnnus
1062 1036 1126 1117 ipse
1146 1036 1215 1097 olim
1236 1036 1319 1098 aliter
1338 1035 1480 1097 iudicarit

325 1138 401 1201 Nam
415 1137 610 1201 crudelissimi
624 1139 741 1219 tyranni
755 1139 921 1220 exemptum
935 1140 966 1199 in
981 1139 1044 1201 eius
1059 1156 1188 1219 persona
1207 1137 1397 1217 propositum
1418 1155 1482 1199 esse

326 1241 408 1316 dixit,
424 1241 513 1321 idque
528 1243 604 1321 apud
621 1242 747 1305 Graecos
764 1243 958 1305 offensionem
973 1241 1081 1303 babere
1094 1241 1230 1322 potuisse
1249 1240 1379 1319 negarit,
1399 1248 1433 1301 ut
1452 1239 1480 1301 iu

325 1344 528 1424 religionibus,
555 1364 628 1426 quae
650 1355 729 1408 totae
751 1365 787 1407 ex
805 1344 976 1408 huiusmodi
996 1343 1099 1407 tabulis
1125 1352 1226 1406 essent
1250 1342 1483 1423 compositori).

327 1448 451 1509 Tantam
466 1446 554 1525 igitur
567 1449 611 1509 vir
626 1448 815 1511 doctissimus
834 1449 913 1529 apud
927 1448 1103 1527 Aeschylum
1122 1447 1241 1527 duaque
1260 1444 1396 1525 aequales
1416 1460 1484 1524 per·
1574 1468 1575 1473 ¹

326 1549 492 1611 versitatem
512 1549 660 1628 roligionis
680 1550 770 1612 lbisse
789 1549 924 1624 credidit,
947 1557 982 1611 ut
1000 1546 1096 1629 pravis
1116 1549 1238 1610 deorum
1264 1547 1401 1609 moribus
1425 1562 1485 1607 non
1574 1538 1575 1559 ³

328 1652 552 1726 offenderentur,
568 1652 724 1734 lovemque
734 1653 969 1715 crudelissimum
981 1661 1139 1735 tyrannum
1150 1669 1242 1732 aequo
1254 1650 1353 1713 animo
1368 1651 1485 1712 terrent

327 1755 411 1818 Nunc
425 1763 521 1817 autem
534 1755 676 1817 hactenus
691 1756 793 1819 saltem
809 1756 932 1818 mutarit
945 1756 1098 1830 iudicium,
1116 1764 1150 1817 ut
1163 1755 1241 1817 duos
1255 1753 1391 1833 Aeschyli
1404 1752 1487 1813 iores

328 1857 467 1935 distingui
480 1857 556 1931 velit,
572 1859 693 1920 alterum
708 1858 889 1932 fabulosum,
911 1859 961 1938 qui
974 1859 1053 1921 ¹salva
1067 1857 1206 1938 religione
1220 1857 1307 1918 etiam
1322 1855 1424 1917 minus
1440 1872 1487 1916 re·
1574 1846 1575 1885 l

327 1968 462 2023 rarenter
486 1961 601 2023 uectari
626 1961 767 2041 potuerit,
794 1961 917 2023 altemm
942 1959 1190 2041 perfectissimum
1210 1970 1238 2020 et
1257 1958 1490 2030 sanctissimum,

329 2081 445 2125 summa
460 2081 580 2142 semper
593 2081 661 2124 curn
675 2062 834 2125 reverentia
848 2070 1058 2125 memoratum:
1082 2062 1113 2123 in
1128 2061 1304 2123 Prometheo
1319 2060 1490 2122 fabulosum

329 2166 419 2227 istum
434 2166 572 2247 proponi,
587 2185 621 2227 ac
635 2183 673 2227 ne
688 2167 768 2228 bunc
782 2165 900 2246 quidem
915 2176 975 2228 tam
989 2182 1114 2245 pravum
1128 2182 1207 2238 esse,
1227 2181 1315 2244 quam
1341 2161 1492 2243 plerisque

330 2268 411 2331 risus
430 2268 481 2342 sit,
500 2268 591 2329 modo
617 2269 762 2348 quierem
777 2286 840 2331 uon
854 2287 889 2329 ex
915 2267 1126 2330 hodiernorum
1151 2266 1361 2345 theologomm
1388 2272 1441 2328 aut
1458 2283 1491 2325 er

329 2370 577 2450 pbilosophorum
592 2369 714 2449 placitis,
730 2371 781 2432 sed
793 2388 828 2431 ex
842 2368 977 2449 Aeschyli
990 2378 1020 2431 et
1033 2369 1097 2431 eius
1116 2368 1279 2448 aequalium
1299 2367 1494 2449 opinionibus

331 2473 485 2535 aestimare
498 2472 574 2534 velit.
617 2474 681 2534 lloc
695 2472 782 2551 igitur
796 2489 906 2535 novum
921 2486 1009 2534 suunt
1024 2471 1162 2534 iudicium
1177 2470 1361 2551 pmbatnrus
1375 2490 1406 2552 p.
1423 2472 1442 2532 5
1458 2468 1494 2531 ab

299 2591 314 2642 9
332 2575 507 2656 exponendo
523 2574 635 2638 fabulae
649 2582 821 2655 argumento
834 2574 948 2636 initium
963 2573 1039 2636 lacit
1083 2574 1202 2647 „Quum
1217 2572 1371 2650 Titanes,“
1391 2572 1498 2653 inquit,

332 2681 426 2757 „inter
445 2699 478 2741 se
498 2678 704 2751 deliberarent,
719 2684 819 2740 utrum
837 2678 995 2739 Saturnum
1014 2694 1052 2739 au
1075 2677 1173 2738 lovem
1194 2692 1315 2756 regnare
1328 2682 1496 2756 oporteret,

332 2782 527 2847 Prometheus
545 2783 653 2855 effecit,
679 2788 711 2843 ut
729 2788 863 2861 ereptum
879 2779 1007 2841 Satiuno
1022 2796 1146 2859 regnum
1161 2778 1322 2840 traderetur
1334 2778 1417 2840 lori:
1437 2794 1497 2857 quo

331 2887 378 2950 ille
396 2884 523 2966 potitus,
544 2883 696 2946 Titanibus
715 2884 746 2945 in
761 2885 916 2945 Tartaream
935 2882 1077 2954 detrusis,
1102 2881 1202 2943 munis
1222 2880 1343 2961 singulis
1366 2882 1427 2944 diis
1446 2900 1499 2943 sua

332 2990 516 3070 assignarit“
560 2990 678 3050 Poterat
705 2985 817 3059 dicere,
847 2984 1056 3046 Prometheum
1081 2983 1187 3046 illuda
1213 3002 1245 3045 se
1264 2984 1405 3046 effectum
1433 3002 1499 3045 esse

332 3095 462 3177 gloriari:
473 3112 542 3156 nam
553 3090 664 3155 lacilior
675 3090 756 3151 lieret
770 3088 846 3149 loris
860 3086 1001 3159 defensio,
1018 3086 1043 3148 si
1058 3086 1105 3147 ille
1120 3072 1246 3148 lohtasse
1256 3086 1398 3149 meritum
1411 3104 1500 3148 suurn

333 3217 422 3279 supra
447 3215 549 3259 acrum
579 3192 744 3264 extulisset3
773 3190 826 3251 sed
857 3188 1008 3250 mittamus
1032 3190 1105 3262 hec,
1135 3188 1348 3270 audiamusque
1374 3189 1500 3270 reliqui.

335 3300 425 3377 „lovi
441 3316 533 3379 quum
548 3296 649 3358 deletis
663 3290 833 3353 hominibus
849 3289 926 3353 aliud
941 3308 1050 3352 novum
1073 3309 1166 3370 genus
1186 3309 1287 3354 creare
1299 3290 1401 3365 uellet,
1422 3291 1502 3353 Pro-

334 3405 471 3466 metbeus
486 3399 634 3463 miseritus
649 3395 806 3457 bominum
821 3392 943 3466 obstitit,
959 3392 1196 3473 subductumque
1210 3394 1284 3455 olam
1305 3394 1411 3474 ignem
1432 3412 1501 3456 cum

335 3504 507 3568 mortalibus
534 3496 772 3569 communicarit,
798 3514 858 3575 quo
886 3496 1064 3576 competitus
1090 3502 1167 3557 artes
1193 3496 1306 3570 docuit,
1331 3497 1448 3577 quibus
1468 3496 1505 3557 ab

336 3607 441 3689 agreed
461 3605 571 3669 lentate
593 3602 629 3663 ad
651 3598 826 3661 commodae
844 3605 873 3658 et
893 3597 1037 3659 iucundae
1061 3597 1134 3659 sitae
1155 3598 1265 3659 cultum
1291 3600 1504 3662 eveherentur.

335 3712 523 3791 Quapropter
538 3707 628 3767 iratus
642 3701 773 3782 luppiter
788 3719 856 3762 eum
871 3701 902 3761 in
918 3700 1051 3781 Scythiae
1071 3700 1187 3762 decemo
1202 3701 1270 3780 rupi
1289 3701 1417 3780 alligit“
1464 3702 1508 3764 lta

333 3812 468 3894 exposito
493 3808 608 3871 tabulae
623 3813 811 3885 argumento,
837 3802 955 3883 ‚‚quid“,
980 3802 1106 3882 quaerb,
1134 3811 1199 3876 „est
1217 3803 1247 3865 in
1266 3803 1329 3877 his,
1349 3805 1439 3884 quod
1456 3810 1508 3865 aut

333 3933 452 3980 morum
477 3913 648 3995 pravitatem
671 3909 748 3971 loris
774 3914 890 3988 arguat,
917 3913 967 3967 ant
989 3904 1165 3985 probitatem
1196 3912 1368 3986 suspectam
1401 3907 1510 3968 reddat

334 4013 524 4083 Promethei?
549 4014 693 4094 Ingratus,
710 4011 812 4090 inquit,
826 4008 956 4089 luppiter
967 4015 1013 4069 est
1027 4026 1095 4089 erga
1106 4007 1323 4081 Prometheum,
1338 4024 1399 4088 per
1415 4026 1510 4091 quem

334 4131 380 4185 est
400 4138 523 4201 regnum
549 4118 683 4198 adeptus.
726 4112 904 4175 Prometheo
924 4111 963 4173 ita
988 4109 1079 4173 rideri
1100 4128 1161 4172 nou
1187 4120 1231 4173 est
1256 4111 1378 4173 mirum.
1428 4112 1510 4174 Num

336 4244 413 4300 vero,
429 4223 454 4285 si
468 4231 571 4303 regnat
585 4238 638 4301 per
652 4215 863 4280 Prometheum
876 4213 1015 4295 luppiter,
1030 4216 1185 4293 propterea
1199 4214 1273 4274 terat
1291 4213 1513 4278 adversantem

339 4386 479 4395 ——m—
496 4380 625 4390 Ἷ--ι--ο-

403 4452 428 4516 7)
441 4449 548 4501 Dissert.
562 4446 592 4496 de
607 4444 696 4495 Aesch.
710 4442 793 4494 Proin.
806 4440 884 4491 solut.
897 4439 922 4490 in
936 4437 1044 4505 Opuroc.
1059 4445 1110 4490 torn
1121 4435 1165 4490 lv.
1177 4453 1202 4504 p.
1215 4436 1274 4488 256.
