3190 5136
866 430 928 491 1114

797 518 883 526 -w—
903 519 916 524 ..

317 638 376 700 que
401 609 487 705 ἀλκᾷ
511 611 682 702 σύμφυτος
707 606 802 691 αἰτόν,
828 613 853 676 ai
872 631 1002 694 uuquam
1021 612 1144 694 aliquid,
1169 615 1229 677 hoo
1247 614 1366 695 quiden
1385 623 1475 688 uerte,

316 723 396 803 quod
411 722 464 784 viri
484 720 646 783 doctissimi
662 719 831 791 voluerunt,
851 715 1016 796 signilloare
1029 733 1181 796 nunquam
1196 715 1313 797 poterit
1349 715 1476 779 llanile-

315 834 394 887 stum
409 831 456 886 est
473 822 561 903 igitur
574 820 699 902 aliquam
714 818 911 899 corruptelam
925 816 1061 891 onere,
1081 816 1171 897 idque
1189 817 1275 880 etiarn
1291 817 1474 892 Salonium,

315 943 376 988 non
388 924 506 1006 quidem
516 940 594 986 enno
607 921 688 984 1800
696 920 749 985 sed
761 928 859 982 umen
870 936 948 982 anno
959 918 1050 995 1784,
1061 938 1153 1001 quum
1165 920 1294 1002 priorem
1305 922 1343 984 de
1354 919 1476 984 maion-

314 1024 566 1101 bus‚e‹litionibus
577 1041 827 1105 rursusqueanno
841 1020 932 1094 1811,
941 1040 1035 1103 quum
1044 1021 1163 1085 alterurn
1172 1022 1341 1103 publicaret,
1350 1042 1475 1104 persen-

316 1126 705 1208 suseudoo.Seripsltenim
716 1125 746 1189 in
756 1115 1142 1209 ιιῑτοριιοττειθώ-ἀλκᾷ
1150 1118 1320 1211 σύμφυτος
1327 1117 1474 1189 αἰέν.Νο-

316 1249 373 1313 que
388 1239 486 1295 tamen
495 1232 553 1293 lroo
562 1221 635 1295 αἰέν
643 1248 745 1293 rerum
755 1247 821 1292 esse
829 1235 912 1310 puto,
924 1225 976 1289 aed
988 1225 1143 1308 suipaisse
1150 1227 1324 1309 Aeschylum
1334 1226 1463 1291 arbitror

718 1323 771 1396 ἔτι
792 1326 854 1414 μάρ
875 1320 1005 1393 θαόθτν
1024 1323 1222 1393 καταπνείετ

516 1430 632 1500 πτιθιό
653 1429 788 1517 μολπάν
808 1423 895 1518 ἀλκᾷ
916 1425 1086 1517 σύμφυτον
1107 1423 1228 1518 ᾷότιν.

314 1540 390 1603 lue.
415 1539 532 1602 adhue
555 1537 648 1600 enim
673 1535 850 1599 divinitus
876 1534 1007 1598 lidueia
1032 1534 1192 1617 inspirat
1217 1535 1303 1598 milri
1328 1541 1472 1598 sautum

313 1639 522 1705 tortitudini
537 1656 726 1720 congruum
742 1639 783 1719 (h.
798 1658 823 1700 e
840 1636 954 1720 qualem
969 1638 1061 1700 tortas
1076 1638 1245 1716 oanunt)⁸·)
1261 1637 1471 1701 canendum.

313 1745 388 1808 Nam
406 1737 523 1825 μολπὰ
545 1734 630 1828 ἀλκᾷ
651 1735 821 1827 σύμφυτος
838 1748 885 1803 est
899 1738 918 1801 ἰ
934 1760 962 1821 q.
976 1735 1092 1821 μολπαὶ
1112 1730 1260 1821 ἄλκιμος.
1303 1739 1476 1822 Cormptela

314 1855 382 1910 nata
395 1856 442 1909 est
455 1865 491 1909 er
507 1844 597 1908 unlus
615 1843 727 1907 litterae
747 1839 768 1904 δ
787 1842 964 1905 omissione:
992 1842 1102 1924 qnippe
1126 1851 1284 1926 postquam
1311 1833 1398 1906 αλιιν
1416 1861 1475 1923 pro

314 1941 423 2012 αἷότιν
436 1947 581 2029 scriptum
595 1945 662 2020 luit,
681 1945 711 2008 id
727 1944 880 2009 allbrariia
899 1954 948 2008 aut
961 1964 978 2006 a
993 1944 1209 2008 ooneotoribus
1229 1945 1261 2008 in
1276 1936 1361 2008 αἰτόν
1373 1954 1474 2009 mutr-

312 2057 377 2113 turn
391 2058 445 2114 est

397 2153 430 2214 ln
450 2150 554 2215 eodem
573 2149 686 2214 saulieu
708 2169 733 2211 ι.
757 2150 816 2211 115
835 2149 907 2213 liaeo
927 2157 998 2214 sunt
1022 2149 1187 2213 deluatur
1204 2149 1308 2232 aquilia
1323 2151 1474 2233 granum

312 2254 443 2336 leporem
458 2253 678 2317 devorantibus:

513 2348 712 2438 βοσκόμενοι
732 2347 866 2437 λαγίναν
886 2347 1069 2437 λρικόματα
1090 2349 1236 2441 φέρματι
1258 2348 1370 2436 γένναν

513 2450 677 2539 βλαβέντα
698 2448 863 2520 λοισθίων
884 2449 1023 2540 δρόμων.

313 2561 352 2624 lit
365 2555 512 2647 φέρματι
525 2560 612 2623 etiam
627 2559 658 2621 iu
667 2558 796 2621 lledioeo
810 2557 866 2638 logi
876 2557 1017 2621 Franalus
1031 2566 1061 2621 et
1071 2556 1259 2621 Hermsnnua
1272 2559 1363 2634 aiunt,
1378 2577 1472 2641 quum

313 2662 361 2726 alli
375 2655 529 2749 φόρματα
542 2682 577 2726 ex
592 2681 626 2724 ao
642 2660 743 2726 oodtoe
756 2659 917 2735 mutarint,
932 2671 995 2723 uta
1011 2658 1150 2723 lurnelro
1166 2660 1309 2742 seriptum
1323 2669 1378 2724 eat.
1410 2661 1472 2724 lle-

311 2765 400 2829 bebat
413 2766 513 2846 utique
527 2765 585 2828 hoo
602 2764 721 2846 reponi,
741 2763 871 2844 itemque
885 2755 1076 2849 ἐρικύμονα,
1097 2762 1177 2843 quod
1196 2761 1228 2824 in
1241 2762 1320 2826 Flor.
1340 2771 1370 2826 et
1382 2763 1472 2826 Farn.

258 2873 291 2927 τι
315 2876 402 2943 extat,
422 2886 478 2949 pro
492 2858 682 2951 λρικόματα.
724 2865 844 2930 [latirus
859 2865 1073 2929 porrectorilrus
1093 2864 1230 2939 deletu,
1256 2864 1306 2946 qui
1320 2865 1471 2946 paridam

310 2970 441 3051 leporem
459 2987 521 3032 non
540 2967 681 3049 putabant
697 2962 854 3054 φέρματα
872 2967 929 3031 diei
950 2967 1084 3049 potuisse
1102 2967 1147 3030 rel
1165 2975 1288 3049 propter
1312 2985 1472 3031 nrrmarurn

310 3070 464 3153 pluralem,
482 3088 573 3151 quum
588 3087 651 3132 non
665 3069 732 3151 plus
746 3088 805 3134 una
819 3078 909 3145 esset,
929 3070 973 3132 rel
992 3078 1115 3152 propter
1128 3070 1223 3151 ipsam
1237 3072 1364 3134 termam
1378 3090 1471 3135 vora·

309 3170 383 3247 buli,
404 3190 477 3253 quae
491 3169 521 3231 id
536 3169 649 3252 potius,
668 3168 749 3251 qnod
767 3178 918 3250 peroratur
935 3172 968 3235 iu
980 3180 1079 3248 utero,
1098 3192 1187 3254 quam
1200 3181 1324 3237 manem
1339 3172 1370 3236 in
1383 3181 1471 3237 ulem

309 3282 471 3354 gestantem
483 3271 646 3352 significare
659 3270 813 3336 oderetur.
842 3274 930 3356 Atqui
943 3274 1031 3338 Ιιοίιιι
1046 3277 1159 3339 turmae
1171 3275 1310 3340 voeabula
1321 3294 1385 3339 non
1397 3294 1470 3339 raro

308 3377 397 3438 auam
411 3374 532 3437 aotiranr
547 3372 789 3454 significationem
807 3374 927 3451 hahent,
946 3377 1024 3440 voltu
1037 3367 1131 3458 όμμα
1145 3386 1191 3441 est
1205 3378 1285 3460 qaod
1300 3377 1387 3451 ridet,
1401 3395 1467 3440 non

307 3466 862 3560 quodvitletnnl‘xpruapudllomuuod
869 3472 1471 3562 retinetnonquodretinetunpralltypm,

307 3578 337 3641 id
346 3578 734 3661 quodplneatallquemon
745 3579 824 3661 quod
836 3576 1099 3667 ρλιοιῑιιτμνᾷμα,
1111 3586 1191 3666 quod
1197 3593 1376 3660 monetnon
1386 3585 1470 3667 quod

307 3820 382 3889 Sepla.
395 3817 425 3887 ll,
443 3836 468 3889 p.
481 3818 528 3887 81,
546 3819 587 3888 qni
599 3838 663 3875 anns
676 3824 783 3876 omniun
795 3824 958 3877 sulfilluine
969 3826 1001 3878 tle
1013 3827 1059 3878 lue
1072 3827 1152 3893 ligura
1163 3829 1289 3897 exposuit.
1300 3856 1336 3868 —
1347 3827 1470 3882 Ceterum

305 3906 521 3973 quonlarnversns
536 3907 581 3959 141
595 3908 816 3976 monumentarii,
833 3911 921 3962 addan
933 3910 1026 3976 obiter,
1044 3929 1093 3964 non
1111 3913 1193 3965 villeri
1209 3914 1268 3965 ιιἜΙ
1283 3913 1376 3982 ailquid
1392 3916 1470 3966 exol-

306 3990 389 4054 tiam
401 3991 446 4044 sed
459 3991 549 4061 siquid
560 3999 642 4044 tanen
654 3993 786 4062 exciderit,
799 3995 823 4046 it
832 4009 913 4062 neque
924 3996 1020 4066 μῆνιν,
1033 3996 1260 4063 eunLaetnanno,
1272 4013 1352 4066 aequa
1361 3996 1468 4068 φωτός,

305 4086 361 4129 eun
372 4075 524 4145 Hermanno,
537 4079 582 4129 sel
593 4078 742 4131 hllnitlvun
753 4078 838 4147 potius
849 4078 949 4150 κρᾶναι
961 4095 1019 4133 esse
1032 4082 1194 4147 ατοιὶἱλοιλι,
1207 4085 1356 4151 pendente·
1367 4084 1439 4137 illu
1450 4102 1468 4137 a

306 4159 497 4234 σπευδομένα.

373 4246 419 4313 Sa)
438 4247 491 4300 lloe
507 4264 539 4299 ne
555 4250 587 4302 tle
599 4248 732 4301 robusta
747 4264 810 4302 roeo
825 4250 984 4318 rodperetur
995 4268 1045 4305 non
1057 4252 1179 4306 vorslar:
1192 4260 1220 4306 et
1231 4260 1314 4306 tanea
1326 4255 1352 4308 ld
1364 4260 1466 4310 οοιιοτί

304 4333 401 4386 anidani
409 4334 531 4385 ιοοίλίτοο
543 4333 625 4386 video.
641 4331 710 4386 idern
721 4336 797 4388 annm
808 4337 934 4391 alnum
945 4337 971 4388 in
983 4340 1069 4394 lton
1079 4338 1205 4408 compi
1213 4354 1338 4408 naaqarrn
1349 4343 1466 4411 ροτιὶτιο

303 4429 420 4492 tanquan
431 4425 463 4477 tle
474 4424 573 4492 tripode
585 4427 763 4494 pronuntlavit
