3178 5136
160 660 187 722 t.
212 660 282 722 139:
309 654 389 726 οὐδὲ
410 655 604 746 συνήδομαι,
624 651 652 747 ᾧ
674 660 778 745 γύναι,
803 654 916 746 ἄλγεσι
940 658 1101 743 δώματος,

308 757 387 827 ἐπεῖ
408 784 467 845 μοι
489 760 591 850 φιλία
611 761 797 848 κέκρανται.

194 866 281 927 lliror
294 867 481 930 Matthiaeum
496 863 575 932 insi
588 864 635 953 μή
649 869 819 949 scripsisse,
843 887 932 950 quum
947 861 994 953 μή
1015 869 1045 930 iu
1062 868 1108 931 tali
1125 868 1265 931 orationis

124 978 211 1030 unore
233 986 331 1049 neque
351 970 496 1032 rationem
516 972 619 1034 haheat
638 980 667 1033 et
688 971 877 1034 classicorum
903 981 980 1033 carto
1007 970 1186 1051 scriptorum
1210 990 1265 1033 usu

124 1081 275 1151 respuatur:
301 1090 373 1135 nam
388 1073 549 1148 Plutarchi,
568 1074 686 1135 Luciaoi
703 1092 737 1136 ao
757 1073 911 1149 similium,
934 1093 1060 1155 quorum
1081 1075 1212 1154 exempla
1231 1075 1267 1135 ah

123 1173 852 1257 llanuagiosuhmioistrataouperusgrammaticae
862 1194 981 1256 graecae
993 1177 1178 1259 compositor
1188 1184 1264 1240 attu-

122 1276 267 1349 litnullam
283 1280 315 1342 in
329 1280 381 1343 tali
395 1300 428 1343 re
442 1278 642 1343 auctoritatem
658 1298 725 1341 esse
739 1288 869 1360 apparet.
899 1279 1071 1342 Proximum
1091 1272 1191 1365 φιλία
1211 1299 1265 1360 pro

122 1371 207 1461 ρι’λια
226 1382 315 1444 etiam
338 1390 442 1444 coum
464 1381 579 1445 codices
602 1401 618 1444 a
640 1382 776 1447 Pomone
798 1390 827 1443 et
847 1382 985 1444 Elmsleio
1007 1390 1158 1463 receptum
1180 1382 1265 1443 laudo

121 1490 260 1561 propteroa
275 1485 360 1563 quod
376 1476 484 1570 φίλια,
499 1486 554 1548 etsi
569 1487 667 1567 ipsum
678 1504 733 1567 per
746 1506 779 1547 se
794 1486 866 1549 satis
881 1486 1002 1558 honum,
1018 1485 1076 1546 hoc
1090 1493 1189 1545 tamen
1200 1483 1266 1545 loco

121 1582 230 1662 dquam
246 1586 470 1665 ambiguitatem
486 1587 605 1649 haberet
618 1600 740 1668 propter
753 1606 961 1669 praegressum
978 1585 1191 1647 substantivum
1206 1575 1267 1646 δίλ-

121 1702 189 1763 rect.
223 1687 260 1748 Et
274 1704 397 1749 vorsum
413 1707 531 1770 quoquo
545 1691 689 1771 aptiorem
704 1708 770 1751 esse
783 1698 856 1771 puto
868 1688 1061 1770 glyconium,
1081 1706 1168 1768 quum
1184 1705 1266 1749 oom-

120 1788 234 1865 positum
254 1809 291 1852 cx
312 1790 413 1853 iamho
428 1800 457 1853 et
475 1792 676 1874 ithyphallioo,
693 1793 785 1873 qualis
804 1791 852 1853 hic
866 1794 953 1864 lorct,
974 1791 1063 1852 altera
1082 1789 1140 1851 arsi
1163 1790 1266 1851 soluta.

119 1888 181 1951 llam
189 1893 268 1971 quod
279 1892 470 1956 Hermannus
486 1895 672 1956 sommendat
686 1886 764 1957 ἐπεῖ
776 1913 836 1972 μοι
851 1884 950 1978 φίλον
964 1884 1146 1975 κέκρανται,
1163 1910 1267 1973 quam

121 2008 194 2071 tum
208 2002 237 2055 et
250 1994 392 2057 codicum
407 2013 533 2057 numero
548 2005 578 2057 et
592 1996 767 2059 scholiastes
783 2014 902 2076 quoque
917 1994 1086 2056 testimonio
1101 1994 1267 2073 probatum,

119 2092 157 2153 rix
169 2095 252 2156 medo
268 2115 377 2176 graece
392 2096 448 2157 diei
464 2092 560 2175 δῶμα
573 2090 748 2179 κέκρανται
761 2090 874 2182 φίλον,
897 2098 999 2158 domate
1014 2101 1109 2157 oou'oo
1122 2098 1205 2177 [octo
1219 2106 1267 2161 eat.

119 2193 200 2258 llahet
217 2198 298 2260 enim
317 2190 439 2281 κραίνοι
452 2198 530 2261 hane
546 2198 603 2259 rim
619 2207 651 2260 ut
664 2198 808 2279 significet
822 2207 873 2261 aut
887 2198 1003 2278 efficere
1018 2209 1052 2258 ut
1071 2202 1177 2260 amum
1189 2199 1268 2277 quod

96 2310 100 2325 ·
119 2300 337 2372 aotoauonluit,
349 2309 398 2361 aut
404 2300 557 2381 perficere,
574 2302 613 2361 od
627 2303 737 2362 exitum
750 2311 778 2361 et
787 2312 919 2362 euentum
929 2301 1100 2379 perducere,
1116 2316 1268 2379 nunquam

120 2408 203 2463 auum
222 2403 259 2465 ad
280 2402 452 2482 qualitatem
473 2411 586 2464 tantum
606 2402 648 2464 rei
672 2404 813 2482 pertinet,
836 2410 870 2464 ut
888 2402 927 2465 sit
945 2401 1056 2482 aliquot
1074 2401 1131 2463 rote
1148 2402 1195 2463 uel
1213 2401 1269 2463 tole

119 2504 235 2565 αδδιτο.
286 2504 394 2584 ltaque
407 2511 437 2566 et
457 2494 565 2581 οδχοῖς,
592 2496 688 2589 ἀραῖς,
714 2499 835 2588 ἐέλδωρ
852 2496 996 2589 κραίνειν
1014 2503 1120 2566 dicitur
1143 2511 1172 2565 ct
1191 2495 1269 2583 ἔριν,

118 2595 239 2689 ἔχθραν,
254 2598 381 2693 φιλῖαν
394 2598 552 2690 spuicam:
572 2608 623 2667 sed
640 2598 745 2691 ἄνδρα
760 2598 856 2689 ἀνδρὶ
870 2598 999 2689 ἐχθρόν,
1016 2598 1113 2684 δῶμά
1127 2625 1194 2668 τινι
1209 2599 1270 2689 φῖ-

23 2730 25 2735 ·
117 2701 165 2768 λον
175 2702 327 2793 spolaeto
340 2726 401 2770 noo
416 2708 529 2772 δῖσῖῑατ.

189 2813 272 2874 Vero.
289 2812 371 2873 210:
386 2799 466 2873 οῖδα
481 2807 542 2892 γὰρ
558 2806 701 2885 πολλοῖς
715 2808 843 2895 βροτῶν
856 2807 992 2889 σεμνούς
1007 2804 1157 2890 γογῶτας.
1202 2808 1267 2870 Non

23 2892 24 2895 ‘
117 2913 228 2977 αισα
247 2912 759 2993 numerosissimarum,
786 2912 940 2975 romeos
965 2911 1267 2988 aremarensem
1390 2974 1394 2983 ,

118 3017 188 3096 quod
202 3010 347 3097 σεμνοὺς
361 3010 602 3096 ιομιζομῶοσςι
617 3015 689 3095 quain
703 3016 771 3079 illud
787 3016 894 3096 ipsum,
910 3016 988 3096 quod
1006 3015 1158 3078 Flmsleius
1174 3014 1267 3095 ponit,

117 3114 244 3197 σιμνοδς
259 3109 378 3192 ὄντας,
399 3117 424 3179 si
438 3125 525 3199 poeta
540 3118 724 3199 scripsisset,
740 3120 846 3181 eodem
861 3135 951 3180 sensu
966 3117 1167 3198 accipiendum
1183 3117 1266 3178 ioret.

115 3219 181 3284 Nam
192 3239 258 3284 non
273 3222 314 3283 do
328 3219 471 3292 moribus,
488 3239 563 3301 quos
579 3221 645 3301 quis
658 3239 724 3283 rere
739 3221 851 3293 habeat,
867 3221 920 3281 sod
935 3220 971 3281 de
986 3219 1032 3292 iis,
1047 3238 1124 3300 quos
1138 3217 1268 3280 homini·

116 3320 165 3384 hau
177 3324 287 3387 hahes
301 3321 447 3395 videatur,
466 3322 596 3385 Medeam
611 3323 690 3403 loqui
704 3343 736 3385 ea
756 3342 830 3403 quaa
845 3329 1008 3402 sequuntur
1023 3322 1209 3383 manifestum
1225 3324 1239 3382 l
1254 3354 1268 3366 -

23 3436 24 3441 ’
114 3425 187 3488 dunt
199 3418 235 3490 οῖ
250 3420 291 3488 dd
304 3459 350 3472 -
364 3418 539 3487 δδσκλκιαν
551 3419 731 3509 ἐκτήσαντο
741 3421 800 3488 καὶ
813 3413 993 3511 ρᾳθυμίαν,
1008 3423 1038 3484 h.
1054 3444 1079 3485 e.
1096 3417 1270 3485 δύσκλαιαν

23 3570 25 3603 ,
116 3521 298 3612 ῥᾳθυμίας,
318 3536 349 3590 et
361 3547 388 3587 v.
403 3527 466 3588 tlt
486 3520 564 3612 δίκη
583 3523 646 3611 γὰρ
666 3519 726 3591 οὐκ
745 3519 848 3591 heoe'
869 3521 904 3591 δν
925 3519 1120 3611 ὀφθαλμοῖς
1133 3522 1268 3609 βροτῶν,

116 3624 202 3708 ὅστις
215 3627 302 3718 πρὶν
315 3624 434 3715 ἀνδρὸς
448 3623 637 3711 σπλάγχνον
648 3624 810 3709 ἐκμαθεῖν
824 3626 953 3715 σαφῶς,
970 3628 1081 3709 σιογσῖ
1096 3621 1268 3711 δεδορκώς.

116 3734 147 3796 lit
158 3731 278 3815 σομνδν
290 3730 493 3817 γαδσθαιδσ
502 3753 548 3807 eo,
558 3733 609 3813 qui
619 3734 806 3814 neuquidcm
821 3751 925 3813 reapse
940 3731 1087 3812 superbus
1103 3730 1151 3803 sit,
1167 3729 1218 3790 sed
1233 3728 1268 3791 ab

115 3837 281 3901 hominihus
295 3846 394 3900 tamen
408 3855 463 3918 pro
479 3834 608 3917 superho
623 3836 772 3910 habeatur,
786 3854 848 3897 non
864 3835 956 3915 magis
971 3833 1044 3895 mire
1056 3833 1165 3895 dictum
1180 3831 1268 3893 videri

115 3950 222 4020 potest,
238 3959 328 4022 quam
342 3934 527 4024 σεμνότατα
540 3935 654 4019 λαβεῖν
668 3958 693 4000 r.
710 3937 896 4021 κεκτῆσθαι
911 3937 1015 3999 eodem
1037 3955 1128 3999 sensu
1148 3935 1268 4007 dietum,

116 4044 363 4121 quemadmodum
378 4062 403 4105 a.
416 4062 441 4105 c.
457 4034 577 4104 κακίαν
589 4034 778 4122 ἀντιλαβεῖν
793 4041 869 4122 apud
881 4038 1080 4120 Thucydidem
1091 4040 1140 4111 lll,
1156 4037 1197 4099 58
1209 4055 1270 4099 noo

116 4144 275 4217 iudicitur,
291 4147 342 4226 qui
357 4160 462 4226 reapse
475 4144 614 4206 malitiam
629 4144 659 4207 in
674 4161 707 4205 se
722 4143 858 4224 suscipit,
873 4142 924 4203 sed
946 4141 995 4221 qui
1011 4140 1137 4204 malitiae
1151 4138 1270 4201 iufami-

116 4264 160 4308 um
178 4248 340 4322 contrahit,
358 4255 408 4310 aut
429 4239 523 4320 ὅστις
532 4241 576 4309 τὰ
589 4241 634 4330 μή
651 4240 818 4330 προσόντα
831 4239 988 4329 κέκτηται
1007 4237 1094 4305 sosoi
1108 4242 1185 4321 apud
1200 4240 1269 4301 Eur.

117 4346 174 4410 ttet.
182 4349 268 4424 -281,
287 4348 337 4430 qui
356 4349 437 4423 vitia,
457 4366 532 4430 quae
545 4364 609 4413 noo
628 4348 728 4422 hahet,
748 4348 855 4411 hahere
874 4355 971 4409 umen
987 4345 1129 4417 creditur,
1149 4349 1199 4403 aut
1212 4336 1271 4421 τὴν

118 4445 311 4533 δισσέβιιαν
332 4442 496 4533 aletreta
516 4443 702 4536 ἐκτησάμην
721 4470 767 4532 ap.
782 4448 874 4533 Soph.
898 4450 995 4528 harig.
1016 4447 1092 4508 924:
1113 4458 1202 4524 ριιιοι
1218 4442 1271 4519 pio

159 4552 208 4613 tlt.
1033 4548 1070 4606 13
