3178 5136
598 480 800 577 ,163-

113 667 199 730 ctiam
219 668 389 748 personalia
408 667 597 749 pronomina,
615 667 682 729 licet
698 666 775 729 bauo
793 668 995 733 membrorum
1014 671 1168 751 copulandi
1186 674 1276 737 lacul-

113 777 200 833 tatem
214 788 279 832 uon
293 770 448 844 baberent,
463 770 584 852 propria
597 778 695 832 tamen
709 776 814 832 natura
828 790 862 834 ao
876 772 1058 853 significandi
1072 774 1184 838 ratione
1197 776 1277 839 eius-

111 872 177 935 dem
193 891 264 935 eum
280 872 335 935 illis
350 873 468 953 generis
484 892 559 948 esse,
574 888 636 935 uou
653 871 820 935 dubitarunt
830 864 1098 959 iipdporanomine
1108 877 1195 940 etiem
1205 879 1277 942 baec

112 975 367 1055 comprehendere
388 974 421 1037 in
441 992 588 1056 ommam
610 993 678 1037 nrm
703 974 761 1036 illie
783 983 897 1054 portem
919 977 1060 1041 orationis
1087 979 1275 1059 coniungere.

111 1077 169 1139 Sed
185 1077 381 1157 mumuratioi,
402 1079 554 1141 communi
567 1078 615 1141 illa
630 1085 822 1157 utrorumque
834 1085 940 1139 natma
954 1079 1053 1141 miuus
1068 1080 1276 1157 animadversa,

110 1180 307 1241 inunxerunt
325 1198 431 1242 rursus
451 1198 524 1260 quae
541 1179 581 1241 illi
601 1178 826 1251 coniumersut,
851 1197 999 1260 mumque
1017 1181 1048 1243 iu
1070 1184 1275 1263 personalibus

110 1282 343 1364 pronominibus
358 1283 451 1362 magis
466 1282 542 1345 illam
558 1283 616 1344 rim
630 1288 833 1362 agnoscerent,
853 1298 909 1362 qrra
923 1283 956 1343 tit
970 1291 1003 1345 ut
1016 1284 1047 1347 in
1062 1286 1216 1349 nominum
1230 1287 1274 1348 ri·

111 1404 173 1447 cem
187 1385 333 1465 usurpari
349 1385 511 1459 rideantur,
529 1385 561 1446 iu
575 1384 702 1446 relativis
718 1389 816 1445 autem
831 1392 860 1445 et
873 1383 1087 1449 demonstraris
1105 1388 1182 1451 bane
1201 1407 1274 1451 oon-

109 1487 331 1568 iunpcndorum
355 1487 557 1550 membromm
585 1487 750 1549 tenultatem
778 1485 967 1566 potissimum
989 1488 1183 1569 respicerent,
1211 1490 1273 1554 illes

111 1581 320 1670 ἇντωνυμίας
333 1589 522 1671 appellamini,
541 1588 588 1651 bis
603 1578 739 1672 ὄρθρων
752 1606 861 1651 nomeu
876 1589 1065 1669 reliquerunt,
1081 1590 1175 1653 donec
1189 1593 1273 1672 panl-

110 1693 198 1766 latine
214 1693 246 1755 id
261 1693 344 1774 quod
358 1691 469 1754 dudum
481 1691 572 1754 Stoici
586 1698 747 1765 umectant,
762 1690 793 1751 iu
807 1690 854 1752 bis
870 1709 987 1771 quomo
1001 1692 1127 1755 similem
1142 1711 1229 1775 quom
1241 1696 1271 1758 in

111 1794 320 1875 personalibus
335 1794 542 1875 proprietatem
559 1791 780 1872 significationis
794 1792 893 1854 messe
906 1804 1127 1874 perspexerunt,
1146 1794 1272 1876 ideoque

109 1904 137 1958 et
150 1898 218 1977 ipss
232 1895 339 1959 eodem
361 1886 572 1975 ἀντωνυμιῶν
585 1893 707 1957 nomine
721 1892 863 1974 appellata
883 1894 914 1956 in
932 1913 1021 1959 uuam
1041 1915 1108 1961 urm
1128 1896 1182 1959 illis
1201 1916 1271 1978 par-

110 2010 165 2062 tem
180 1998 412 2071 coniunxerunt,
431 1995 471 2060 ita
489 2005 523 2059 nt
536 1986 673 2080 ἄρθρων
695 2012 806 2059 nomeu
825 1995 897 2058 solis
917 1997 1054 2072 ardonis,
1073 2000 1270 2080 praepositive

109 2112 138 2163 et
150 2100 361 2182 postpositum
375 2117 439 2162 uon
452 2099 524 2163 satis
537 2108 616 2162 recte
629 2118 664 2161 cn
679 2099 892 2180 pronominum
908 2100 1058 2162 consortio
1073 2100 1206 2176 exclusis,
1221 2121 1270 2164 ro-

109 2203 301 2283 lhqueretur.
322 2203 355 2265 ld
367 2202 434 2283 quis
445 2202 559 2283 primus
571 2221 588 2264 e
598 2201 792 2282 mammaticis
805 2200 913 2275 lecerit,
925 2201 1086 2264 mocimus:
1098 2201 1269 2282 Dionysium

109 2434 171 2492 reat,
183 2427 209 2478 ia
222 2438 323 2492 unaque
335 2424 456 2477 urtioulos
468 2432 495 2476 et
507 2424 695 2477 convinctiones
713 2431 785 2491 parte
796 2431 931 2492 ponerent,
947 2440 962 2476 e
979 2425 1101 2493 llionysio
1112 2424 1167 2476 llal.
1181 2425 1267 2491 colligi

108 2518 190 2578 puteat
205 2510 239 2562 dc
254 2524 336 2576 comp.
352 2509 424 2561 verb.
443 2526 466 2560 c.
483 2509 509 2561 2.
526 2526 550 2577 p.
573 2510 604 2560 10
615 2510 724 2574 Goettl„
736 2509 779 2561 sbi
790 2509 869 2562 Stoici
881 2509 997 2562 dionaurr
1004 2515 1129 2580 χωρίσαι
1140 2505 1201 2562 ἀπὸ
1214 2510 1269 2564 τῶν

109 2595 275 2666 συνδέσμων
287 2589 321 2645 τὰ
338 2590 448 2665 ἄρθρα,
465 2597 530 2661 quod
547 2593 747 2647 testimoniatus
767 2594 797 2647 li.
814 2595 939 2647 Scbnidio
960 2596 990 2646 de
1006 2596 1084 2647 Stolo.
1100 2611 1180 2660 gran.
1195 2596 1266 2659 (llal.

110 2682 179 2733 tutu.
193 2681 235 2744 8.)
247 2696 272 2747 p.
284 2678 317 2730 37
330 2679 413 2748 paullo
425 2680 530 2731 calidius
542 2688 653 2748 aprctnm
665 2694 722 2730 esse
734 2679 854 2731 arbitror.
887 2678 976 2746 Quidni
994 2680 1059 2731 enirn
1076 2696 1149 2732 unam
1167 2680 1267 2733 συνδέ-

107 2781 185 2837 σμων
195 2773 295 2835 partem
306 2764 391 2816 iacere
402 2766 539 2831 potuerint,
552 2765 576 2815 in
586 2766 647 2815 duas
658 2779 757 2815 rursum
767 2765 864 2832 specics
873 2764 986 2827 divisam,
998 2763 1104 2815 alteram
1114 2761 1263 2831 πτωτικήν,

8 2904 9 2911 ,
106 2854 130 2903 ia
141 2868 190 2920 qua
201 2857 292 2903 essent
302 2849 415 2917 articuli,
431 2850 536 2901 alteram
548 2846 691 2915 ἄπτωτον,
710 2850 734 2900 in
750 2865 798 2917 qna
816 2857 902 2901 esseut
919 2849 1108 2901 convinctiones
1124 2865 1179 2900 cum
1192 2866 1266 2917 prae·

107 2935 289 3003 paidonibnet
308 2932 461 3000 Qumqusm
476 2934 574 3001 quinam
591 2934 655 2999 sint,
675 2932 717 2999 qui
734 2933 758 2983 id
775 2932 894 2997 fecerim,
913 2950 928 2985 c
945 2934 1065 3002 Dionysio
1082 2936 1199 2999 cognosci
1216 2952 1264 2987 non

107 3028 198 3089 potest.
210 3046 247 3057 -
256 3018 417 3071 Posteriores
429 3018 597 3083 murmtiei,
610 3024 740 3085 postquem
758 3019 854 3086 reliqua
872 3012 967 3092 ἄρθρα
978 3020 1164 3088 pronominibus
1176 3035 1267 3073 accen·

106 3108 155 3159 ucri
166 3111 320 3173 coeperunt,
340 3118 427 3154 nomen
441 3104 503 3155 illud
514 3103 577 3155 solis
589 3104 642 3168 bis,
660 3118 722 3170 quos
739 3104 861 3171 hodieque
872 3106 993 3157 articulos
1007 3121 1137 3171 remmus,
1150 3106 1266 3158 relictum

105 3194 135 3243 sd
145 3194 236 3243 bernus
248 3183 419 3256 συνάρτησιν
430 3184 504 3260 πρὸς
515 3182 548 3238 τὰ
561 3181 687 3256 ὀνόματα
704 3189 846 3240 retulerunt
860 3188 904 3252 (ci.
922 3190 1038 3258 Apollou.
1055 3191 1086 3242 de
1099 3199 1193 3244 constr.
1208 3192 1236 3255 l,
1249 3192 1264 3243 3

105 3294 129 3344 p.
143 3277 187 3339 li,
200 3276 218 3326 8
231 3273 310 3326 uelut.
322 3279 349 3324 et
360 3274 472 3324 Ammon.
483 3274 515 3324 ad
530 3273 610 3324 Arist.
624 3274 654 3324 de
667 3275 772 3341 interpr.
787 3290 810 3341 p.
823 3274 856 3324 99
868 3290 883 3325 a
895 3274 946 3338 dl),
960 3291 1006 3325 nee
1018 3274 1152 3327 defuerunt
1163 3276 1206 3343 qui
1218 3290 1263 3339 ge-

106 3363 206 3414 neribus
219 3358 376 3428 potissimum
388 3357 569 3422 distinguendis
581 3357 703 3409 articulos
716 3359 839 3410 inservire
853 3361 945 3426 opinati
962 3360 1026 3422 (vid.
1047 3360 1171 3412 Theodec.
1183 3377 1207 3427 p.
1222 3360 1262 3412 82.

106 3447 221 3512 Gocttl.)‚
233 3459 308 3513 quum
320 3436 416 3514 ἄρθρα
428 3458 601 3510 nonuunquam
613 3442 688 3493 etiam
698 3445 816 3508 genitalis
827 3446 949 3512 dicuntur,
962 3446 1018 3496 binc
1031 3446 1074 3496 bas
1084 3446 1207 3497 dictiones
1218 3462 1263 3495 uo-

104 3548 158 3584 nea
166 3530 298 3598 menpiuc
308 3528 671 3594 statuerentcteuostratibus
678 3530 790 3597 plerique
804 3530 891 3583 eodsrn
900 3546 988 3582 errore
1000 3531 1262 3598 deceptiveroaculam

105 3612 692 3683 ardeubeppellstioacndostlescdleodtescort
700 3617 877 3683 prccudcrunt,
889 3618 1038 3683 exstititque
1047 3617 1110 3667 adeo
1121 3616 1262 3682 nuperrime

105 3717 167 3753 nnus
179 3702 212 3753 ab
223 3700 331 3765 lleselio
343 3701 513 3768 philosophus,
526 3702 563 3763 (ut
572 3707 612 3751 est
623 3701 685 3750 baec
694 3707 764 3751 secta
772 3707 875 3768 praeter
883 3708 983 3753 ceteras
992 3701 1055 3754 dore
1063 3701 1164 3771 pondus
1173 3702 1264 3753 idonea

97 3790 195 3854 sunu)
209 3788 252 3853 qui
264 3786 395 3836 admodum
407 3785 533 3837 subtiliter
545 3794 572 3837 et
583 3785 752 3853 philosophice
764 3788 808 3837 bas
820 3802 899 3852 unges
911 3794 1057 3852 exornaret,
1068 3786 1193 3852 ldicbelel,
1205 3788 1262 3836 An-

105 3873 266 3943 tiropologtc
276 3887 303 3923 u.
316 3871 484 3939 Pspcbologie
496 3872 588 3935 (berlin
603 3870 691 3935 tuto),
704 3887 728 3937 p.
744 3869 802 3922 373.
827 3872 942 3924 Ceterm
960 3872 1080 3925 refutavit
1096 3871 1263 3924 lutilissimum

105 3959 247 4026 splaionem
259 3958 411 4008 iamdudum
422 3957 609 4024 Apolloniusde
622 3963 716 4008 constr.
730 3956 752 4022 1,
764 3957 780 4007 5
792 3973 816 4023 p.
830 3957 870 4008 23.
894 3957 944 4009 Sed
954 3974 1034 4026 neque
1046 3959 1077 4010 ab
1088 3959 1133 4011 ills
1141 3953 1215 4027 πρὸς
1226 3953 1261 4008 ut

104 4040 234 4114 ὀνόματα
245 4038 412 4113 συναρτήσει
424 4042 544 4095 urticulos
562 4042 633 4093 initio
650 4041 730 4093 dictos
742 4056 800 4093 esse
816 4042 975 4095 manifestum
987 4050 1039 4107 cst,
1053 4059 1127 4110 quum
1139 4044 1201 4094 baec
1213 4058 1261 4093 non

104 4132 177 4182 cadat
188 4130 237 4181 uisi
250 4130 275 4180 in
288 4129 481 4197 praepositivus,
494 4128 707 4178 subiunctivcrum
716 4133 799 4178 autem
812 4135 839 4179 et
848 4129 1016 4196 pronominum
1029 4128 1129 4179 diversa
1140 4129 1175 4178 sit
1187 4127 1261 4177 ratio.

103 4215 200 4267 iudicat
216 4222 300 4266 autem
318 4216 382 4265 banc
399 4214 474 4266 etiam
490 4213 634 4266 Priscianus
650 4211 736 4277 xvu,
749 4212 778 4276 8,
790 4214 823 4265 52
836 4222 894 4266 mm.
906 4212 940 4280 ll,
952 4231 975 4282 p.
988 4214 1033 4280 36,
1046 4229 1120 4283 quum
1130 4213 1262 4265 relationis

103 4316 179 4353 ansa
191 4302 255 4352 baec
266 4316 282 4354 ι
294 4300 386 4352 Stoicis
399 4302 466 4353 inter
478 4300 599 4351 articulos
611 4299 693 4366 posita
704 4313 762 4351 esse
779 4300 849 4351 dicit.
872 4298 934 4351 Nam
951 4307 1054 4367 propter
1070 4307 1179 4351 mutuam
1195 4298 1262 4349 luter

103 4404 132 4438 re
153 4387 305 4438 relationem
327 4386 384 4450 vel,
405 4392 434 4436 ut
449 4401 515 4435 nuuc
530 4385 598 4452 loqui
617 4384 708 4450 solent,
721 4385 915 4437 correlationem
927 4384 957 4435 tlt
972 4392 1001 4435 ut
1017 4383 1126 4435 membra
1142 4382 1262 4431 orsticnis

102 4473 265 4537 coniungunt.
