3284 5152
689 472 839 567 ‚lum

486 648 598 740 ἔβαλλ’
623 651 762 722 ἕκαστον
782 650 938 741 θυτάρυνν

473 751 549 822 ’ἀπ’
571 748 720 841 άμματος
740 756 832 839 βέλει
854 756 1026 845 φιλοίκτῳ,

483 855 659 944 πρέπουσά
679 855 721 925 θ’
742 855 787 938 αῖς
808 856 842 926 b
864 861 1043 947 γραφαῖς

482 959 717 1047 προσεννέπειν
737 957 876 1028 θέλουσ’
899 1000 951 1028 -.

178 1058 232 1128 ’m
252 1065 395 1152 γραφαῖς
414 1064 471 1127 iarn
491 1084 508 1129 a
528 1065 686 1129 scholiasta
707 1067 772 1129 cod.
787 1065 889 1131 Medic
904 1067 1013 1131 bolum
1028 1085 1094 1130 esse
1109 1066 1173 1129 olus
1187 1063 1342 1128 annotatio

181 1168 324 1231 ostendit:
346 1157 370 1252 ἢ
391 1163 449 1231 διά
471 1163 511 1231 cd
534 1162 656 1242 κάλλος
677 1158 700 1252 ἢ
723 1164 781 1230 dccl
795 1163 835 1233 τὸ
850 1160 1050 1255 άφωνφτεῖνι
1064 1170 1217 1233 ethorum
1231 1167 1342 1231 alteru·

180 1281 262 1335 trum
281 1270 371 1334 etiam
391 1271 568 1335 recentiores
586 1270 762 1355 interpretes
776 1272 907 1355 plerique
921 1274 1153 1358 amplectuntur:
1174 1271 1342 1334 formosa

182 1392 248 1436 oon
262 1374 363 1458 picta
377 1373 509 1455 imago,
529 1374 571 1437 ait
586 1374 751 1449 Scbbtzius‚
767 1382 902 1437 mutam
916 1376 1027 1439 mavult
1041 1374 1224 1451 lllauscnius,
1239 1373 1342 1435 blom-

180 1476 283 1538 fleldus
297 1484 467 1558 utrumqne,
483 1475 725 1540 Scbnoidcuinus
738 1478 884 1541 utrumvis
899 1477 1012 1562 probat.
1036 1478 1078 1541 De
1092 1476 1211 1541 insolita
1221 1475 1336 1539 dicendi

180 1578 277 1641 iorrna
297 1594 401 1641 ornnes
422 1583 527 1643 laeam
558 1578 633 1642 Nam
651 1580 713 1643 sire
730 1575 908 1663 πρέπουσα
928 1581 965 1644 de
985 1580 1169 1646 formositate
1189 1577 1341 1659 accipitur.

180 1674 357 1764 πρέπουσα
384 1671 430 1755 ὥς
455 1674 489 1743 b
516 1680 659 1767 γραφαῖς
679 1701 799 1747 necesso
818 1685 875 1747 erit
893 1685 1006 1748 dictum
1026 1682 1106 1747 crudi
1124 1698 1179 1762 pro
1201 1698 1237 1743 ao
1259 1679 1341 1762 qnod

179 1783 293 1865 plenius
313 1782 470 1846 dioendum
485 1791 547 1846 crat
562 1777 739 1867 πρέπουσα
760 1778 805 1861 οῖς
825 1780 860 1848 ἐν
882 1788 1024 1873 γραφαῖς
1044 1777 1132 1861 τινὲς
1153 1775 1333 1865 πρέπουσι,

179 1902 288 1967 nempe
313 1886 339 1948 si
362 1884 501 1967 pulchrae
519 1887 633 1949 formae
654 1886 785 1970 depictae
804 1889 879 1963 sint,
906 1890 934 1952 id
955 1888 1035 1970 quod
1056 1885 1284 1966 haudquaquam
1308 1886 1341 1947 in

181 1985 321 2048 omnibus
340 1986 462 2067 picturis
482 1987 546 2049 lieri
567 1988 632 2067 quis
650 1988 768 2052 nucia?
794 1992 841 2054 sin
859 1992 896 2054 de
915 1991 1005 2054 mutis
1024 1988 1199 2071 imaginibus
1213 1988 1341 2068 cogitare

181 2089 247 2169 quis
268 2086 391 2162 mauult,
410 2094 481 2150 sunt
499 2106 569 2150 saus
590 2108 695 2153 omnes
709 2091 848 2172 imagines
863 2099 977 2167 mutae,
997 2093 1049 2156 sed
1064 2108 1224 2175 perpaucas
1239 2096 1339 2152 tamon

180 2191 224 2253 sio
238 2190 330 2273 piclas
344 2209 411 2253 esse
426 2190 567 2266 dicemus,
588 2199 622 2256 ut
635 2193 744 2276 alloqui
757 2203 952 2277 spectatorem
967 2194 1041 2257 rebe
1056 2194 1218 2268 videantur,
1233 2210 1340 2274 quam

179 2291 283 2357 obrem
309 2310 413 2357 rursus
433 2292 511 2356 idern
530 2296 611 2376 quod
629 2304 696 2358 ante
718 2297 953 2361 subandiendum
978 2297 1045 2360 erit.
1080 2295 1113 2358 ld
1131 2294 1340 2376 interpretibus

178 2402 240 2458 tam
261 2395 345 2458 lacile
365 2396 445 2460 iactu
464 2397 575 2473 visum
595 2405 630 2461 ut
648 2399 760 2463 collatis
778 2400 956 2482 quibusdam
970 2399 1057 2472 locis,
1076 2397 1128 2461 ubi
1142 2389 1341 2479 ἀγαλμάτων

179 2506 232 2562 aut
253 2491 388 2561 εἰκόνων
401 2493 631 2583 γεγραμμένων
643 2502 804 2566 similitudo
819 2511 872 2567 aut
885 2501 1014 2588 pulchris
1027 2507 1079 2564 aut
1093 2500 1184 2564 mutis
1198 2519 1233 2562 ao
1246 2498 1339 2562 silon·

179 2601 259 2665 tibus
280 2600 436 2679 tribuitur,
456 2603 527 2667 satis
546 2604 645 2668 omnia
664 2605 749 2686 plana
767 2624 833 2669 esse
852 2607 993 2690 putarint
1022 2604 1137 2667 llorum
1151 2621 1206 2684 ogo
1220 2602 1339 2667 tortitu-

180 2703 298 2779 dinem,
319 2705 454 2788 quamvis
473 2706 614 2782 admirer,
634 2708 774 2772 aemulari
794 2717 894 2773 tauron
912 2726 974 2773 non
992 2724 1124 2792 possum.
1153 2704 1278 2769 Facilius
1292 2704 1339 2767 in·

179 2805 342 2887 tolligorem
369 2801 547 2892 πρέπουσά
575 2801 617 2872 θ’
643 2803 688 2886 ὥς
715 2804 749 2874 ἐν
769 2811 916 2896 σφαγαῖς
936 2801 1171 2896 προσεννέπειν
1190 2801 1339 2871 θέλουσα

178 2909 240 2973 soil
269 2904 346 2985 τούς
374 2911 538 2996 θυτῆραςε
571 2913 728 2993 speciem
762 2914 944 2996 praebens
976 2912 1079 2995 quasi
1112 2929 1206 2993 quac
1239 2909 1339 2972 inter

179 3011 438 3075 mactationem
463 3014 571 3078 eliam
591 3015 732 3098 alloqui
746 3025 948 3080 mactantes
963 3015 1090 3089 vellet,
1111 3013 1142 3075 in
1156 3030 1232 3094 quos
1247 3011 1338 3074 modo

180 3114 335 3177 oculorum
349 3114 515 3178 miserabile
530 3116 621 3179 tolum
636 3117 797 3181 coniecisse
811 3119 888 3182 dicta
902 3126 957 3183 est
982 3119 1090 3199 bplum
1106 3124 1186 3180 orme
1199 3116 1259 3178 boc
1273 3133 1339 3178 esso

178 3232 267 3278 nemo
281 3217 413 3298 negabit3
428 3225 459 3280 ot
472 3237 614 3301 perquam
630 3221 838 3285 convenienter
852 3223 939 3285 etiam
955 3222 1025 3285 huic
1038 3213 1072 3283 ἐν
1086 3220 1232 3305 σφαγαῖς
1242 3236 1337 3299 oppo-

178 3325 291 3381 nuntur
303 3319 406 3382 atatim
420 3315 549 3402 πατρὸς
562 3313 723 3405 άνδριῖνες
739 3316 946 3408 εὐτράπεζοι,
962 3325 993 3387 in
1003 3323 1112 3405 quibus
1122 3321 1170 3384 illa
1181 3321 1251 3384 olim
1266 3337 1337 3383 can·

179 3428 243 3482 tare
263 3421 350 3483 solita
367 3420 465 3483 inerit.
495 3422 606 3495 Quodsi
626 3426 692 3505 qnia
711 3433 810 3489 tamon
831 3427 967 3492 iniuriam
983 3424 1107 3489 librariis
1122 3424 1184 3486 lieri
1199 3423 1337 3497 clamitat,

180 3523 232 3602 qui
244 3523 288 3585 sio
301 3540 397 3586 errare
411 3541 472 3586 non
486 3526 645 3605 potuerint,
660 3534 695 3589 ut
709 3546 762 3610 pro
775 3531 919 3614 σφαγαῖς
930 3550 956 3593 c.
970 3550 995 3593 α
1008 3523 1337 3611 perquirendorum,

178 3623 258 3688 unda
277 3632 346 3708 post
364 3645 380 3688 a
400 3633 565 3690 correctore
580 3628 723 3712 γραφαῖς
736 3631 848 3694 tactum
864 3633 916 3709 sit,
938 3667 983 3679 -
1001 3646 1180 3713 quamquam
1194 3648 1211 3691 a
1225 3626 1336 3691 nostris
1370 3650 1378 3667 ’

178 3726 299 3809 quidem
313 3728 501 3811 typographis
515 3748 728 3813 saepenumero
743 3732 831 3796 stiam
841 3737 955 3816 gravius
966 3734 1058 3799 errari
1070 3732 1210 3804 ridemus,
1226 3762 1267 3775 -
1282 3729 1334 3792 tali

178 3829 280 3894 αἰῐίοο
301 3848 398 3893 meam
417 3831 615 3912 suspicionem
637 3852 814 3919 magnopere
834 3837 986 3921 displicere
1005 3852 1098 3916 aequo
1118 3833 1216 3897 animo
1231 3833 1335 3909 ieram,

179 3950 240 3996 non
260 3933 358 3995 minus
377 3948 467 4015 qnam
488 3935 568 4016 qnod
588 3955 614 3998 r.
632 3935 690 3999 381
714 3926 781 4020 α’ρά
795 3957 850 4022 pro
862 3930 960 4023 Ἄρη,
980 3930 1072 4020 ἐγγΰς
1087 3924 1160 4000 oo‘o'
1175 3954 1229 4018 pro
1244 3928 1334 4018 ἐγγό-

178 4054 266 4110 νους,
287 4043 338 4099 snt
358 4054 385 4098 r.
406 4037 469 4099 476
490 4027 565 4114 ὀξύς
584 4055 639 4119 pro
658 4029 787 4114 άοσοις,
807 4050 858 4104 aut
878 4059 905 4104 τ.
924 4040 1006 4103 1134
1025 4034 1131 4123 μάτην
1144 4056 1199 4119 pro
1212 4039 1336 4118 μαθεῖν

178 4135 324 4200 eiusmodi
337 4138 523 4204 librariorum
538 4140 700 4204 ocdtoribns
716 4142 897 4226 displicuisse
909 4145 1003 4215 rideo,
1018 4140 1121 4206 iisdem
1133 4140 1272 4203 nimirum
1285 4141 1336 4222 qui

178 4238 268 4301 otiam
282 4258 309 4302 a.
326 4241 404 4305 1601
422 4237 588 4325 λάκτισμα
602 4238 737 4308 δεῖπνον
751 4246 788 4308 de
802 4247 925 4313 immani
939 4256 969 4311 et
982 4244 1104 4310 infando
1114 4240 1194 4305 Atrei
1207 4242 1336 4307 tadnors

178 4348 257 4406 recta
276 4341 387 4406 dicum
407 4365 472 4410 esse
492 4354 544 4411 aut
563 4337 629 4433 άρᾷ
647 4367 683 4411 τι
701 4343 838 4414 τιθέναι
857 4371 912 4436 pro
935 4337 1152 4434 καταράσθαῖ
1170 4365 1259 4422 τινος
1278 4349 1336 4414 dcii

177 4443 312 4527 potuisse
326 4445 381 4509 sibi
396 4457 615 4529 persuaserunt.
644 4450 705 4515 ilos
719 4451 808 4533 igitur
819 4453 879 4518 troi
892 4455 1002 4521 doilciis
1016 4452 1078 4518 suia
1092 4447 1235 4518 sinamus.

224 4541 270 4604 v1.
1094 4551 1130 4614 11
