3190 5136
355 1585 697 1681 EMENDATIONES
721 1584 1042 1681 demerueris
1064 1584 1363 1680 AESCHYLEAE.

250 1904 265 1956 s
368 1872 468 1963 (laum
483 1885 670 1966 dmchpleam
685 1887 935 1965 Agamemnonem
954 1883 1013 1945 hoc
1031 1883 1165 1944 semestri
1182 1884 1364 1949 auditoribus
1377 1905 1442 1949 no-

281 1991 351 2054 stris
365 1989 606 2071 praelegeram,
621 2005 660 2048 ne
675 1987 791 2067 saepius
806 2008 839 2051 ao
853 1988 963 2051 diutius
978 2004 1066 2068 quam
1077 1985 1216 2048 vellemus
1230 1987 1261 2050 iu
1274 1990 1441 2052 emendan-

282 2094 327 2155 dis
342 2093 414 2155 locis
430 2089 592 2170 corruptis,
613 2088 663 2169 qui
681 2088 799 2169 plurimi
814 2089 929 2153 suntin
943 2088 999 2152 hac
1014 2088 1117 2165 tabula,
1133 2090 1241 2152 morari
1256 2110 1443 2171 cogeremur,

280 2194 516 2259 honorationem
531 2192 604 2253 inire
619 2191 740 2272 placuit,
759 2200 792 2253 ut
806 2192 843 2254 de
861 2189 1030 2254 huiusmodi
1044 2189 1117 2252 locis
1138 2190 1277 2253 iudicium
1299 2202 1442 2257 nostrum

281 2299 357 2361 inter
370 2295 597 2378 praelegendum
612 2294 713 2374 pande
728 2301 843 2356 tantum
858 2292 953 2356 verbis
968 2292 1212 2372 significaremus,
1228 2298 1442 2361 accuratiorem

281 2410 378 2463 autem
403 2397 630 2480 disputationem
655 2396 806 2476 proximae
831 2394 984 2476 scriptioni
1007 2396 1188 2458 academicae
1209 2415 1441 2476 reservmmus,

282 2522 356 2584 quae
374 2501 563 2564 hibernarum
583 2497 750 2561 scholarum
767 2498 855 2561 indici
874 2496 1087 2579 praemittenda
1106 2508 1193 2562 esset.
1241 2501 1291 2564 Sic
1309 2502 1387 2564 enim
1407 2513 1443 2566 et

281 2612 401 2666 nostrae
415 2611 444 2665 et
458 2601 625 2664 auditorum
640 2600 841 2662 commoditati
859 2600 964 2662 melius
985 2600 1139 2662 consulere
1153 2601 1334 2679 videbamur,
1348 2622 1442 2685 quarn

281 2707 306 2769 si
326 2705 494 2768 intermisso
514 2703 673 2766 identidem
692 2702 940 2785 interpretationis
961 2720 1053 2764 cursu
1065 2704 1101 2764 ad
1121 2704 1236 2767 criticas
1251 2707 1442 2786 quaestiones

281 2809 508 2882 deverteramus,
528 2806 704 2885 animosque
723 2812 802 2867 totos
823 2804 913 2867 modo
934 2805 965 2865 in
983 2805 1252 2884 praestantissimae
1272 2808 1441 2887 tragoediae

279 2910 434 2973 virtutihus
455 2909 566 2970 defixos
585 2907 682 2969 subito
703 2906 738 2968 ad
758 2906 905 2969 minuurm
924 2905 982 2967 hoc
996 2915 1026 2967 et
1044 2906 1200 2987 spinosum
1219 2926 1312 2988 genus
1331 2910 1441 2991 dispu-

278 3011 358 3074 tandi
373 3029 574 3084 evocaremus,
594 3027 628 3070 ac
645 3027 701 3088 pro
722 3009 831 3070 summi
849 3017 952 3089 poetae
965 3008 1097 3071 versibus
1116 3009 1300 3072 librariorum
1320 3028 1441 3075 errores

278 3113 471 3193 codicumque
490 3110 593 3172 sordes
613 3117 815 3172 tractaremus.
859 3108 998 3183 Quamvis
1024 3110 1102 3172 enim
1127 3112 1233 3174 maritas
1254 3113 1440 3193 corruptelas

279 3212 465 3297 superiorum
480 3213 647 3275 educerum
662 3211 788 3273 sollertia
802 3211 861 3273 iam
876 3212 1039 3285 sustulerit,
1061 3213 1097 3274 ad
1112 3232 1238 3294 quorum
1257 3213 1439 3295 disputatio-

277 3337 329 3380 nes
344 3316 492 3381 remittere
506 3314 652 3378 auditores
666 3313 758 3388 liceat,
773 3322 884 3377 restant
897 3322 995 3376 tamen
1008 3332 1071 3377 non
1081 3315 1245 3394 pauciores,
1259 3335 1332 3398 quae
1342 3334 1439 3396 quum

279 3419 411 3482 nondum
430 3436 446 3478 a
465 3433 614 3497 quoquam
633 3416 816 3492 emendatae,
839 3416 1004 3496 partimque
1022 3434 1060 3478 ne
1079 3416 1297 3480 animadversae
1317 3418 1439 3499 quidem

279 3521 347 3594 sint,
363 3527 413 3583 aut
425 3518 549 3581 intactae
562 3525 591 3579 et
604 3525 743 3598 unquam
758 3517 925 3598 desperatae
937 3518 1071 3601 relinqui,
1087 3526 1136 3581 aut
1150 3519 1232 3581 aliter
1245 3538 1335 3601 quam
1349 3539 1365 3582 a
1380 3539 1438 3583 su-

278 3622 443 3705 perioribus
457 3622 566 3683 iactum
580 3628 626 3682 est
644 3620 750 3683 tentari
765 3619 895 3683 debeant
924 3619 1037 3682 Horum
1051 3639 1141 3683 unam
1156 3631 1243 3702 atque
1257 3622 1375 3685 alteram
1390 3623 1439 3686 sic

278 3744 332 3805 ego
348 3725 420 3787 mihi
435 3724 607 3786 emendasse
617 3722 726 3797 videor,
740 3730 774 3784 ut
787 3722 824 3785 de
834 3721 1046 3786 emendationis
1056 3723 1175 3786 veritate
1189 3724 1314 3786 dubitari
1328 3725 1437 3804 aperi·

279 3828 314 3890 tis
331 3835 408 3889 certe
427 3844 489 3887 non
503 3844 594 3906 posse
610 3825 771 3899 contidam;
786 3825 818 3886 in
832 3823 910 3901 aliis,
925 3824 1063 3888 siminus
1077 3825 1172 3906 ipsam
1186 3825 1338 3889 veritatem
1351 3844 1437 3889 asse-

280 3936 388 4011 quutus
404 3947 483 4003 esse,
503 3928 627 4009 propius
646 3936 744 3990 tamen
765 3928 891 3990 fortasse
910 3946 998 4009 quarn
1012 3927 1178 4009 superiores
1193 3929 1229 3991 ad
1248 3948 1314 3991 eam
1333 3947 1437 3991 acces·

278 4033 354 4096 sisse
378 4032 538 4094 iudicabor.
579 4031 727 4105 Quoniam
748 4037 844 4092 autem
866 4047 928 4092 non
954 4030 1048 4092 doctis
1070 4030 1166 4092 solum
1188 4039 1218 4092 et
1238 4030 1356 4111 peritis,
1381 4032 1437 4093 sed

277 4135 422 4198 tironibus
443 4153 561 4214 quoque
578 4150 729 4212 nunquam
749 4131 870 4193 anmhao
888 4131 919 4194 in
934 4130 1067 4213 Aeschyli
1084 4132 1208 4194 lectione
1226 4132 1348 4195 amsans
1361 4132 1438 4196 haec

279 4237 438 4318 disputatio
459 4233 610 4297 scribenda
630 4234 698 4305 luit,
718 4232 879 4295 accuratius
899 4250 1112 4315 nonnunquam
1131 4242 1161 4296 et
1181 4233 1331 4315 copiosius
1346 4234 1436 4297 etiam

278 4339 378 4403 ulium
393 4336 631 4401 emendationum
646 4334 774 4397 rationes
790 4337 979 4416 exponendae
993 4355 1059 4400 esse
1071 4336 1251 4413 videbantur,
1267 4356 1340 4418 quoe
1355 4338 1435 4418 apud

278 4436 424 4505 doctiores
449 4438 529 4505 nrdla
549 4438 799 4502 demonstratione
823 4447 949 4519 eguerit
999 4438 1125 4503 mones
1145 4457 1216 4502 vero
1241 4447 1309 4503 ante
1333 4438 1434 4502 omnia
