3284 5152
808 476 1072 577 ao..—

307 668 491 752 lrcquuntius
506 686 594 750 pram
610 667 717 733 civium
732 668 975 749 comperegrinis
989 668 1106 748 nuptias
1121 667 1152 730 in
1166 666 1271 731 fabulis
1281 681 1467 728 commemo-

307 773 365 835 rari
380 772 522 834 videmus.
574 771 631 833 Sed
655 771 792 859 novimus
818 771 915 844 etiam,
941 778 1096 853 poctarum
1122 788 1236 835 morem
1262 786 1338 841 essa,
1360 770 1395 828 ut
1418 765 1468 828 sui

306 874 452 956 temporis
471 874 606 936 instituta
625 873 657 935 iu
676 873 801 954 priscam
822 878 948 936 aetatem
967 873 1127 936 transferre
1147 890 1299 955 nunquam
1321 874 1467 950 dubitent,

308 976 445 1040 Getarum
465 976 723 1041 animadvertenda
742 982 787 1038 cst
806 975 925 1039 liberior
943 975 1128 1058 pronominis
1149 976 1300 1042 collocatio
1322 979 1353 1041 in
1371 975 1467 1040 vorbis

306 1079 387 1144 lonis
402 1099 429 1143 ι.
446 1079 523 1142 306:
1199 1163 1204 1169 .

506 1175 565 1243 καὶ
588 1179 662 1255 παῖς
684 1174 774 1256 ξένος
795 1173 829 1243 o'
851 1169 895 1242 ab
916 1171 1007 1256 ἔσχεν
1029 1167 1131 1244 οὖσαν
1151 1176 1279 1268 ίγγονῆς

306 1304 361 1367 pro
377 1277 468 1361 ξένος
489 1273 534 1344 α’ίν
554 1275 590 1345 u’
612 1275 704 1360 ἔσχον
725 1293 776 1347 aut
794 1277 869 1361 ἔοχα
882 1275 916 1344 o’
932 1270 1031 1345 οὖσαν
1045 1276 1167 1369 ἐγγενῆ,
1183 1302 1311 1367 quorum
1325 1288 1466 1347 neutrum

307 1391 405 1451 metro
425 1384 604 1448 conveniens
624 1396 697 1449 crat.
728 1386 829 1448 Simile
849 1385 1017 1468 exemplum
1037 1386 1144 1466 legitur
1162 1386 1193 1448 iu
1211 1388 1267 1450 hac
1286 1386 1348 1468 ipsa
1368 1385 1467 1449 fabula

307 1489 406 1572 paullo
421 1488 513 1562 lulra,
528 1506 556 1551 ι.
573 1488 649 1563 337,
665 1482 808 1550 ια’λαινοί
824 1479 856 1550 α’
872 1480 892 1573 ἦ
907 1490 1058 1562 τεκοῦσα,
1074 1504 1254 1570 quamquam
1270 1489 1310 1552 ibi
1324 1506 1386 1551 nou
1400 1506 1467 1551 ccr-

306 1572 369 1655 tam
384 1590 542 1654 lectionem
557 1608 623 1654 essc
637 1591 811 1653 ridebimus.
838 1592 895 1653 Sed
910 1599 990 1654 corta
1000 1599 1046 1653 cst
1055 1609 1083 1652 ι.
1096 1590 1167 1666 685,
1184 1586 1300 1654 ἐκτῶν
1315 1583 1469 1674 Ἀθηνῶν

306 1684 351 1774 μ’
372 1684 392 1776 ἦ
415 1683 547 1755 τικοῦσ)
562 1683 614 1779 εἴη
630 1685 716 1778 γυνή.
746 1692 789 1757 Cl.
806 1693 912 1756 Electr.
927 1712 955 1755 ι.
971 1692 1050 1755 264ι
1072 1687 1179 1777 μήτηρ
1195 1689 1234 1756 δέ
1246 1685 1281 1757 α’
1294 1685 1314 1777 ἦ
1329 1690 1469 1755 τεκοῦσα

272 1824 276 1831 ·
305 1785 405 1856 ταῦτ’
432 1784 592 1879 ἠνέσχετο.
633 1794 749 1875 Fragm.
778 1794 942 1876 Belleropb.
965 1794 1058 1869 nvn,
1083 1798 1116 1858 1:
1145 1788 1175 1858 εἰ
1200 1793 1274 1859 νοῦν
1296 1783 1366 1872 εἶχέ
1385 1786 1423 1874 μ’
1442 1785 1467 1857 ό

308 1887 458 1976 σπείρας.
507 1895 599 1977 Soph.
628 1895 699 1959 oco.
727 1897 762 1959 R.
792 1916 819 1958 v.
847 1895 925 1958 991:
961 1888 991 1958 εί
1022 1886 1063 1980 ἦν
1089 1892 1199 1982 πατήρ
1226 1889 1260 1961 u'
1288 1891 1307 1960 ὁ
1333 1895 1468 1971 κτείνας.

305 1996 455 2078 Aristoph.
484 1996 560 2060 Nub.
588 2016 616 2059 u.
645 1998 722 2060 257:
756 1990 870 2079 ὥσπερ
902 2019 944 2079 με
975 1993 1034 2060 τόν
1065 1989 1261 2081 Ἀθάμανθ’
1296 1993 1391 2075 ὅπως
1422 1993 1469 2083 μή

307 2092 439 2163 θύσατε.
484 2098 569 2180 Vesp.
593 2120 619 2160 v.
643 2099 722 2162 382:
745 2092 858 2182 ὥσπερ
879 2121 922 2181 με
943 2097 1042 2184 γαλῆν
1063 2096 1144 2180 κρέα
1164 2096 1336 2185 κλέψασαν
1349 2102 1470 2187 τηροῦ-

308 2219 372 2266 σιν.
401 2201 465 2264 lllia
487 2201 545 2263 rid.
568 2221 615 2281 ap.
631 2202 774 2265 Fritzscb.
790 2203 825 2264 ad
841 2203 913 2265 Rau.
928 2223 958 2284 p.
975 2203 1046 2265 217.
1078 2204 1218 2267 Wunder.
1235 2206 1270 2267 ad
1287 2205 1378 2286 Soph.
1395 2203 1468 2267 (led.

308 2305 344 2367 R.
359 2303 378 2368 l.
392 2304 411 2365 l.
427 2301 517 2364 Nack.
533 2304 569 2365 ad
585 2305 751 2369 Callimach.
768 2305 865 2369 Hccab
882 2325 911 2388 p.
928 2306 979 2369 71.
1004 2307 1196 2372 Funkhacnel
1210 2310 1246 2372 ad
1259 2306 1409 2372 llcmostb.
1424 2325 1470 2369 or.

309 2407 340 2470 in
354 2407 477 2468 Androt.
493 2423 522 2487 p.
539 2405 590 2467 24.

321 2544 324 2549 -
394 2507 566 2571 Proximum
583 2527 701 2573 versum

531 2602 653 2691 Εὔβοι’
675 2605 837 2696 Ἀθήναις
859 2603 932 2676 ἔστι
954 2632 1007 2689 τις
1028 2614 1141 2697 γείτων
1162 2607 1265 2691 πόλις

309 2715 369 2777 iam
390 2711 577 2775 Hermannus
604 2715 723 2776 monuit
748 2735 765 2777 a
787 2715 933 2778 Strabone
952 2716 1018 2779 Vlll
1039 2738 1069 2799 p.
1086 2717 1148 2780 356
1170 2719 1268 2793 citari,
1294 2727 1328 2782 ot
1345 2716 1469 2782 ostenda

311 2810 413 2878 πόλιν
426 2815 513 2877 ctiam
526 2816 674 2897 regionum
687 2817 753 2890 dici,
769 2836 858 2898 quom
871 2837 958 2880 usum
970 2818 1111 2892 vocabuli,
1126 2823 1298 2901 pracsertim
1310 2822 1346 2883 do
1357 2820 1470 2899 insulis,

311 2917 359 2980 alii
382 2934 443 2981 non
464 2919 548 2997 pauci
568 2919 711 3000 exemplis
729 2920 974 3000 comprobarunt,
1002 2922 1166 3002 exquibus
1188 2907 1411 3004 Wessclingium
1433 2923 1471 2984 ad

310 3020 420 3083 buton.
441 3019 541 3081 itiner.
556 3039 585 3101 p.
602 3021 682 3094 513,
702 3022 915 3086 bombardium
931 3024 967 3086 ad
982 3024 1098 3105 Dionys.
1115 3044 1143 3106 p.
1159 3024 1231 3088 660.
1260 3026 1418 3106 Borgldum
1434 3025 1471 3087 dc

311 3124 394 3204 reliq.
415 3141 492 3185 com.
507 3122 566 3183 Au.
582 3142 611 3203 p.
629 3121 688 3182 141
707 3124 796 3185 citare
810 3125 881 3186 satis
897 3132 950 3186 est.
981 3126 1101 3190 Videtur
1114 3136 1213 3191 autem
1230 3121 1344 3202 πόλις,
1367 3136 1472 3208 utpote

312 3223 348 3287 ab
363 3223 466 3285 eadem
482 3240 540 3302 qua
556 3215 663 3296 πέλω,
679 3217 827 3304 κέλομαι
843 3226 939 3290 radico
955 3237 1068 3303 ortum,
1084 3231 1221 3311 primitus
1236 3231 1307 3293 nibil
1323 3228 1400 3293 aliud
1415 3229 1473 3291 nisi

311 3325 411 3387 locum
426 3324 586 3405 designare,
604 3325 653 3386 ubi
669 3325 822 3390 bominum
838 3330 994 3393 multitudo
1009 3342 1143 3395 versatur
1156 3334 1334 3415 habitatque.

396 3427 547 3490 Euboeam
572 3426 704 3505 Xutbus,
731 3449 757 3491 v.
779 3430 855 3504 309,
888 3431 995 3494 dicitur
1023 3434 1182 3499 debllasse
1207 3436 1365 3499 sociatis
1391 3454 1472 3499 cum

311 3527 526 3611 Cecropidis
549 3531 676 3604 armis,
699 3530 928 3615 Κεκροπίδαις
940 3533 1042 3621 κοινῷ
1058 3531 1143 3621 δορί,
1160 3539 1412 3620 quamadmodum
1426 3543 1474 3600 cst

311 3630 342 3693 in
362 3630 548 3712 8ορ1ι.Αίιο.
574 3631 649 3694 178:
668 3630 804 3717 μομφάν
825 3626 907 3710 ἔχων
927 3630 1023 3711 ξονοῦ
1045 3635 1150 3718 δορός.
1181 3642 1230 3705 Sic
1249 3642 1338 3722 igitur
1356 3642 1473 3704 dativus

312 3728 541 3815 Κεκροπίδαις
555 3753 624 3797 cum
639 3735 781 3798 adiectiro
796 3737 902 3819 κοινῷ
918 3738 1138 3820 coniungendas
1154 3752 1212 3818 ast,
1229 3762 1289 3807 non
1304 3762 1358 3825 pro
1375 3744 1473 3806 dativo

312 3835 460 3899 commodi
475 3836 627 3900 habendus
643 3837 678 3899 ad
694 3837 816 3900 verbum
829 3830 951 3920 ἔπερσε
960 3843 1135 3922 pertinento.
1149 3881 1191 3892 -
1202 3847 1255 3910 lon
1267 3856 1375 3923 autom,
1390 3866 1473 3910 mor·

311 3939 459 4001 usuarium
475 3937 603 4001 fortasse
613 3938 746 4002 Xuthum
761 3940 852 4002 luisse
867 3943 1029 4023 suspicans,
1044 3954 1127 4010 tanto
1143 3950 1234 4031 magis
1246 3951 1384 4015 Creusam
1401 3950 1427 4013 ei
1442 3951 1474 4013 in

311 4040 534 4104 matrimonium
551 4042 648 4105 datam
663 4061 729 4104 csso
745 4042 870 4106 miratam
883 4064 909 4107 r.
926 4045 1005 4108 310:

518 4136 693 4226 ἐπίκουρος
715 4137 831 4219 ἐλθόν,
855 4132 942 4231 κᾷτα
963 4143 1023 4211 οόν
1044 4152 1144 4233 γαμεῖ
1163 4147 1273 4232 λέχος,·

312 4244 388 4309 Nam
409 4238 582 4327 ἐπίκουροι
597 4245 744 4328 Euripidis
758 4248 877 4329 quidem
893 4257 987 4313 aetate
1002 4262 1085 4315 orant
1098 4256 1160 4318 loro
1174 4258 1310 4321 mercede
1325 4260 1474 4353 madanti,

310 4340 539 4441 μισθοφόροι,
555 4348 634 4411 unde
649 4350 738 4412 etiam
753 4349 838 4427 infra,
853 4371 880 4413 v.
899 4352 988 4429 1313,
1003 4372 1064 4419 non
1079 4358 1142 4421 sino
1157 4359 1284 4441 quodam
1299 4370 1477 4445 contemptu

311 4448 370 4512 boc
383 4449 558 4513 vocabulum
573 4452 708 4534 usuupari
722 4453 872 4518 ridemus:
894 4447 1071 4543 ίιιίκοαρος
1086 4452 1228 4546 οίκόκοιρ
1243 4452 1275 4546 γ’
1290 4453 1332 4527 όν
1345 4455 1406 4530 oda
1421 4456 1475 4550 ιίιγ
