3222 5148
709 359 864 459 jaa-

206 563 281 612 num
299 546 450 613 fabricam.
493 547 555 612 Nec
572 547 711 615 dissimile
725 548 786 611 veri
806 548 897 613 estid
919 548 1072 631 quodiam
1087 549 1364 632 superignhcavi-
1386 621 1392 633 ,

205 668 283 725 mus,
297 650 431 731 primum
442 650 613 723 Hesiodum,
628 658 681 715 sut
694 668 901 731 quemcunque
911 652 1083 732 theogoniae
1098 650 1281 734 compositor
1292 670 1363 719 auc·

205 761 303 817 terem
318 752 429 827 habuit,
448 751 525 814 hanc
545 752 685 817 fabricam
700 753 874 836 Cyelopihus
894 754 1066 834 assignasse,
1088 754 1198 836 quippe
1213 754 1294 837 qued
1307 755 1365 819 hoc

204 857 326 920 nomine
341 856 454 938 primos
469 854 567 919 fabros
586 855 680 919 fnisse
700 864 860 939 acceperat
904 857 1029 921 Causam
1049 856 1189 931 nominis,
1210 856 1267 939 ipsi
1285 856 1365 919 haud

205 958 294 1021 dubie
309 958 534 1040 incompertam,
560 977 615 1021 suo
635 959 726 1022 modo
746 959 971 1041 interpretatur:
997 976 1108 1023 munus
1122 965 1231 1033 autern¹
1256 965 1292 1023 ut
1304 958 1365 1021 lul·

205 1062 285 1123 mina
299 1060 365 1127 lovi
378 1061 530 1131 fabricent,
556 1060 616 1124 iam
631 1061 742 1135 statim,
767 1060 819 1125 ubi
839 1060 876 1123 de
897 1066 967 1125 ortu
987 1078 1091 1123 eorum
1106 1061 1205 1135 refert,
1232 1060 1301 1124 licet
1313 1062 1363 1124 ille

204 1170 340 1245 ternpore
359 1164 459 1227 nullus
478 1164 575 1229 adbuc
592 1163 709 1245 Jupiter
728 1172 817 1239 esset,
835 1163 891 1227 sibi
911 1163 1205 1227 commemorandum
1226 1181 1292 1225 esse
1306 1180 1364 1244 pu·

206 1265 294 1336 tavit,
315 1274 471 1348 propterea
490 1265 616 1339 scilicet,
638 1265 718 1348 quod
737 1284 802 1329 rem
821 1273 873 1330 aut
891 1267 965 1330 nulli
984 1276 1035 1333 aut
1054 1268 1156 1350 pauds
1175 1271 1278 1331 notam

207 1367 304 1431 sciret.
1261 1394 1264 1399 >

293 1470 352 1532 Sed
371 1472 409 1534 de
428 1470 548 1533 nomine
570 1471 743 1553 Cyclopum,
769 1471 840 1552 quid
867 1465 985 1553 proprie
1004 1472 1148 1552 significet
1168 1479 1198 1533 et
1217 1490 1306 1553 quam
1326 1471 1364 1535 eb

207 1590 325 1637 causam
345 1573 416 1637 huic
436 1572 593 1654 Gigantum
619 1574 718 1654 generi
738 1572 866 1635 inditum
886 1573 937 1646 sit,
965 1574 1143 1656 perobscura
1166 1573 1299 1654 quaestio
1319 1581 1366 1635 est

208 1676 369 1757 mulumque
384 1676 491 1750 modis,
512 1684 542 1737 et
559 1676 631 1738 satis
651 1693 865 1757 nonnunquam
880 1682 932 1739 aut
946 1675 1067 1738 mirifice
1081 1685 1133 1737 aut
1146 1674 1272 1737 absurde
1287 1682 1365 1738 trac-

208 1784 277 1839 tata.
319 1778 453 1840 Fuerunt
467 1778 527 1859 qui,
548 1779 625 1840 sient
639 1777 693 1840 aha
708 1779 828 1840 nomina
844 1778 945 1851 multe,
968 1795 1043 1857 quae
1058 1797 1093 1839 er
1108 1779 1287 1840 Graecorum
1301 1796 1366 1840 ser-

209 1896 299 1941 mone
313 1880 469 1942 cemmode
491 1878 627 1960 explicari
641 1897 730 1959 posse
745 1878 943 1961 desperarent,
966 1881 1010 1942 sic
1030 1881 1117 1942 etiam
1133 1880 1191 1943 hoc
1205 1880 1365 1962 Cyclopum

209 1998 320 2043 nomen
341 1982 453 2061 origiue
476 1981 633 2045 barbarum
654 1988 683 2042 et
703 1981 850 2044 aGraecis
869 1982 901 2043 in
921 1983 967 2044 sui
982 1983 1127 2045 sermonis
1141 1980 1364 2046 similitudinem

210 2088 382 2163 corruptum
404 2103 470 2146 esse
490 2090 667 2147 statuerunt
710 2082 785 2144 Nem
801 2083 1010 2146 Chek-loub
1029 2084 1256 2148 aPhoenioibus
1273 2085 1365 2147 dictos

207 2185 299 2248 luisse
320 2186 371 2266 qui
390 2185 466 2248 circa
486 2186 585 2247 sinum
600 2184 821 2265 Lilybaetanuru
841 2186 1004 2249 incolerent
1023 2186 1160 2250 homines
1180 2187 1259 2250 leros
1275 2191 1305 2247 et
1318 2186 1366 2247 in·

209 2288 313 2361 cultos,
330 2288 431 2368 quales
448 2289 508 2350 lere
523 2286 670 2349 Homerus
685 2288 832 2362 describit,
848 2293 937 2369 atque
951 2288 1021 2351 hinc
1034 2306 1144 2376 nomen
1159 2290 1190 2350 in
1204 2288 1275 2351 alios
1290 2305 1366 2368 quo·

210 2407 267 2470 que
290 2390 531 2465 translatum.⁸⁸)
560 2389 618 2463 Qui
636 2398 735 2453 autem
754 2409 891 2472 graecum
914 2390 1091 2453 vocabulum
1110 2409 1174 2453 esse
1193 2398 1366 2470 agnoscunt,

209 2491 246 2554 dc
271 2491 480 2572 significatione
503 2501 604 2555 umen
631 2491 799 2573 longissime
831 2494 907 2555 inter
930 2511 963 2554 se
989 2493 1162 2573 discrepant.
1205 2492 1261 2555 stit
1286 2493 1366 2553 enim

210 2593 550 2673 circumspectores
570 2594 714 2677 designari
736 2597 845 2669 volunt,
866 2596 925 2658 hoc
945 2595 1076 2657 estnihil
1092 2594 1169 2658 aliud
1184 2612 1274 2676 quarn
1290 2593 1366 2677 pris·

209 2711 311 2757 cerum
333 2695 522 2777 Pelasgorum
544 2699 738 2777 augures⁸⁷lt
764 2698 812 2761 alii
832 2696 1011 2778 astrologos,
1041 2696 1129 2771 item,
1154 2713 1173 2758 a
1194 2696 1367 2779 circumspi-

210 2797 315 2859 ciendo
330 2797 434 2871 dictes,
450 2808 502 2861 ant
516 2801 583 2879 quia
598 2800 684 2862 orbes
699 2801 839 2863 caelestes
850 2797 1191 2881 mntemplarentur⁸⁸tz
1206 2798 1254 2861 alii
1268 2798 1367 2861 stelles

209 2899 287 2980 ipsas
312 2905 433 2980 propter
457 2901 585 2963 formam
610 2902 871 2977 orbicularem22),
898 2920 1002 2964 rursus
1030 2901 1078 2964 alii
1104 2900 1290 2973 metallarios,
1317 2900 1368 2981 qui

163 3040 170 3051 ·
209 3021 302 3082 quum
317 3004 374 3065 sub
388 3010 465 3065 terra
480 3022 555 3083 opus
570 3004 709 3077 lacerent,
724 3006 858 3068 lucernas
868 3004 900 3065 in
911 3006 1009 3066 fronte
1020 3003 1149 3084 alligatas
1161 3003 1330 3065 baberent⁴
1338 3001 1368 3078 0)

208 3103 271 3166 Nos
290 3104 347 3184 ipsi
367 3105 437 3167 olim
456 3105 529 3167 nihil
550 3105 628 3168 ahud
648 3106 704 3168 nisi
727 3107 874 3169 feritatem
893 3107 992 3167 vultus
1011 3105 1068 3167 hoc
1087 3105 1209 3166 nornine
1223 3102 1368 3183 designari

209 3206 464 3286 oedtoimm⁴1):
487 3209 639 3273 retundari
658 3209 738 3270 enirn
758 3209 859 3271 oculos
879 3226 993 3280 eorum,
1014 3207 1066 3288 qui
1087 3207 1253 3269 vehementi
1267 3206 1368 3269 lurore

212 3305 399 3386 agitarentur,
416 3317 581 3372 tumescere
592 3315 622 3372 et
634 3310 715 3390 quasi
726 3318 825 3372 extare
836 3309 942 3371 sideri:
959 3327 1015 3370 nec
1026 3309 1173 3389 displicuit
1183 3310 1255 3372 baec
1269 3309 1369 3391 opinio

279 3494 321 3557 36)
338 3495 454 3546 bochart.
468 3493 546 3546 Chen.
558 3493 568 3546 l
580 3510 602 3546 c.
615 3494 657 3559 30,
669 3509 741 3560 quen
754 3496 869 3561 sequitur
880 3493 995 3546 Clericus
1007 3494 1038 3546 sd
1051 3494 1109 3545 Hes.
1122 3495 1205 3560 theog.
1219 3511 1243 3545 o.
1259 3494 1316 3546 139.

280 3579 323 3645 st)
341 3579 461 3643 lldclert
473 3581 564 3633 Dienst
575 3581 598 3631 d.
616 3582 715 3633 Athene
728 3596 750 3647 p.
766 3580 822 3631 131.
837 3606 870 3618 -
882 3579 1024 3632 liberalius
1037 3580 1113 3630 etiam
1125 3577 1243 3630 Fazellus
1255 3579 1272 3629 l.
1285 3579 1303 3630 1.
1316 3594 1369 3630 orn·

211 3662 281 3714 nium
292 3666 384 3716 artium
396 3665 535 3735 spoliarum
546 3666 661 3731 peritiam
668 3665 821 3734 Cyelopibus
829 3666 928 3730 tribuit,
941 3673 1016 3731 atque
1025 3665 1082 3715 binc
1092 3679 1180 3715 nemen
1189 3664 1296 3715 inditum
1305 3661 1369 3717 vult.

280 3749 323 3810 38)
341 3748 369 3799 L.
383 3748 446 3815 fleg.
461 3750 522 3802 Ueb.
534 3752 582 3801 den
594 3750 697 3820 Mptlrns
709 3752 733 3801 d.
745 3752 792 3802 alt.
804 3750 879 3802 lek
892 3765 916 3816 p.
930 3750 987 3802 162.

280 3834 323 3898 39)
341 3834 485 3898 Schwartz,
503 3837 544 3887 die
559 3836 692 3901 altgriech.
705 3835 926 3902 Schlengengotth.
939 3835 1030 3901 Progr.
1046 3850 1132 3903 gpmn.
1141 3833 1224 3886 Berol.
1237 3833 1369 3886 Werderi·

211 3919 254 3971 uni
266 3936 324 3970 ann.
340 3920 413 3972 1858.
426 3939 449 3989 p.
463 3921 488 3971 9.

279 4005 322 4068 49)
340 4004 406 4057 llirt.
420 4002 511 4057 Gesch.
524 4007 570 4056 der
578 4005 706 4057 Bauium
718 4021 743 4072 p.
759 4006 807 4058 198
819 4014 846 4059 et
857 4007 882 4058 in
893 4005 973 4060 Wolf.
984 4005 1099 4058 Analect.
1110 4003 1121 4055 l
1133 4022 1156 4072 p.
1170 4005 1226 4056 154.
1238 4031 1267 4041 -
1279 4002 1370 4055 Obiter

211 4090 290 4142 efisrn
302 4088 468 4142 Fouerbuchil
479 4089 608 4156 (Nacbgel.
622 4090 693 4142 Sebr.
705 4089 726 4142 ll
738 4109 761 4159 p.
777 4093 833 4157 190)
846 4101 872 4144 et
885 4090 986 4145 lileezii
998 4093 1032 4155 (io
1045 4091 1111 4144 Bdtt.
1123 4088 1233 4142 Amelth
1246 4089 1278 4142 lll
1290 4104 1313 4155 p.
1326 4090 1369 4153 78)

211 4175 306 4226 mentio
320 4173 433 4228 laemnds
444 4183 493 4240 est,
505 4177 548 4242 qni
557 4183 658 4227 vetuste
667 4177 787 4242 quaedam
796 4178 924 4230 ardhennr
932 4176 1040 4245 collegia
1049 4175 1175 4246 Cyclopes
1183 4174 1263 4228 luism
1272 4172 1368 4229 volunt

211 4257 266 4311 Nec
278 4259 352 4325 longe
364 4260 467 4314 diverse
479 4262 581 4313 videtur
593 4261 718 4328 Bttttigeri
728 4268 857 4321 sententia
869 4262 1033 4332 llunstuptb.
1046 4261 1066 4315 ll
1077 4277 1103 4328 p.
1115 4262 1207 4329 dbsqq.

280 4342 323 4409 ll)
343 4343 435 4411 Opuse.
448 4362 486 4399 uc.
498 4343 519 4398 ll
530 4362 555 4414 p.
568 4344 610 4399 95.
934 4380 938 4385 -
