3276 5144
676 476 823 573 —Q

171 672 301 749 putetur,
319 682 358 728 ne
373 683 431 745 qua
446 682 549 727 eorum
563 665 668 728 notitia
682 664 822 746 divulgari
837 662 915 726 etad
930 669 1055 738 ortmcs,
1069 679 1172 724 servos
1183 668 1235 724 aut
1247 679 1334 743 pere·

171 768 287 848 guium,
307 768 457 830 dimanare
477 775 587 849 posset
619 767 677 830 Sed
697 767 770 829 nihil
791 766 936 829 eiusmodi
957 772 1009 828 aut
1023 764 1193 827 testimonio
1208 763 1269 826 ullo
1283 767 1335 826 aul

171 868 279 932 indicio
294 870 411 950 probari
426 870 543 951 poterit.
573 870 717 932 Audimus
732 871 811 935 loris
827 869 923 931 llereii
938 875 967 929 et
980 865 1123 951 Apollinis
1135 866 1238 928 Patriu'
1252 884 1336 928 sacra

171 972 282 1035 civibus
304 973 420 1054 propria
440 972 574 1053 adeoque
593 990 660 1034 cuns
681 972 743 1053 ipsa
758 971 872 1033 civitate
888 969 1042 1033 coniuncta
1057 966 1149 1029 luisse
1163 974 1213 1040 ut,
1235 968 1288 1049 qui
1300 987 1334 1031 ea

171 1092 232 1136 nou
257 1075 379 1146 coleret,
406 1073 462 1135 hoc
486 1074 551 1157 ipso
571 1074 658 1135 etiam
680 1072 805 1136 civitatis
823 1090 929 1155 expers
949 1089 1015 1133 esse
1034 1068 1197 1131 videretur:
1223 1070 1335 1132 scimus

171 1177 269 1245 locum
290 1194 395 1238 eorum
418 1175 449 1237 in
468 1176 650 1258 privatorum
673 1176 809 1238 domibus
828 1174 920 1238 inisse
941 1173 986 1236 vel
1005 1172 1037 1235 in
1051 1170 1117 1234 aula
1132 1170 1176 1233 vel
1191 1173 1223 1237 in
1237 1171 1334 1253 aliqua

171 1285 254 1361 parte
268 1278 402 1340 aedium:
418 1277 621 1341 administrata
636 1296 702 1340 esse
714 1278 913 1360 comperimus
924 1277 961 1339 ab
972 1277 1043 1358 ipsis
1055 1276 1189 1360 patribus
1198 1274 1333 1348 familias,

172 1381 221 1461 qui
247 1379 290 1442 sio
315 1380 399 1460 qnasi
425 1381 589 1444 sacerdotio
610 1380 738 1460 quodam
760 1381 873 1463 privato
894 1388 924 1441 et
944 1380 1107 1442 domestico
1128 1380 1332 1459 fungerentur.

173 1483 231 1545 Sed
243 1496 346 1544 arcana
361 1483 432 1545 haee
446 1501 528 1545 sacra
542 1482 634 1544 luisse
648 1484 678 1544 h.
694 1502 720 1545 e.
734 1482 811 1555 talla,
829 1482 936 1563 quibus
952 1483 1040 1544 ctiam
1051 1487 1206 1543 extraneos
1218 1480 1332 1552 adesso,

172 1591 223 1647 aul
246 1604 374 1665 quorum
389 1586 464 1649 ritus
480 1604 514 1647 ao
528 1585 720 1647 caerimonias
735 1585 771 1647 ab
787 1586 931 1647 extraneis
945 1586 1081 1665 cognosci
1096 1584 1179 1646 nelas
1194 1591 1224 1645 ct
1238 1582 1333 1661 aliqua

172 1688 234 1769 lege
254 1687 441 1750 interdictum
463 1696 555 1762 essct,
575 1687 604 1750 id
628 1706 697 1749 vero
719 1706 814 1769 neque
834 1687 970 1749 audimus
991 1687 1184 1759 aveterihus,
1206 1702 1333 1765 nequea

172 1791 342 1852 Petersenio
374 1791 534 1873 probatum
567 1790 710 1852 videmus.
750 1790 914 1853 Nonnullos
940 1791 1058 1871 quidem
1084 1789 1128 1851 sic
1151 1795 1203 1850 aut
1226 1804 1332 1867 super·

172 1892 306 1955 stitiosos
326 1898 377 1953 aut
396 1910 532 1954 morosos
547 1893 638 1954 luisse
653 1892 816 1965 oredimus,
838 1900 872 1955 nt
886 1892 1035 1956 neminem
1051 1896 1168 1972 praeter
1182 1889 1334 1971 proximos

172 2002 202 2056 et
223 1993 390 2055 carissimos
410 1994 446 2055 ad
469 2003 546 2056 certa
567 1995 709 2074 quaedam
725 2013 806 2057 sacra
821 1995 983 2057 domestica
998 1994 1196 2066 admitterent,
1216 1991 1333 2072 qualern

173 2096 310 2158 Cironem
326 2095 407 2155 illum
423 2095 514 2156 fuisse
529 2096 674 2167 audimus,
692 2113 791 2177 quem,
808 2114 900 2176 quum
916 2096 980 2159 lovi
996 2095 1130 2179 Κτησίαν
1147 2095 1332 2169 sacrificaret,

171 2199 252 2261 solos
266 2205 388 2278 nepotes
404 2216 484 2270 suos,
501 2199 551 2260 scd
567 2202 686 2281 praeter
700 2196 755 2259 hos
769 2198 921 2259 neminem
936 2216 993 2259 uec
1005 2216 1123 2260 servum
1140 2215 1195 2258 nec
1208 2196 1333 2260 liberum

170 2299 427 2363 admisissslsaeus
436 2308 534 2362 narrat
543 2318 586 2362 cr.
598 2300 669 2372 Vlll,
684 2300 732 2361 16.
750 2300 808 2362 Sed
819 2300 1045 2382 haudquaquam
1056 2298 1281 2363 omnesCironis
1291 2296 1332 2359 si-

170 2405 255 2466 miles
265 2404 356 2465 luisse
365 2422 401 2464 ar
411 2403 474 2484 ipsa
482 2402 556 2465 lsaei
566 2405 733 2465 narratione
742 2403 932 2466 manifestum
942 2409 997 2475 est,
1007 2403 1151 2484 vulgoque
1159 2400 1334 2464 JovisCtesii

170 2506 259 2571 sacris
272 2506 364 2567 etiam
379 2524 481 2567 servos
496 2522 557 2566 non
571 2505 662 2567 arceri
682 2506 786 2569 solitos
801 2505 845 2567 vel
859 2506 994 2587 Aeschyli
1008 2506 1237 2586 Clytaemnestra
1250 2502 1333 2567 testis

171 2619 231 2684 est,
252 2627 347 2690 quum
367 2609 511 2691 captivam
532 2607 724 2671 Cassandram
743 2609 895 2689 alloquens
914 2601 1071 2688 χερνίβων
1090 2624 1155 2671 eam
1177 2600 1335 2668 κοινωνὸν

170 2713 300 2775 futuram
317 2730 381 2773 esse
397 2711 467 2779 dicit
487 2705 621 2771 πολλῶν
641 2705 725 2789 μετὰ
749 2703 875 2773 δούλων
896 2709 1078 2773 σταθεῖσαν
1101 2706 1247 2791 Κτησίου
1266 2707 1332 2787 βω-

169 2816 237 2893 μοῦ
258 2810 429 2891 allegat)
467 2812 553 2886 Quod
573 2818 671 2875 autem
693 2814 729 2875 de
744 2813 825 2875 Jovis
839 2812 943 2885 Ctesii,
963 2813 1040 2874 idem
1062 2812 1125 2873 siue
1140 2809 1229 2871 dubio
1244 2810 1333 2871 etiam

171 2917 207 2977 de
221 2916 317 2979 Hercii
339 2924 368 2976 et
392 2916 429 2977 da
448 2914 589 2996 Apollinis
605 2915 708 2978 Patriti
727 2915 818 2978 sacris
839 2915 1028 2977 statuendum
1049 2921 1103 2975 est.
1132 2912 1278 2975 Arcobant
1297 2912 1334 2974 ah

170 3019 216 3082 his
237 3018 326 3081 sacris
346 3036 448 3080 servos
467 3026 497 3080 et
518 3026 673 3081 extraneos
689 3016 885 3099 superstitiosi
899 3016 1050 3088 homines,
1073 3016 1124 3097 qni
1138 3015 1332 3096 praesentiam

172 3141 274 3187 eorum
289 3122 346 3185 diis
359 3121 504 3201 ingratam
520 3128 646 3183 essesut
658 3119 936 3184 officeresacrorum
948 3117 1333 3200 efficaciaspossesnspiea-

171 3225 279 3289 bantur
290 3226 352 3304 17),
374 3241 435 3285 uon
457 3223 608 3298 arcebant,
631 3223 681 3304 qni
697 3222 821 3285 liberum
837 3221 873 3284 ah
888 3221 1032 3285 eiusmodi
1046 3219 1254 3301 superstitione
1270 3219 1333 3281 ani·

173 3346 257 3391 mum
271 3326 426 3389 habebant.

258 3428 359 3490 Restat
378 3434 412 3490 nt
433 3428 541 3507 aliquid
562 3427 650 3489 etiam
672 3429 708 3489 de
722 3427 864 3490 vocabulo
877 3421 971 3502 τέλος
985 3427 1151 3499 adiicietur,
1174 3423 1336 3506 quodlicet

174 3530 205 3591 in
219 3530 328 3592 Cratini
348 3531 490 3591 versiculo
512 3530 547 3592 de
567 3531 657 3592 sacris
677 3530 767 3613 accipi
788 3547 849 3590 non
863 3547 951 3611 posse
967 3527 1246 3601 demonstraverim,
1267 3526 1335 3588 alihi

173 3640 274 3696 tamen
293 3649 506 3711 nonuunquam
528 3632 571 3694 sic
594 3640 768 3713 usurpatum
788 3652 804 3693 a
825 3631 972 3693 veteribus
993 3650 1058 3693 esse
1079 3629 1202 3711 quodvis
1219 3628 1336 3692 lexicon

175 3735 270 3798 docet.
301 3734 387 3808 Quod
414 3753 505 3814 quum
533 3741 650 3797 constet
673 3734 761 3796 etiarn
780 3734 862 3795 verbi
881 3730 983 3795 τελεῖν
1004 3727 1144 3795 usumin
1165 3733 1254 3793 sacris
1274 3732 1336 3794 ire·

175 3837 402 3921 quentissimum
418 3855 494 3909 esse,
511 3837 627 3918 dicique
650 3845 678 3899 et
700 3834 743 3898 ττῖ
766 3827 838 3915 ἱερεῖ
860 3832 972 3912 τελεῖν,
995 3830 1056 3909 ταῖς
1078 3827 1202 3908 θυσίας
1222 3829 1336 3911 τελεῖν,

174 3936 217 4003 τὰ
250 3932 349 4021 ὄργια
370 3934 483 4015 τελεῖν,
509 3940 579 4002 hinc
603 3939 707 4021 aliquis
733 3939 808 4001 effici
833 3940 958 4002 sonasse
984 3936 1088 3999 dixerit
1113 3935 1185 3997 nihil
1211 3935 1335 4010 obstare,

176 4044 336 4124 quominus
358 4042 445 4105 etiam
465 4037 508 4102 τὰ
529 4034 604 4125 τέλη
626 4038 730 4102 τελεῖν
749 4042 853 4103 codem
880 4059 970 4103 sensu
984 4038 1075 4119 accipi
1088 4038 1220 4119 potuisse
1235 4037 1336 4101 creda·

178 4162 254 4206 mus.
284 4144 373 4226 Atqui
388 4160 450 4205 nou
464 4143 607 4224 quidquid
622 4143 685 4205 heri
698 4151 811 4227 potest,
833 4150 990 4225 propterea
1004 4141 1093 4204 etiam
1108 4140 1171 4205 lieri
1185 4140 1286 4217 dehet3
1306 4147 1337 4206 et

248 4399 290 4459 16)
309 4400 398 4451 dasch.
411 4401 498 4466 Agunt.
513 4417 537 4453 v.
552 4400 627 4452 10³5.

248 4483 290 4549 ll)
309 4481 346 4534 Ci.
358 4483 467 4537 Lohsck.
480 4486 602 4555 Aglaoph.
614 4503 639 4554 p.
651 4484 701 4538 273
714 4501 767 4555 sqq.
