3284 5152
822 461 973 568 ‚Q

320 671 383 721 esse
399 667 511 739 poscat,
527 670 607 721 nunc
623 650 659 720 ad
674 656 909 739 aequabilitatem
925 659 985 721 duo
999 674 1101 719 versus
1117 652 1368 719 desiderabuntur.
1391 654 1479 716 Recte

317 761 406 841 igitur
419 761 475 824 hos
491 781 592 825 versus
607 762 695 824 ceteri
711 780 826 823 servare
841 758 1102 833 maluerunt,'licet
1116 776 1236 820 sensum
1248 757 1408 819 verborum
1419 774 1479 819 non

319 864 390 926 satis
406 873 485 927 recte
504 865 716 946 perspexerint.
765 865 807 927 he
832 864 965 925 universa
991 862 1110 942 quidem
1136 860 1227 921 totius
1252 858 1309 921 loci
1334 860 1478 921 sententia

317 966 408 1027 errari
423 965 503 1027 nullo
518 967 609 1028 modo
624 965 735 1046 potuit:
752 966 860 1027 chorus
873 966 970 1038 enirn,
991 971 1183 1045 posteaquam
1204 961 1387 1043 iniquitatem
1402 962 1477 1025 iudi·

317 1067 431 1129 ciorum
454 1076 634 1147 conquestus
657 1075 715 1141 est,
737 1087 793 1148 qua
814 1085 909 1149 nuper
928 1066 1122 1146 Thucydides,
1144 1083 1234 1127 senex
1256 1064 1423 1145 decrepitus
1445 1082 1484 1126 ac·

315 1168 400 1248 plane
422 1169 566 1231 invalidus
580 1169 812 1231 adolescentibus
827 1179 857 1231 et
871 1170 968 1250 lingua
983 1169 1127 1249 promptis
1143 1167 1361 1230 acernatoribus
1376 1167 1476 1229 obiso

314 1276 373 1343 tue,
389 1270 489 1350 grandi
504 1271 627 1351 pecunia
643 1271 784 1334 multatus
805 1278 876 1344 crat,
899 1271 1112 1333 occurrendum
1132 1270 1184 1331 tali
1205 1269 1350 1348 iniquitati
1373 1269 1404 1330 in
1421 1288 1476 1349 po·

314 1379 430 1432 storum
442 1372 486 1434 sic
499 1390 563 1434 esse
579 1378 721 1447 autumat,
739 1381 774 1436 ut
788 1375 817 1435 iu
829 1372 1039 1454 persequendis
1050 1372 1146 1433 causis
1158 1370 1282 1452 publicis
1292 1371 1400 1452 aliquid
1414 1370 1475 1433 dis·

315 1472 446 1536 cuminis
467 1473 655 1548 observetur,
676 1471 776 1560 χωρὶς
798 1464 884 1538 εἶναι
906 1473 966 1549 τοὶς
988 1468 1125 1559 γραφάς,
1149 1494 1175 1535 ν.
1197 1474 1269 1547 714,
1298 1481 1329 1535 et
1354 1474 1473 1554 quidem

313 1576 477 1638 secundum
503 1584 638 1651 aetatem,
670 1578 698 1638 h.
724 1598 750 1640 e.
773 1579 816 1661 sic
833 1585 867 1640 ut
893 1586 995 1640 contra
1022 1595 1124 1639 senem
1153 1594 1238 1638 reum
1268 1594 1357 1638 senex
1385 1577 1474 1639 etiam

315 1672 499 1762 συνήγορος,
516 1680 686 1743 adolescens
701 1700 770 1743 vero
787 1686 888 1743 contra
903 1681 1119 1743 adolescentem
1133 1687 1252 1742 tantum
1268 1681 1473 1755 constituatur,

314 1775 408 1858 ὅπως
431 1774 470 1845 dv
491 1770 515 1867 ᾖ
535 1781 582 1867 τῷ
604 1778 732 1866 γέροντι
752 1778 812 1863 μὲν
833 1776 934 1864 γέρων
954 1777 1012 1845 καὶ
1033 1779 1138 1857 νωδὸς
1158 1774 1177 1844 ὁ
1200 1776 1381 1865 ξυνήγορος,
1403 1780 1473 1856 τοῖς

312 1878 421 1947 νέοισι
444 1877 473 1945 d'
495 1877 724 1964 εὐρύπρωκτος
745 1881 803 1947 καὶ
823 1880 924 1959 λάλος
944 1877 992 1962 χαί
1019 1879 1185 1947 Κλεινίου.
1234 1885 1266 1946 ld
1287 1886 1390 1966 utique
1409 1885 1471 1946 lieri

312 1984 433 2047 dehere:
456 1995 587 2049 ceterum
603 1989 675 2049 nihil
690 1989 816 2061 obstare,
833 1988 991 2067 quominus
1011 1988 1087 2049 sicut
1106 1987 1176 2048 olim
1199 1987 1242 2048 sic
1260 1988 1350 2048 etiam
1366 1987 1396 2048 in
1416 2005 1471 2068 po·

311 2095 423 2151 aterum
438 2098 468 2150 et
481 2090 510 2151 in
526 2090 646 2152 exilium
660 2090 765 2170 aliquis
781 2100 890 2171 agatur,
907 2097 937 2152 et
950 2109 1019 2152 reus
1036 2090 1130 2151 factus
1142 2090 1366 2164 condemnetur,
1383 2090 1471 2151 dum·

311 2192 400 2253 modo
416 2210 453 2253 ne
474 2193 557 2254 aliter
579 2212 666 2273 quam
687 2211 776 2255 senex
801 2194 874 2263 seni,
902 2194 1071 2255 adolescens
1096 2191 1273 2254 adolescenti
1299 2192 1469 2254 accusatori.

309 2294 388 2357 llaec
409 2295 489 2356 enim
509 2296 583 2358 mihi
604 2296 749 2358 sententia
769 2306 990 2378 postremorum
1011 2297 1138 2358 duorum
1153 2312 1293 2356 versuum
1308 2313 1374 2357 esse
1388 2294 1473 2356 ride-

309 2403 367 2473 tur,
383 2417 478 2479 neque
494 2400 628 2462 assentiri
644 2400 679 2460 iis
697 2418 829 2480 possum,
852 2400 902 2480 qui
917 2393 1099 2474 ἐξελαύνειν
1119 2397 1191 2459 nihil
1212 2397 1287 2459 aliud
1307 2397 1470 2477 significare

308 2503 473 2575 voluerunt,
491 2521 579 2583 quam
595 2509 646 2565 aut
659 2520 804 2576 vexare,
816 2503 1020 2582 exagitare,
1037 2510 1088 2562 aut
1101 2501 1189 2562 etiam
1204 2501 1235 2562 in
1250 2499 1307 2561 ius
1323 2519 1467 2573 vocare,

309 2622 437 2684 quorum
453 2604 577 2666 alterum
598 2604 771 2677 Ribbeclio,
794 2604 918 2666 alterum
939 2605 973 2664 Α.
988 2604 1108 2666 hlrillero
1123 2601 1242 2683 placuit,
1258 2610 1396 2664 neutrum
1412 2621 1466 2664 au-

308 2713 370 2768 tem
391 2707 480 2768 ullam
501 2726 537 2767 ex
557 2725 613 2768 usu
632 2706 771 2787 loquendi
786 2707 1073 2769 commendationem
1095 2705 1192 2767 hahet.
1237 2705 1277 2766 lle
1293 2704 1379 2766 exilio
1391 2704 1468 2766 irro-

308 2807 404 2886 gando
421 2801 605 2883 ἐξελαύνειν
619 2808 675 2870 dici
690 2809 879 2871 notissimum
901 2817 961 2883 est,
983 2826 1079 2887 neque
1098 2807 1273 2869 mirabimur
1292 2806 1368 2868 exilii
1388 2824 1468 2869 nuuc

307 2909 488 2971 mentionem
503 2909 577 2983 lieri,
594 2927 686 2990 quum
707 2911 743 2971 de
763 2911 931 2991 Thucydide
951 2912 1059 2972 chorus
1074 2910 1158 2983 dieat,
1179 2928 1268 2990 quem
1284 2914 1400 2970 constat
1414 2908 1468 2970 ali-

308 3031 368 3092 quo
394 3018 582 3074 anteactam
608 3011 684 3073 hauc
707 3012 836 3074 fabulam
862 3021 997 3093 tempore
1023 3019 1167 3074 testarum
1186 3011 1323 3091 suffragio
1349 3011 1465 3073 exulare

307 3114 421 3175 iussum
438 3132 513 3175 esse.
557 3112 590 3175 ld
605 3114 722 3195 quando
737 3115 847 3175 iactum
863 3116 976 3176 sitnon
991 3113 1110 3195 quidem
1126 3122 1206 3176 certo
1222 3113 1336 3175 definiri
1357 3120 1465 3194 potest,

307 3234 472 3297 magnaque
487 3224 534 3278 est
548 3217 679 3278 virorum
694 3217 859 3291 doetonrm,
881 3217 932 3297 qui
951 3217 1006 3278 hac
1020 3217 1056 3277 de
1071 3234 1103 3277 re
1118 3216 1333 3296 quaesiverunt,
1349 3216 1466 3278 dissen-

304 3317 349 3380 sio
358 3337 365 3378 :
375 3338 429 3398 ego
438 3336 526 3392 nunc,
537 3320 586 3400 qui
598 3326 756 3381 retractare
769 3319 933 3381 universam
946 3320 1148 3399 quaestionem
1161 3319 1218 3381 hoc
1232 3319 1297 3380 loco
1308 3336 1463 3399 nequeam,

306 3421 364 3483 hoo
379 3428 495 3483 tantum
511 3423 616 3494 diram,
632 3423 722 3483 videri
742 3422 859 3501 quidem
881 3441 968 3504 posse
983 3421 1184 3502 Thucydidem
1204 3438 1265 3483 non
1285 3420 1381 3482 multo
1395 3428 1463 3482 ante

305 3522 382 3586 hanc
405 3524 534 3586 fabulam
561 3533 655 3587 actam
682 3532 815 3605 tempore
841 3525 969 3587 Athenas
994 3542 1163 3596 reversum,
1194 3522 1294 3603 ibique
1326 3541 1396 3584 mox
1426 3522 1463 3584 ab

304 3623 483 3701 adversariis,
500 3627 599 3689 nescio
615 3646 674 3707 quo
690 3627 822 3698 crimine,
838 3647 891 3709 per
906 3619 1112 3709 εἰσαγγελίαν
1126 3626 1156 3687 in
1170 3626 1216 3687 ius
1231 3631 1365 3688 vocatum
1382 3645 1462 3702 esse3

304 3730 449 3792 veriorem
471 3737 570 3791 tamen
590 3728 667 3791 haud
690 3729 777 3792 dubie
797 3749 901 3792 eorum
923 3749 987 3793 esse
1001 3730 1192 3801 sententiam,
1216 3727 1267 3809 qui
1287 3728 1462 3791 ostracismo
1515 3744 1531 3769 '-

306 3850 375 3894 eum
390 3832 450 3894 iam
465 3831 566 3893 multis
582 3840 649 3893 ante
663 3832 761 3905 annis,
782 3832 849 3894 circ.
870 3834 914 3897 Ol.
936 3833 1005 3907 841
1030 3834 1117 3911 (444)
1137 3832 1293 3913 expulsum
1314 3849 1379 3892 esse
1398 3838 1462 3893 sta-

302 3941 432 3997 tuerunt.
481 3934 678 4015 Posteaquam
699 3945 797 3998 autem
819 3935 850 3997 in
869 3936 992 4018 patriam
1018 3953 1152 3998 reversus
1171 3941 1217 3995 est
1234 3968 1278 3979 —
1297 3931 1375 4013 qnod
1400 3950 1461 4013 quo

192 4084 196 4087 Δ
302 4044 438 4117 tempore
453 4038 563 4099 factum
579 4038 618 4101 sit
631 4046 711 4100 certo
727 4037 794 4100 sciri
809 4057 870 4100 non
885 4044 1038 4119 potest-
1053 4037 1133 4100 brevi
1152 4044 1219 4098 ante
1239 4046 1334 4099 actam
1349 4035 1460 4097 hohor·

301 4139 438 4201 nensinm
452 4139 581 4202 fabulam
597 4146 729 4221 tempore
744 4149 896 4204 accusatus
911 4161 927 4204 a
943 4140 1157 4222 Cephisodemo
1177 4139 1331 4220 multaque
1350 4138 1378 4201 ei
1391 4155 1460 4219 gra·

300 4239 420 4304 sissima
431 4241 569 4326 imposita
580 4250 633 4315 est,
650 4261 739 4324 quam
752 4262 843 4324 quum
858 4244 971 4307 solvere
986 4260 1048 4306 non
1062 4250 1163 4325 posset
1176 4259 1280 4304 rursus
1295 4241 1460 4303 inexilium

299 4343 342 4407 ire
358 4350 476 4408 coaetus
492 4345 584 4424 eat).
621 4344 697 4408 Hinc
710 4354 808 4409 autem
823 4346 886 4410 lieri
901 4347 948 4409 vir
962 4345 1067 4428 potnit,
1084 4345 1154 4428 quin
1170 4344 1295 4419 Chorus,
1316 4344 1458 4407 condem-

300 4446 500 4459 m.-

367 4482 393 4548 6)
411 4480 494 4534 Etiam
505 4480 588 4535 Arist.
605 4482 681 4549 Vesp.
698 4499 723 4535 v.
743 4484 792 4537 947
805 4484 836 4536 ad
848 4484 912 4537 hano
924 4482 1080 4553 Thucydidis
1092 4482 1322 4535 condemnationem
1337 4482 1458 4547 pertinet,

299 4564 345 4619 uhi
356 4566 436 4619 schol.
448 4569 558 4622 verbum
570 4565 693 4640 φεύγων,
710 4587 759 4640 quo
775 4571 838 4624 nihil
854 4570 905 4624 aial
916 4576 1002 4623 reaten
1015 4570 1180 4636 annuatur,
1192 4583 1324 4637 perperam
1335 4568 1367 4621 de
1378 4565 1458 4619 exilio
