3154 5138
326 1489 643 1586 colluuntur)
657 1493 722 1583 lll.
738 1491 801 1584 Ab
824 1488 1055 1583 CICERONIS
1068 1488 1152 1579 ΗΒ.
1165 1486 1225 1578 llll
1238 1484 1339 1577 llll.
1355 1480 1475 1576 ulcu.

294 1810 309 1859 3
418 1781 500 1872 (luae
515 1798 545 1858 in
560 1797 657 1877 primo
672 1796 746 1858 libro
761 1796 910 1857 Ciceronis
926 1796 962 1858 de
977 1804 1079 1857 natura
1096 1796 1218 1856 deorum
1240 1800 1292 1855 aut
1306 1786 1477 1853 emendanda

327 1898 413 1960 nobis
440 1907 490 1961 aut
508 1900 680 1962 vindicanda
701 1899 877 1972 viderentur,
903 1897 1015 1960 duabus
1045 1895 1250 1978 superioribus
1277 1889 1478 1973 scriptionibus

327 2001 499 2062 academicis
513 2002 683 2083 persequuti
701 2020 813 2063 sumus.
858 2000 932 2075 lam,
954 2008 986 2062 ut
999 2008 1184 2081 praestemus
1200 1998 1284 2077 quod
1300 1993 1417 2076 polliciti
1432 2010 1477 2052 su·

325 2121 403 2176 mus,
419 2102 454 2164 ad
469 2102 574 2164 bbrum
590 2103 753 2164 secundum
766 2102 985 2184 progredimur,
1001 2102 1032 2163 in
1051 2121 1109 2182 quo
1125 2100 1245 2182 quidem
1266 2099 1413 2179 aliquanto
1428 2092 1478 2155 nri·

326 2222 382 2267 uus
398 2224 504 2285 operae
519 2204 725 2266 insumendum
741 2206 807 2279 erit,
823 2224 913 2284 quum
925 2213 953 2266 et
963 2205 1117 2285 pauciores
1130 2202 1292 2265 etleriores
1304 2201 1477 2278 huiusquam

324 2308 412 2387 primi
432 2307 497 2369 libri
516 2307 697 2387 corruptelae
717 2308 784 2369 sint.
801 2342 842 2352 —
856 2307 899 2369 bc
917 2306 1016 2369 statim
1036 2306 1155 2387 quidem
1174 2304 1262 2367 initio
1279 2323 1343 2385 cap.
1359 2301 1380 2377 l,
1395 2300 1422 2373 2,
1435 2296 1479 2359 ubi

324 2410 396 2472 baec
410 2417 456 2471 est
469 2409 611 2472 librorum
628 2409 760 2472 omnium
775 2409 875 2471 lectio:
891 2408 1022 2470 Eundem
1032 2409 1161 2489 equidem
1171 2407 1295 2470 mollem
1307 2406 1409 2468 audire
1420 2401 1479 2463 Cot·

326 2522 400 2586 tom,
420 2513 489 2573 dom
508 2530 566 2592 quo
591 2511 752 2592 eloquentia
777 2511 870 2592 salsos
896 2512 963 2573 deos
988 2510 1116 2584 ontulit,
1135 2511 1239 2572 eadere
1254 2527 1343 2571 veros
1356 2507 1481 2568 inducat:

326 2613 496 2675 lleindorsro
518 2632 573 2694 pro
592 2613 711 2676 mollem
729 2613 828 2694 utique
847 2614 949 2676 mdim
969 2613 1190 2675 rescribendum
1211 2631 1283 2674 esse
1297 2609 1422 2679 ridetur,
1437 2615 1479 2667 ut·

325 2723 395 2795 pote
410 2716 440 2777 in
455 2735 502 2790 re,
518 2734 591 2795 quae
603 2715 664 2776 fieri
680 2723 765 2795 queat
784 2724 813 2776 ct
832 2733 919 2794 quam
939 2718 1007 2780 uelit
1021 2716 1127 2779 Balbus
1148 2716 1223 2777 fieri.
1270 2714 1362 2794 Atqui
1376 2717 1483 2793 poterat

325 2829 424 2881 tamen
435 2818 557 2894 Balbus,
573 2818 706 2898 quamvis
718 2826 748 2878 et
761 2825 865 2897 posset
879 2839 928 2882 res
944 2821 1021 2894 ficri,
1042 2829 1071 2882 et
1085 2819 1169 2882 vellet
1183 2820 1251 2900 ipse
1266 2836 1334 2881 cam
1349 2813 1426 2888 lieri,
1439 2809 1480 2872 ui·

322 2920 381 2982 bilo
408 2922 507 2983 minus
533 2922 608 2983 banc
632 2939 716 2983 suam
743 2921 919 2984 voluntatem
945 2922 985 2984 ita
1014 2922 1192 3001 significare,
1223 2930 1259 2983 ut
1287 2917 1377 2981 simul
1402 2915 1482 2977 etiam

323 3022 499 3096 ostenderet,
515 3041 576 3083 non
588 3031 719 3102 perstare
734 3042 766 3084 se
781 3022 812 3084 in
827 3043 869 3096 ea,
886 3023 938 3085 scd
953 3024 1114 3086 concedere
1129 3022 1330 3096 auditoribus,
1345 3038 1421 3101 quos
1436 3015 1482 3078 ali·

323 3132 368 3185 ter
382 3125 451 3186 velle
466 3124 649 3204 intelligeret:
666 3125 693 3185 id
710 3125 788 3204 quod
805 3124 886 3198 lacit,
902 3144 992 3205 quum
1008 3124 1155 3205 praeteriti
1175 3124 1371 3187 coniunctivo
1386 3121 1482 3183 utitur:

321 3226 448 3300 mollem,
467 3226 578 3287 scilicet
595 3230 692 3306 siper
709 3243 763 3286 oos
780 3225 886 3288 liceret.
930 3225 972 3288 Cl.
993 3226 1087 3288 lland.
1108 3226 1144 3287 ad
1170 3226 1343 3307 Wopkens.
1364 3243 1394 3305 p.
1415 3219 1482 3283 aba.

321 3363 364 3373 —
379 3328 470 3408 Magis
490 3336 587 3391 autem
613 3327 759 3389 ollendcrc
779 3327 906 3407 aliquem
931 3330 1041 3409 possit,
1063 3328 1142 3409 quod
1163 3329 1270 3391 statim
1291 3326 1483 3405 subiungitur.

322 3432 392 3493 dum
411 3430 542 3504 inducat,
561 3428 724 3510 praesentis
745 3430 887 3509 temporis
907 3430 1120 3493 coniunctivus.
1165 3429 1295 3493 Videtur
1317 3428 1397 3491 enim
1414 3426 1485 3489 idem

322 3533 352 3593 in
367 3539 491 3611 utroque
506 3531 639 3593 membro
655 3540 772 3612 tempus
787 3533 989 3612 usurpandum
1005 3533 1110 3595 luisse:
1125 3531 1266 3606 mollem,
1283 3533 1357 3595 dum
1371 3530 1484 3592 troduct-

321 3645 379 3705 ret,
394 3641 443 3696 aut
454 3633 555 3696 etiam:
566 3634 676 3707 dodim,
693 3635 762 3696 dum
776 3636 904 3699 abducat.
947 3635 1005 3698 Sed
1025 3637 1112 3699 talem
1131 3636 1163 3698 iu
1182 3643 1365 3718 temporum
1385 3649 1485 3696 conse

321 3737 461 3817 quutione
477 3735 702 3798 concinnitatem
722 3754 784 3797 non
799 3756 919 3818 semper
932 3737 1068 3817 religiose
1088 3737 1242 3801 observari
1263 3739 1312 3800 vel
1328 3737 1379 3800 ills
1393 3751 1485 3797 erem·

319 3839 367 3918 pla
380 3838 533 3901 ostendere
547 3848 683 3918 possunt,
700 3858 772 3918 quae
787 3839 817 3901 in
832 3839 1020 3902 annotatione
1035 3841 1070 3903 ad
1086 3840 1166 3903 bunc
1179 3841 1289 3904 locum
1305 3837 1424 3903 anobis
1438 3834 1486 3897 ad·

320 3941 429 4022 scripta
444 3948 525 4013 sunt,
540 3941 576 4002 de
590 3940 675 4002 Finn.
691 3941 713 4014 l,
731 3942 758 4016 7,
774 3941 814 4003 25
831 3950 860 4004 et
876 3942 993 4004 Tuscul.
1014 3945 1040 4017 1,
1058 3945 1106 4017 15,
1127 3942 1168 4006 60
1188 3942 1223 4005 in
1240 3943 1356 4024 quibus
1373 3939 1484 4022 quidem

319 4060 393 4122 quac
408 4061 495 4104 causa
510 4041 747 4104 inconcinnitatis
762 4044 857 4117 luerit,
874 4052 1014 4107 attentum
1030 4046 1170 4109 lectorem
1182 4047 1293 4126 lugere
1307 4063 1372 4109 non
1383 4048 1485 4125 potest

319 4143 428 4205 Nostro
449 4152 545 4206 autem
565 4144 630 4205 loco
650 4143 772 4219 balbus,
786 4153 979 4226 posteaquam
998 4165 1060 4210 nou
1080 4156 1213 4228 perstare
1234 4167 1272 4211 se
1292 4147 1328 4210 in
1343 4147 1485 4208 voluntate

318 4265 370 4307 sna
387 4245 565 4325 significarit,
580 4245 648 4306 ilud
664 4253 769 4319 tamen
784 4246 863 4326 quod
879 4247 966 4310 simul
983 4258 1141 4329 optaverat,
1155 4258 1188 4313 ut
1204 4250 1298 4314 Cotta
1313 4268 1403 4312 veros
1418 4247 1484 4308 deos

318 4347 482 4420 induceret,
498 4347 629 4427 quamvis
645 4346 1328 4432 conditionalisquaedaminterutramquerem
1345 4346 1482 4416 concedo

316 4449 455 4530 particula
472 4449 549 4524 dum,
564 4449 593 4512 b.
609 4469 634 4512 e.
650 4450 814 4525 dummodo,
829 4450 988 4526 indicetur,
1007 4470 1068 4515 non
1090 4472 1165 4535 opus
1179 4453 1320 4519 habebat
1333 4473 1389 4537 per
1401 4469 1481 4535 pree
