3276 5144
217 1278 533 1389 QUlllSTlONUll
567 1277 967 1374 calumniemini
997 1277 1143 1374 carni
1172 1282 1201 1372 l.
1264 1281 1324 1372 1111

215 1419 495 1515 Plancium
536 1419 932 1656 Qlldcalyjlfflplvpl
963 1420 1323 1516 sicliniensibus

182 1793 349 1875 Particulae
370 1810 519 1874 encliticac
537 1811 611 1886 Qvn
631 1811 662 1874 in
682 1828 819 1874 smmono
840 1809 930 1874 latino
950 1828 1024 1873 usus
1044 1811 1163 1892 qnidam
1179 1812 1265 1893 longe
1280 1813 1342 1875 frc-

184 1914 404 1995 qnentissimus,
430 1898 602 1994 significatio
624 1920 724 1978 autem
744 1922 807 1978 mm
827 1913 904 1976 saria
923 1921 954 1977 et
973 1913 1126 1995 multiplex
1147 1922 1202 1989 est,
1228 1923 1342 1978 utnon

184 2033 361 2097 magnopere
376 2016 543 2078 mirandum
558 2018 607 2092 sit,
622 2019 649 2080 si
662 2018 709 2080 cui
723 2017 800 2095 forte
814 2034 876 2078 non
889 2035 949 2079 una
963 2017 1015 2078 sed
1027 2016 1125 2097 plures
1136 2036 1223 2080 voces
1234 2018 1344 2079 homo-

183 2119 300 2200 pbonae
319 2118 412 2182 luisse
432 2118 595 2194 videantur,
618 2138 693 2182 sono
707 2124 824 2181 tantum
838 2137 932 2201 pares,
952 2125 1058 2181 natura
1071 2126 1171 2182 autem
1186 2127 1217 2182 et
1231 2121 1342 2202 origine

184 2221 323 2284 msersae.
358 2222 396 2283 Et
416 2229 528 2283 veteres
548 2221 667 2303 quidem
686 2219 870 2301 grammatici
889 2220 920 2281 in
939 2219 1085 2283 eiusmodi
1104 2221 1286 2302 compositis,
1312 2222 1344 2282 in

183 2324 289 2405 quibua
304 2325 346 2386 sis
358 2324 515 2405 particulae
526 2341 587 2385 non
603 2323 776 2404 copulativa,
786 2323 839 2384 sed
854 2321 908 2383 alia
923 2322 1077 2402 quaepiam
1093 2323 1248 2386 obscurior
1261 2329 1291 2385 et
1305 2324 1342 2386 ad

182 2427 386 2507 explicandum
407 2425 552 2489 difficilior
571 2433 632 2499 est,
658 2426 738 2487 velut
757 2424 949 2504 inubique,
971 2424 1146 2505 undique,
1170 2414 1341 2508 uterque,

182 2531 327 2611 utique,
354 2528 492 2610 absque
511 2528 633 2608 aliisque
653 2526 796 2590 similibus
816 2526 890 2588 nihil
911 2526 989 2588 aliud
1008 2526 1070 2589 iere
1090 2545 1157 2609 que
1172 2548 1237 2591 csse
1259 2529 1343 2592 aiunt

183 2650 272 2714 quam
288 2632 454 2714 syllabicam
469 2631 616 2713 epectasin
630 2633 676 2693 vel
690 2631 923 2693 additamentum
937 2630 1186 2711 paragogieamq,
1211 2631 1243 2693 in
1258 2632 1341 2695 cuius

182 2734 326 2815 originem
334 2742 366 2797 et
373 2735 530 2816 genuinam
539 2734 783 2815 significationem
799 2731 934 2794 subtilius
949 2732 1148 2812 inquirerem
1163 2735 1260 2796 conati
1274 2735 1342 2816 qu-

183 2836 251 2899 dem
271 2856 336 2900 essa
356 2838 502 2901 videntur.
532 2837 638 2899 Nostra
659 2844 756 2899 autem
771 2842 876 2909 aetate,
896 2842 1054 2916 postquam
1069 2835 1261 2917 etymologiae
1275 2845 1341 2900 stu·

253 3006 277 3071 1)
295 3005 420 3059 Priscian.
431 3007 464 3071 V,
477 3007 508 3058 65
526 3022 550 3073 p.
564 3005 613 3057 182
625 3005 721 3071 Horta,
737 3006 768 3056 de
784 3012 917 3072 ntesqne
932 3011 958 3056 et
969 3003 1118 3072 plerique
1134 3004 1253 3072 loquens:
1271 3005 1341 3071 „ni-

184 3091 231 3142 bil
252 3092 340 3143 alind
361 3100 409 3144 est
428 3092 459 3143 in
475 3093 523 3144 bia
540 3091 717 3143 nominibus
734 3107 791 3158 que
806 3091 872 3142 nisi
888 3088 1049 3159 syllabica
1064 3091 1240 3158 epectasis,
1261 3106 1340 3158 qno·

182 3177 269 3229 modo
287 3194 320 3229 ea
335 3179 364 3228 ia
382 3179 562 3245 quibusdam
577 3177 814 3245 pronominibus
827 3184 858 3228 et
870 3176 1046 3240 adverbiis,
1063 3183 1096 3227 nt
1111 3177 1209 3241 bisce,
1232 3176 1339 3242 bosca,

181 3264 296 3316 illica.“
319 3262 354 3316 ld.
374 3263 445 3329 XlV,
467 3265 483 3316 3
504 3280 528 3331 p.
541 3263 582 3331 25,
603 3265 634 3315 de
654 3263 782 3330 ubique,
807 3262 1005 3329 pleramque,
1026 3262 1173 3329 undique,
1194 3268 1338 3329 uterque:

182 3365 368 3416 „possumus
385 3350 575 3401 additionem
593 3351 691 3415 magis
708 3347 758 3400 sel
771 3345 1245 3415 derivationemqueayllabae,
1262 3362 1339 3413 qno·

181 3436 268 3486 modo
286 3435 342 3499 [in]
355 3433 717 3502 ceqnoqaeaoletiieri,
734 3432 1019 3499 iaetamaccipere,
1039 3433 1339 3499 qnamconinnctio·

183 3534 247 3570 nem
272 3535 356 3584 csse,
382 3537 448 3571 cum
475 3535 531 3572 nec
552 3518 833 3584 significationem
854 3534 938 3569 auam
959 3518 1195 3569 coniunctionis
1215 3526 1340 3583 servat,

182 3620 240 3655 nec
261 3606 358 3669 legem
376 3604 603 3657 inclinationis
621 3606 651 3656 in
668 3605 823 3657 omnibns:
839 3603 988 3670 undique,
1006 3605 1123 3670 ntique.
1148 3603 1339 3656 Des-iratist

182 3698 284 3742 antem
296 3706 351 3758 per
364 3690 554 3743 additionem
570 3689 682 3744 finalia
699 3690 836 3742 alicuius
852 3689 999 3756 syllabae
1015 3690 1093 3757 apud
1107 3687 1248 3741 Graecos
1264 3706 1340 3757 qno·

182 3792 240 3845 qne
252 3776 359 3828 solent
373 3775 528 3842 inveniri,
545 3783 578 3828 ut
591 3769 958 3845 οὔρανόςούρανόθεν,
974 3768 1032 3833 ἔξω
1050 3769 1189 3837 ἔξωθεν,
1202 3768 1340 3839 Ἀθῆναι

183 3855 381 3929 Ἀθήνηθεν·
404 3859 451 3910 sic
471 3859 576 3923 igitur
595 3862 670 3911 astes·
690 3862 835 3925 uterque,
856 3858 940 3911 sanda
959 3858 1115 3926 undique,
1134 3859 1258 3927 plerum
1272 3860 1339 3929 ple-

182 3962 324 4013 rumque,
341 3947 411 4011 qnia
427 3946 575 4010 quisque,
593 3948 703 3995 utrum
718 3947 894 4011 astrumque.
919 3943 1009 3997 Nibil
1026 3947 1134 3997 anirum
1151 3953 1255 3997 tamen
1267 3962 1340 3997 aon·

182 4031 360 4086 iunctionia
380 4028 516 4082 similam
539 4028 694 4098 syllabam
709 4045 766 4095 qua
781 4030 865 4092 addi,
887 4045 953 4082 enan
972 4032 1049 4099 apud
1063 4030 1339 4100 Graecosqnoqne

182 4118 223 4172 δέ
241 4120 272 4171 in
294 4119 422 4170 eandem
439 4118 555 4168 modam
572 4116 602 4167 in
618 4114 683 4168 line
699 4116 828 4167 additur
844 4118 1205 4169 nectamenconinnctio
1218 4118 1339 4184 accipi·

181 4213 247 4269 tur,
267 4210 300 4254 nt
321 4196 379 4255 tce
399 4200 501 4256 τοῦδε
522 4200 633 4270 τῷδε.“
661 4200 731 4267 Quod
753 4203 784 4252 de
804 4202 862 4267 lega
881 4201 1050 4254 inclinationis
1067 4203 1104 4253 ait
1120 4219 1169 4253 noa
1186 4203 1211 4254 in
1225 4203 1339 4255 omnibns

182 4298 299 4355 servata,
316 4290 346 4341 ad
363 4297 571 4359 proparoxytona
586 4288 715 4356 pertinere
731 4294 844 4354 apparat,
860 4287 996 4355 dequibus
1013 4287 1090 4339 etiam
1100 4288 1132 4353 V,
1145 4288 1179 4339 64
1190 4304 1214 4355 p.
1228 4287 1286 4354 181,
1298 4288 1340 4352 20,

182 4384 209 4428 et
225 4377 251 4427 in
267 4374 334 4427 libro
351 4376 382 4426 de
398 4376 545 4429 accentibus
561 4391 585 4441 p.
597 4373 645 4426 521
664 4373 709 4438 in,
725 4372 768 4424 ubi
784 4369 870 4441 itique
887 4374 921 4439 (b.
933 4388 956 4426 e.
969 4372 1065 4438 etita)
1082 4372 1159 4427 aliter
1169 4382 1244 4442 atque
1255 4371 1339 4442 itaque

182 4462 216 4529 (b.
229 4478 251 4514 a.
264 4453 382 4527 igitar)
393 4463 552 4531 pronuntiari
563 4468 657 4514 monet.
