3154 5138
652 496 713 561 305

101 684 186 747 biles
198 694 307 766 atque
322 686 476 747 incultas
487 685 658 759 videmus,
674 683 766 766 quod
780 702 864 765 pars
876 682 1155 766 earumappulsu
1167 680 1259 747 solis

100 788 291 863 exarserit,
314 807 398 869 pars
425 787 625 867 obriguerit
642 786 721 848 nive
739 786 936 871 pruinaque
955 788 1152 869 longinquo
1172 788 1260 850 solis

100 891 291 953 abscessu:
310 910 411 971 quae,
425 890 456 952 si
470 891 624 953 muudus
640 898 694 952 est
709 891 810 966 deus,
826 892 991 972 quoniam
1005 899 1124 973 partes
1140 890 1262 953 mundi

100 1001 196 1068 suut,
223 994 280 1055 dei
307 994 461 1056 membra
485 994 613 1075 partim
634 993 796 1057 ardentia
822 994 949 1075 partim
975 995 1185 1075 refrigerata
1206 993 1261 1056 di·

101 1097 209 1159 conda
224 1104 316 1158 sunt
332 1131 375 1142 -
389 1095 510 1159 Beierus
525 1098 561 1159 ad
576 1095 607 1158 C.
622 1097 658 1158 de
672 1096 729 1158 Oli.
744 1098 810 1171 t‚5‚
825 1096 863 1158 15
878 1097 950 1159 haec
964 1097 1049 1160 rerba
1064 1098 1094 1159 si
1109 1098 1261 1160 mundus

99 1212 149 1261 est
165 1199 256 1261 deus
270 1198 337 1261 looo
353 1218 408 1261 suo
423 1208 502 1262 mota
517 1218 584 1262 csse
598 1209 709 1273 censet,
729 1201 779 1280 qui
799 1200 928 1264 fueritin
943 1202 1039 1282 prima
1053 1202 1150 1264 statim
1166 1219 1260 1264 enun-

99 1301 230 1375 tiatione,
252 1310 319 1364 ante
333 1303 419 1365 baec:
438 1302 604 1383 quoniam
625 1320 708 1383 pars
726 1302 844 1365 muudi
860 1312 923 1366 est.
964 1304 1000 1366 Et
1014 1312 1175 1386 potuemnt
1189 1324 1261 1368 saue

99 1403 133 1466 ibi
147 1405 198 1467 illa
209 1404 300 1467 uerba
314 1413 392 1468 mete
405 1404 487 1486 poni,
502 1404 610 1467 rectius
622 1406 718 1478 etiam,
735 1423 823 1485 mam
838 1406 896 1468 boc
910 1406 984 1482 loco,
998 1406 1049 1469 ubi
1064 1426 1143 1470 nunc
1156 1407 1259 1488 legun·

98 1516 157 1568 tur:
174 1516 340 1587 potueruut
353 1516 451 1570 autem
463 1508 549 1571 etiam
565 1507 704 1588 siepuui:
720 1525 808 1588 quae
822 1508 988 1588 quoniam
1004 1518 1125 1590 partes
1140 1509 1261 1572 mundi

99 1618 195 1683 runt,
215 1609 247 1672 si
262 1612 414 1674 mundus
429 1619 483 1673 est
497 1612 594 1685 deus,
614 1610 669 1674 dei
684 1609 837 1673 membra
851 1619 929 1687 etc:
948 1631 1097 1692 quumque
1112 1612 1172 1687 illa,
1188 1630 1261 1693 quae

99 1712 202 1774 Beiero
218 1713 338 1793 placuit,
354 1713 545 1795 transpositio
562 1713 687 1793 aliquam
701 1712 911 1792 probabilitatis
926 1715 1054 1796 speciem
1068 1714 1175 1777 habeat
1187 1733 1260 1795 pro·

99 1824 161 1895 pter
173 1814 272 1877 simile
282 1816 436 1897 utriusque
446 1816 570 1879 membri
586 1815 710 1888 initium,
727 1814 892 1895 quoniam
908 1836 991 1897 pars
1003 1816 1125 1880 mundi
1139 1823 1209 1891 est,
1224 1824 1261 1892 et,

100 1918 269 1999 quoniam
284 1926 404 1998 partes
416 1918 536 1980 mundi
552 1925 648 1990 sunt,
664 1926 760 1979 tamen
776 1918 822 1980 illa
833 1918 1262 1981 alteraleniorlortasserideri

98 2028 198 2100 potest
217 2027 343 2100 propter
358 2020 500 2082 maiorem
520 2020 576 2081 loci
599 2019 855 2101 propinquitatem.
895 2021 995 2103 Neque
1017 2039 1084 2084 raro
1110 2029 1259 2102 peceatum

101 2143 165 2185 esse
179 2122 355 2185 huiusmodi
369 2121 525 2184 verborum
539 2122 822 2202 transpositionibus
838 2142 928 2204 quum
948 2124 1014 2186 alibi
1029 2131 1092 2185 tum
1107 2124 1138 2185 in
1152 2125 1261 2188 borum

101 2224 246 2287 librorum
262 2224 411 2287 codicibus
426 2224 570 2299 videmus,
589 2224 665 2285 velut
683 2224 756 2287 inira
773 2245 797 2287 c.
814 2225 864 2301 32,
881 2226 930 2301 89,
948 2226 997 2287 ubi
1016 2225 1102 2288 verba
1124 2225 1205 2305 quid
1221 2228 1260 2303 (v.

103 2330 220 2409 qul)⁰)
242 2336 357 2390 autem
373 2335 428 2389 est
440 2327 533 2390 istuc
546 2325 742 2406 gradatim?
768 2347 843 2410 quas
857 2328 886 2389 in
902 2328 1040 2391 omnibus
1055 2326 1204 2390 codicibus
1218 2328 1261 2389 le·

103 2440 211 2510 guntin
225 2440 298 2512 post
312 2431 396 2492 baec:
416 2430 498 2511 quid
514 2447 604 2510 opus
620 2438 696 2492 erat
709 2438 744 2492 te
759 2430 929 2511 gradatim
945 2433 1038 2494 istuc
1051 2427 1262 2512 perveniret

103 2552 118 2595 a
131 2532 348 2597 recentioribus
363 2532 536 2606 editoribus,
551 2531 704 2594 Facciolati
717 2532 844 2605 monitu,
863 2540 942 2595 recte
956 2534 1094 2596 eodocata
1109 2541 1179 2596 suut
1192 2541 1263 2614 post

102 2636 202 2699 rerba:
223 2635 445 2716 sumpsisses
465 2643 525 2697 tuo
545 2634 630 2696 iure.
668 2633 1007 2717 tumlt‚54‚134pro
1027 2655 1072 2709 eo,
1093 2636 1172 2717 quod
1188 2635 1263 2697 scri·

102 2749 186 2819 ptum
202 2747 264 2800 est:
283 2737 449 2799 dentibus
469 2745 583 2800 autem
604 2737 638 2799 in
654 2756 715 2799 ore
729 2738 950 2801 constructis
964 2738 1146 2800 manditur
1160 2745 1263 2818 atque

104 2842 143 2903 ab
161 2842 219 2903 bis
244 2848 458 2903 extenuatur
476 2849 510 2902 et
528 2840 675 2903 molitur
694 2839 807 2913 cibus,
833 2840 904 2901 milri
924 2857 984 2901 non
1004 2837 1122 2901 dubium
1143 2840 1264 2914 videtin,

105 2944 175 3024 quin
190 2943 381 3006 scribendm
397 2943 448 3005 sit:
467 2943 647 3005 manditur
661 2942 701 3004 ab
716 2942 771 3004 his
787 2950 892 3022 atque
907 2951 1115 3004 extenuatur
1129 2949 1191 3004 eto.
1207 2963 1264 3016 -3

103 3063 141 3108 ne
154 3047 191 3108 de
205 3045 271 3107 aliis
284 3044 358 3107 loris
372 3045 476 3120 dicam,
491 3045 541 3107 ulai
557 3045 672 3109 codices
688 3043 745 3125 ipsi
760 3044 859 3106 eadem
875 3045 961 3106 rerba
976 3045 1022 3107 alii
1034 3045 1116 3107 aliter
1126 3043 1265 3107 collocata

105 3148 220 3210 babent
262 3146 322 3209 Sed
342 3146 495 3210 innostro
516 3155 614 3210 umen
633 3149 699 3209 loco
720 3146 905 3227 supersederi
924 3148 1153 3228 transpositione
1174 3164 1265 3227 posse

106 3251 240 3323 arbitror,
256 3268 349 3331 quum
363 3258 477 3331 reputo,
493 3250 522 3312 in
539 3249 672 3312 familiari
688 3267 834 3323 sermone,
850 3250 942 3330 qualis
958 3258 1003 3312 est
1016 3250 1046 3311 in
1062 3250 1108 3312 his
1122 3250 1220 3326 libris,
1235 3258 1265 3311 et

106 3352 136 3413 in
150 3372 182 3414 ea
197 3352 347 3415 scrihermi
361 3352 559 3426 festinatione,
580 3371 667 3433 quam
682 3351 735 3414 alia
751 3371 867 3432 quoque
881 3352 1011 3433 exempla
1025 3362 1071 3414 sat
1084 3354 1175 3415 multa
1189 3371 1262 3434 pro·
1283 3368 1314 3420 tt

108 3454 187 3529 dunt,
199 3472 266 3517 uon
281 3453 446 3516 incredibile
460 3474 540 3529 esse,
554 3465 588 3517 ut
601 3455 703 3517 Cicero
717 3455 781 3535 ipse
796 3455 842 3517 illa
857 3455 942 3517 verba
957 3455 1056 3517 minus
1071 3464 1204 3517 accurate
1218 3455 1265 3517 iu-

109 3557 243 3631 seruerit,
269 3575 344 3636 quae
363 3557 480 3620 tolerari
499 3565 576 3619 certe
595 3557 681 3619 etiam
701 3557 771 3632 boc,
799 3556 847 3619 uhi
867 3574 947 3620 nunc
965 3565 1072 3633 extant,
1089 3557 1155 3619 loco
1174 3575 1266 3637 posse

110 3674 195 3720 nemo
209 3658 291 3722 lacile
304 3658 428 3739 negabit

191 3761 367 3843 Captus.
389 3762 502 3843 Atque
516 3762 753 3842 haecquidem
764 3771 895 3835 restra,
910 3762 1037 3825 Lucili:
1053 3762 1168 3842 qualia
1182 3780 1264 3825 vero

113 3861 195 3937 sint,
219 3863 261 3926 ab
286 3863 414 3925 ultimo
439 3873 597 3946 repetam
618 3867 853 3946 superiorum.
889 3863 956 3925 Non
975 3863 1067 3944 qualia
1086 3863 1265 3940 Stoicorum,

114 3964 164 4024 sed
176 3966 270 4045 qualia
285 3973 448 4028 umerorum
464 3967 710 4048 pbilosophorum
726 3966 831 4047 placita
846 3966 918 4041 sint,
937 3965 1061 4028 Velleius
1077 3967 1266 4048 expositurus

120 4074 170 4128 est:
184 4069 385 4150 quamobrem,
399 4088 438 4131 ne
453 4071 631 4133 contrarium
647 4071 756 4134 diceret
770 4071 846 4145 eius,
865 4068 945 4151 quod
959 4068 1075 4133 volebat
1089 4079 1118 4132 et
1132 4070 1265 4145 debebat,

180 4240 218 4304 12)
236 4236 299 4307 Qui
316 4239 340 4289 b.
359 4239 376 4289 l.
391 4238 485 4291 rectius
502 4254 575 4307 quam
591 4239 663 4306 qnid
675 4239 765 4304 scribi,
781 4255 830 4289 noa
851 4239 952 4290 dubium
968 4239 1077 4293 videtur.
1120 4239 1266 4291 Permutatur

120 4318 173 4373 hec
184 4333 240 4376 sunt
251 4325 327 4377 etiarn
339 4322 373 4391 ll,
386 4322 415 4384 2,
429 4325 444 4374 5
458 4323 499 4374 ubi
517 4320 567 4392 qul
581 4324 748 4393 reponendum
765 4340 823 4375 csse
840 4324 1023 4378 intellexeruut
1033 4326 1167 4378 Lambinus
1179 4331 1206 4374 et
1218 4322 1268 4372 lla·

24 4410 27 4463 l
120 4406 190 4460 vuius
200 4449 208 4475 ‚
220 4417 247 4462 et
259 4409 294 4475 ll,
309 4406 355 4474 13,
368 4407 401 4459 38
406 4448 414 4475 ,
425 4409 467 4459 ubi
479 4404 532 4475 qni
543 4416 584 4460 est
596 4410 620 4460 iu
633 4412 687 4462 cod.
703 4411 782 4463 Rebd.
798 4411 837 4463 Cl.
853 4419 880 4462 et
892 4410 1002 4474 Madvig.
1020 4411 1112 4481 (iprae.
1130 4408 1160 4461 ll.
1173 4424 1196 4476 p.
1209 4405 1267 4456 265.

26 4532 27 4543 2
120 4489 367 4561 tuptstvmtn.
380 4510 404 4562 p.
417 4492 476 4545 225.

1024 4578 1065 4640 20
