3222 5148
654 468 807 574 ..ul-

149 682 330 747 quamquam
345 664 403 726 boc
418 663 537 745 quidem
548 663 614 725 loco
625 663 698 724 nihil
710 663 815 737 obstat,
830 664 989 744 quominus
1005 681 1158 744 cumque
1173 658 1208 724 ad
1224 678 1310 745 prae-

148 769 256 830 cedens
276 768 432 831 relativum
452 786 546 848 quae
565 768 712 848 pertinere
733 767 860 840 dicatur,
881 785 939 847 qua
959 767 1046 828 tmesi
1069 765 1142 828 nibil
1156 766 1234 847 apud
1249 764 1312 829 Lu·

147 869 271 933 cratium
288 871 419 950 aliosque
434 870 618 950 frequentius
633 880 689 933 est.
719 870 821 932 Restat
835 887 913 931 unus
927 870 1010 931 locus
1025 869 1061 941 ll,
1080 868 1156 931 113:

249 974 529 1055 Contemplator
548 973 643 1035 enim
664 990 772 1052 quum
792 972 884 1034 solis
904 972 1042 1034 lumina
1057 989 1211 1052 cumque

248 1076 381 1138 inserti
403 1075 566 1137 fundunt
587 1076 680 1138 radii
700 1094 765 1159 per
788 1092 899 1158 opaca
921 1075 1124 1144 domorum,

248 1180 364 1241 multa
386 1179 528 1241 minuta
550 1180 665 1243 modis
688 1180 817 1243 multis
839 1176 1034 1259 perinane
1055 1173 1198 1237 videbis

250 1300 402 1363 corpora
423 1282 583 1345 misceri.

147 1384 179 1446 in
191 1383 273 1476 cuius
285 1403 371 1446 versu
383 1385 479 1466 primo
495 1404 649 1466 cumque
664 1386 768 1467 aliquis
779 1404 833 1470 pro
845 1380 1043 1463 aliquando
1055 1380 1166 1444 dietum
1178 1380 1309 1463 accipiat.

149 1487 207 1548 Sed
229 1505 321 1568 quum
341 1489 496 1570 praecedat
515 1506 643 1568 quum,
669 1489 839 1552 adverbium
860 1486 1022 1566 temporale
1042 1485 1212 1559 relativum,
1232 1483 1311 1546 idem

147 1589 209 1652 fere
225 1592 304 1671 quod
321 1591 466 1671 quaudo
482 1592 663 1671 significans,
680 1593 781 1673 quidni
797 1592 951 1655 credamus
966 1587 1152 1659 Lucretium,
1167 1588 1311 1667 quemad-

147 1692 272 1781 modum
285 1694 606 1773 quando-cumque
621 1696 903 1777 etum-eumque
916 1690 1023 1753 dicitur
1033 1689 1076 1751 sic
1086 1689 1176 1751 etiam
1186 1708 1312 1770 quum·

149 1813 302 1875 eumque
327 1795 422 1857 dicere
438 1793 594 1876 potuisse?
627 1798 676 1860 Sic
694 1798 856 1861 Lambinus
876 1794 992 1867 statuit,
1013 1811 1069 1855 nee
1089 1791 1312 1854 Lachmannum

148 1896 233 1958 aliter
247 1897 390 1959 iudicasse
406 1897 597 1979 arbitror.1⁴)
620 1900 723 1982 ltaque
735 1902 869 1982 exempla
880 1896 1039 1981 particulae
1050 1912 1206 1975 cumque
1221 1894 1312 1959 solius

149 1998 289 2079 nulloque
309 2000 485 2079 pronomine
505 2009 556 2063 aut
579 2003 775 2083 pronominali
795 2002 915 2065 relativo
936 1998 1129 2080 praecedente
1154 2005 1311 2078 usurpatae

151 2103 251 2165 omnia
266 2110 381 2165 remota
396 2112 480 2164 suut:
507 2112 637 2167 ceterum
658 2105 811 2168 latendum
831 2113 932 2168 tamen
951 2119 1078 2172 causam,
1098 2100 1209 2162 aurita
1223 2119 1313 2164 usur·

150 2206 215 2288 pari
239 2206 414 2287 nequiverit,
440 2207 633 2268 necesmriam
660 2208 793 2289 exputari
818 2208 865 2270 rix
890 2224 992 2291 posse,
1021 2221 1113 2284 quum
1140 2205 1313 2283 praesertim

91 2308 94 2314 ’
152 2310 376 2390 quandoque
401 2327 461 2371 non
487 2329 553 2372 raro
579 2310 701 2385 dicatur,
727 2330 783 2374 nec
801 2330 872 2375 sane
897 2313 1026 2376 multum
1046 2313 1125 2374 inter
1150 2327 1257 2391 quum
1284 2315 1313 2369 et

152 2412 297 2493 quando
320 2412 441 2475 dillerat.
471 2413 548 2475 Nihil
569 2414 657 2496 igitur
677 2416 732 2477 nisi
753 2434 841 2478 usum
863 2417 1004 2496 loquendi
1024 2414 1150 2477 vetuisse
1171 2413 1313 2486 dicemus,

151 2532 189 2576 ne
215 2534 398 2595 quumque
424 2517 513 2580 etiam
538 2520 581 2581 sic
605 2522 702 2582 solum
728 2526 932 2602 usurparetur.
970 2518 1049 2581 ldem
1065 2524 1165 2579 autem
1179 2514 1313 2578 ususlo·

152 2617 261 2697 quendi
286 2618 401 2680 induxit
425 2621 527 2693 etiam,
553 2632 588 2683 ut
613 2642 764 2705 cumque
787 2621 914 2685 relativis
935 2621 1068 2684 additum
1088 2622 1262 2703 plerumque
1282 2618 1313 2679 in

150 2718 310 2781 bimembri
324 2728 440 2781 tanturn
456 2726 659 2788 enuntiatione
673 2732 877 2808 usurparetur,
897 2727 949 2789 ubi
964 2726 995 2788 in
1010 2724 1102 2785 altero
1117 2722 1253 2784 membro
1269 2721 1314 2783 rel

151 2821 283 2903 positum
298 2822 342 2882 vel
357 2821 591 2889 subaudiendum
607 2837 686 2892 esset
701 2830 819 2911 aliquid,
840 2847 899 2912 quo
913 2828 1067 2892 relativum
1083 2834 1238 2907 spectaret,
1263 2824 1313 2886 ubi

150 2942 221 2986 raro
237 2924 315 2986 nulla
330 2935 409 2987 esset
423 2927 568 2992 eiusmodi
582 2938 728 2994 structura
744 2933 925 3005 bimembris,
946 2932 986 2993 ibi
1002 2948 1062 2992 non
1085 2947 1242 3011 cumque
1260 2928 1314 2990 scd

152 3047 222 3109 que
238 3027 393 3102 diceretur,
416 3033 586 3110 pronomini
602 3053 662 3096 non
676 3033 796 3097 relativo
811 3035 863 3096 sed
878 3034 1030 3096 indefinito
1041 3034 1187 3096 iunctum.
1219 3031 1315 3094 llinus

149 3142 253 3198 tamen
267 3140 437 3195 constanter
448 3135 527 3197 bunc
538 3155 624 3198 usum
639 3136 786 3199 observari
797 3137 945 3199 videmus:
961 3154 1030 3198 nam
1046 3139 1267 3220 quicumque
1282 3155 1316 3200 ac

149 3238 256 3301 similia
270 3255 348 3308 raro,
364 3236 441 3318 apud
456 3240 634 3302 recentiores
650 3242 833 3322 praesertim,
849 3249 1031 3321 usurpantur
1042 3243 1130 3304 etiam
1141 3241 1193 3304 ubi
1204 3241 1316 3304 nullam

150 3342 278 3404 duorum
294 3341 497 3403 membrorum
512 3343 723 3406 connexionem
738 3344 894 3417 efficiunl‚¹
905 3344 935 3422 ⁵)
949 3352 979 3404 et
990 3363 1214 3427 nonnumquam
1225 3344 1316 3406 etiam

151 3445 327 3527 quisque,
348 3445 488 3528 ubique
509 3465 543 3508 ac
565 3447 763 3508 similiaidern
780 3447 859 3528 quod
882 3448 1120 3529 quicumque,
1142 3447 1316 3510 ubicum-

151 3566 220 3629 que
235 3549 341 3623 valent‚
356 3548 386 3609 h.
399 3569 424 3610 c.
441 3549 529 3611 etiam
542 3549 736 3612 connectendi
748 3549 949 3612 membrorum
963 3549 1022 3610 vim
1033 3556 1185 3630 tamquam
1197 3548 1316 3611 relativa

151 3655 298 3712 exercent.

238 3751 424 3814 lndelinitam
442 3754 601 3833 particulae
617 3775 682 3837 que
698 3755 939 3836 significationem
953 3754 984 3817 iu
1000 3753 1104 3817 ceteris
1121 3751 1315 3832 compositio·

151 3855 241 3918 nibus
257 3854 422 3935 singillatim
438 3856 641 3920 demonstrare
661 3877 723 3921 non
739 3860 841 3941 placet,
862 3877 901 3921 ne
917 3858 981 3939 quis
995 3877 1045 3919 me
1060 3856 1091 3918 in
1105 3875 1137 3918 re
1153 3853 1316 3917 indubitata

151 3959 336 4040 minimeque
358 3956 482 4019 obscura
502 3969 619 4047 praetep
638 3963 843 4027 necessitatem
864 3962 1001 4025 sedulum
1015 3980 1082 4025 esse
1097 3966 1208 4042 arguat.
1240 3958 1316 4021 Sunt

223 4218 264 4281 lll
282 4215 320 4270 cl.
333 4216 409 4270 etiam
422 4215 491 4268 Mar.
504 4217 617 4269 Schmidt
628 4217 659 4269 ‹le
671 4233 785 4282 pronon.
799 4235 824 4284 p.
839 4220 885 4271 101
901 4227 928 4271 et
938 4218 1083 4270 Doederlin.
1098 4217 1194 4286 Syuon.
1209 4217 1218 4268 l
1234 4231 1258 4280 p.
1274 4214 1315 4278 lu,

150 4303 307 4369 quiquidem
320 4319 350 4354 ne
363 4305 393 4355 da
406 4302 539 4355 Horatiaoi
551 4303 649 4367 quidem
662 4301 712 4355 loci
722 4304 832 4356 lectione
845 4305 969 4356 dubitant.

223 4389 263 4454 15)
281 4387 321 4441 dl.
333 4389 429 4441 linunt.
447 4390 478 4442 ael
491 4389 543 4441 Cic.
561 4404 601 4454 cp.
618 4390 649 4440 ad
667 4386 725 4439 iarn.
738 4388 767 4453 ll,
786 4388 826 4440 19.
850 4385 979 4439 Heindorf.
992 4388 1024 4439 ad
1035 4388 1123 4440 Horat.
1137 4387 1191 4439 Sat.
1204 4384 1223 4453 l,
1236 4387 1261 4452 9,
1273 4385 1315 4438 al.

150 4472 255 4526 Walclr.
269 4481 296 4524 ct
306 4471 389 4526 Kritz.
401 4476 432 4526 ad
445 4474 505 4528 Tae.
519 4473 605 4541 agrae.
618 4492 640 4527 e.
652 4474 693 4527 30.
712 4472 898 4527 Weissenborn
910 4471 956 4525 Gr.
968 4472 1013 4526 lat.
1026 4473 1043 4540 ξ
1054 4473 1105 4525 400
1117 4479 1169 4524 not.
1183 4472 1207 4525 l.

211 4557 258 4620 lv.
1074 4556 1114 4615 19
