3276 5144
792 474 942 575 23}—

285 651 473 741 ἐπίσταμαι
499 663 593 744 iisque
619 662 771 739 omnibus,
798 683 872 746 quae
893 663 1090 727 accusativum
1112 683 1179 727 eum
1204 664 1346 727 infinitivo
1373 665 1449 728 asei-

285 771 386 838 sount3
402 764 506 827 deinde
522 783 559 828 ne
575 766 708 828 adverbia
723 768 842 848 quidem
866 768 964 830 omnia
981 766 1118 829 omnibus
1134 767 1229 829 verbis
1244 767 1371 848 adiungi,
1398 768 1449 831 sed

285 866 472 940 istratum,
501 886 627 947 quorum
655 869 858 948 significationi
883 869 1067 932 conveniant.
1096 868 1200 931 Restat
1220 869 1309 949 igitur
1329 871 1450 933 tertium

285 978 509 1049 argumentum:
536 988 597 1032 non
623 971 803 1034 intercedere
829 991 1034 1054 personarum,
1060 990 1264 1047 numerorum,
1291 974 1450 1035 modorum

285 1071 443 1145 defectum,
460 1091 518 1152 quo
535 1073 634 1136 minus
649 1074 809 1137 infinitivus
824 1077 979 1155 proverbe
993 1076 1151 1138 habeatur:
1167 1093 1235 1137 nana
1251 1076 1298 1137 illa
1313 1093 1375 1137 non
1388 1077 1450 1157 ipsa

285 1179 388 1235 natura
414 1193 482 1237 oum
498 1176 593 1237 verbis
619 1178 783 1239 necessario
799 1178 964 1251 coniuncta,
990 1178 1041 1239 sed
1062 1178 1222 1240 accessoria
1242 1186 1358 1240 tantum
1374 1198 1449 1252 esse,

284 1276 434 1358 propriam
450 1284 548 1338 autem
562 1285 592 1339 et
606 1278 762 1357 genuinam
779 1281 859 1341 verbi
876 1281 932 1342 vim
949 1288 979 1341 et
993 1289 1128 1342 naturam
1151 1281 1181 1342 in
1197 1298 1233 1342 eo
1249 1288 1394 1357 constare,
1415 1288 1450 1342 ut

285 1380 465 1460 significetur
478 1381 554 1442 actio
569 1389 620 1442 aut
634 1381 732 1462 passio
749 1386 922 1464 (utrumque
937 1383 1016 1444 enirn
1032 1376 1229 1463 πράγματος
1239 1383 1360 1446 nomine
1372 1382 1450 1445 indi·

286 1484 392 1557 τοῖαι)
419 1501 486 1544 oum
502 1483 643 1564 temporis
663 1485 987 1565 arlsignilieatione³¹lt
1013 1485 1087 1546 baec
1106 1492 1204 1546 autem
1224 1502 1285 1546 non
1306 1485 1404 1547 minus
1420 1485 1450 1546 in

285 1586 434 1659 infinitivo,
444 1606 510 1648 esse
527 1604 615 1666 quarn
630 1586 660 1646 in
675 1587 763 1649 verbo
777 1589 870 1661 linito,
885 1593 1022 1667 recteque
1035 1587 1157 1668 proinde
1168 1587 1346 1649 infinitivum
1360 1606 1450 1667 gene-

285 1690 345 1752 rale
360 1689 481 1751 verbum
503 1683 554 1763 (sd
578 1682 792 1768 γενικώτατον
815 1690 915 1772 ῥῆμα)
941 1697 971 1752 et
986 1690 1068 1770 quasi
1090 1680 1194 1768 ’ὄνομα
1216 1683 1412 1772 πράγματος
1425 1709 1449 1752 s.

286 1804 396 1854 nomen
422 1791 547 1852 aetionis
573 1790 617 1852 vel
642 1791 788 1870 passionis
815 1792 871 1853 diei
896 1811 993 1875 posse.
1034 1793 1162 1873 Apparet
1188 1792 1276 1872 igitur
1301 1792 1450 1855 cardinem

286 1892 466 1974 quaestionis
481 1893 513 1953 in
527 1892 607 1954 verbi
622 1894 742 1955 notione
759 1894 923 1956 delinienda
935 1894 1018 1967 verti,
1034 1913 1122 1974 quam
1135 1894 1160 1955 si
1172 1901 1250 1955 reete
1262 1895 1299 1955 ab
1311 1894 1452 1976 Appollo-

246 1992 250 1997 ’
286 1996 336 2057 nio
357 1994 507 2057 definitam
529 2002 593 2057 ess'e
608 1996 806 2067 comoediarum
827 2003 907 2058 recte
928 1997 1016 2057 etiam
1031 1997 1175 2058 refutatos
1191 1996 1372 2059 adversarios
1387 2016 1451 2060 esse

287 2097 455 2161 fatebimur.
485 2096 571 2175 btqni
587 2097 663 2159 hane
678 2097 769 2178 ipsam
787 2099 986 2160 definitionem
1002 2097 1128 2159 dubitari
1142 2115 1203 2159 non
1217 2104 1317 2179 potest
1329 2099 1400 2180 quin
1412 2098 1451 2161 illi

287 2221 386 2265 reram
412 2221 477 2263 esse
498 2201 675 2281 negaverint,
699 2202 907 2283 propriamque
922 2201 1002 2263 verbi
1023 2201 1081 2262 vim
1104 2209 1133 2262 et
1147 2208 1282 2263 naturam
1297 2202 1373 2263 bano
1387 2219 1451 2263 esse

356 2423 400 2489 st)
418 2421 456 2474 Gi.
467 2422 552 2489 Apoll.
569 2423 600 2474 de
612 2431 709 2474 constr.
721 2421 740 2487 l,
754 2423 770 2473 8
783 2438 806 2487 p.
820 2422 864 2473 32:
883 2416 1002 2491 δυνάμει
1016 2417 1083 2474 αὐτὸ
1097 2418 1129 2473 τὸ
1142 2421 1217 2494 ῥῆμα
1230 2416 1294 2475 οὔτε
1306 2417 1451 2489 πρόσωπα

288 2506 449 2578 ἐπιδέχεται
468 2505 531 2561 οὔτε
544 2502 671 2577 ἀριθμοί
675 2523 695 2572 ς,
708 2501 766 2559 ἀλλ’
780 2503 967 2577 ἐγγενόμενον
978 2506 1009 2560 έν
1021 2504 1189 2576 προσώποις
1200 2504 1262 2561 τότε
1274 2509 1319 2559 καὶ
1331 2504 1364 2560 τὰ
1379 2504 1451 2578 πρό·

291 2608 375 2647 σαπα
388 2594 539 2647 ereneus
550 2620 593 2644 —.
614 2593 765 2661 προῦπτον
776 2590 807 2644 dl
819 2585 864 2643 ὅτι
877 2588 943 2645 eddi
958 2589 1080 2660 ψυχικὴν
1092 2591 1233 2646 διάθεσιν.
1255 2593 1294 2661 111,
1310 2595 1340 2645 ts
1353 2609 1378 2659 p.
1387 2596 1452 2646 aad:

289 2679 367 2732 ἴδιον
381 2678 507 2751 ῥήματός
521 2680 599 2733 ἔστιν
617 2678 647 2732 έν
664 2675 751 2734 ἰδίοις
761 2683 1043 2748 μετασχηματισμοῖς
1054 2676 1196 2750 διάφορος
1204 2676 1308 2748 χρόνος
1320 2676 1453 2737 deridente

293 2782 322 2818 τε
335 2760 351 2829 ἢ
365 2763 525 2834 ένεργητιιιὴ
540 2760 555 2831 ἢ
569 2759 710 2827 παθητικὴ
723 2756 739 2828 ἢ
753 2758 793 2814 ἔτι
804 2764 887 2830 μέση,
900 2748 939 2817 ὧν
951 2760 1066 2817 πάντων
1077 2764 1210 2830 μετέλαβε
1222 2762 1253 2815 τὸ
1265 2760 1451 2833 γενικώτατον

290 2849 375 2920 ῥῆμα,
398 2851 469 2919 λέγω
489 2848 521 2902 τι)
543 2846 767 2921 ἄπαρέμιγαιον·
788 2843 850 2900 ἐπεὶ
873 2850 997 2921 εἴπερτῇ
1010 2844 1093 2918 φύσει
1107 2842 1370 2920 ἦν’ἆπαρέμαατον,
1390 2852 1453 2907 παῖς

291 2932 360 2989 αὐτὰ
380 2937 587 3006 παρεμφαίνεις
606 2934 737 2984 Postrema
755 2934 832 2985 verbe
849 2934 965 2999 liggerus
978 2935 1107 2999 (Apellen.
1121 2934 1198 3002 lipsa.
1211 2933 1293 2986 Paris.
1307 2934 1382 3001 1854)
1395 2951 1409 2985 a
1422 2952 1450 2987 se

291 3038 340 3074 non
361 3022 472 3087 intelligi
491 3019 597 3083 fatetur,
620 3020 724 3086 ideoque
745 3021 896 3083 corrigenda
913 3028 994 3085 putat.
1018 3020 1138 3087 Equidem
1150 3018 1279 3085 Apollonii
1292 3022 1451 3083 sententian,

293 3107 427 3159 obsenrius
440 3121 500 3158 sane
511 3118 667 3171 expressam,
685 3105 723 3156 sie
735 3105 954 3172 eireamloquendo
967 3103 1097 3170 explanari
1109 3106 1201 3156 debere
1213 3107 1303 3158 oredo:
1320 3122 1392 3159 nemo
1404 3108 1451 3158 mi·

291 3193 344 3244 rari
360 3191 447 3253 debet,
468 3190 631 3255 infinitivum,
652 3189 722 3245 euius
741 3207 848 3242 nomen
866 3206 962 3243 omnam
979 3194 1166 3259 παρέμιριισιν
1178 3189 1312 3242 excludere
1324 3192 1451 3255 videatur,

291 3279 352 3330 baee
369 3284 452 3328 tamen
468 3291 531 3344 quae
548 3277 602 3328 dixi
621 3276 653 3339 (b.
667 3290 689 3329 e.
703 3286 818 3342 tempora
830 3284 856 3328 et
868 3275 1011 3342 desideum)
1024 3277 1198 3343 adsignificare
1213 3277 1450 3346 (παρεμφαίνειν).

295 3378 374 3429 neque
394 3362 461 3413 euim
483 3369 573 3413 natura
592 3378 636 3414 sua
652 3358 755 3432 (φύσει)
769 3377 874 3427 prorsus
887 3363 1008 3430 planeque
1020 3363 1086 3414 omni
1099 3358 1283 3432 παρεμφάστι
1296 3379 1384 3415 carere
1395 3372 1455 3429 pot·

292 3454 345 3498 est:
357 3462 413 3497 nam
425 3446 472 3497 boe
484 3448 506 3498 si
519 3455 597 3511 esset,
609 3449 653 3514 qni
666 3455 753 3513 posset
765 3447 808 3499 ille
820 3448 1017 3513 adsignificare?
1029 3476 1063 3486 -
1079 3447 1197 3499 Ceterum
1209 3463 1241 3498 ex
1254 3450 1298 3509 iia,
1317 3464 1379 3514 qnae
1391 3449 1455 3514 apud

291 3531 449 3585 Maerobimn
461 3530 478 3583 1.
491 3533 508 3584 l.
521 3532 640 3599 legimus:
653 3534 715 3600 „sed
728 3533 768 3585 illi
781 3534 822 3600 qui
834 3534 895 3584 talin
908 3532 939 3584 de
951 3533 1049 3585 iodnito
1063 3541 1160 3598 putant,
1176 3534 1223 3584 bae
1235 3535 1344 3585 maxime
1356 3534 1456 3585 ratione

292 3621 438 3683 sinuantur,
459 3621 524 3686 quod
546 3622 572 3671 in
592 3613 715 3672 adverbio
735 3627 875 3685 temporum
896 3619 1093 3684 signifieatleaea
1115 3636 1163 3671 oon
1180 3620 1211 3670 de
1222 3621 1334 3671 eiusdem
1346 3620 1402 3671 soal
1414 3619 1453 3670 in·

293 3707 400 3758 flexione
413 3715 557 3771 naseuntur,
571 3706 615 3757 sed
627 3713 655 3756 ut
664 3713 777 3770 tempora
787 3711 917 3756 mutantur
926 3712 952 3755 et
961 3720 1045 3771 voees,
1057 3706 1116 3768 νῦν,
1128 3705 1226 3770 πάλαι,
1240 3701 1366 3773 ὕστερον,
1378 3721 1452 3756 nunes

293 3801 380 3857 antea,
393 3786 532 3857 postomia
546 3790 643 3842 indaito
656 3798 739 3842 autem
753 3806 803 3842 vox
817 3791 903 3841 eadem
915 3788 1041 3854 paululum
1055 3794 1120 3842 doxa
1133 3799 1230 3856 tempus
1243 3792 1367 3855 immutat,
1386 3786 1457 3861 ypsi·

294 3893 368 3948 φειν,
388 3877 570 3947 γεγραφέναι,
590 3872 725 3946 γράψειν,
745 3876 873 3940 seribere,
893 3876 1039 3940 scripsisse,
1051 3878 1175 3942 seriptum
1188 3877 1254 3928 ire.“
1278 3878 1362 3928 exbis
1375 3877 1455 3943 igitar

295 3971 401 4028 apparet
422 3963 495 4027 illos,
516 3969 606 4015 eontra
629 3978 691 4030 quos
709 3963 860 4027 disputetur,
881 3963 1022 4013 sententiae
1039 3978 1100 4014 suae
1112 3963 1219 4014 tuendae
1231 3976 1308 4014 musa
1320 3964 1395 4015 etiam
1407 3962 1455 4014 bue

294 4049 399 4112 dixisse,
412 4064 459 4099 non
472 4048 575 4100 obstare
587 4057 727 4114 temporum
740 4048 965 4112 signifieatlonem‚
981 4064 1029 4115 qno
1041 4049 1123 4100 minus
1134 4048 1276 4101 inlaturus
1289 4048 1315 4099 ia
1328 4048 1456 4099 adverbiis

294 4138 484 4186 numeraretur:
498 4149 553 4184 nam
567 4134 686 4185 adverbia
699 4149 795 4200 quoqne
805 4141 902 4198 tempus
915 4133 1067 4197 significare.
1091 4136 1140 4186 Sed
1153 4135 1184 4186 de
1196 4134 1356 4186 basiliarum
1367 4132 1454 4184 dolen·

295 4221 367 4271 sione
380 4219 441 4270 nibil
452 4226 510 4270 ante
522 4235 536 4269 a
550 4218 680 4270 blaorobio
693 4219 786 4269 dietum
796 4226 845 4283 est,
856 4219 921 4273 unde
931 4221 1101 4288 consequitur,
1113 4227 1158 4271 aut
1167 4234 1284 4286 perquam
1295 4218 1452 4284 negligenter

295 4304 451 4357 Macrobiom
466 4304 672 4355 adversariorum
684 4304 807 4361 rationem
819 4304 960 4371 retulisse‚'
969 4314 1014 4358 aut
1025 4306 1152 4357 exoidisse
1165 4305 1260 4372 aliquid
1272 4319 1303 4355 ex
1316 4304 1370 4355 eius
1383 4302 1451 4355 rela-

295 4391 374 4442 tione.
399 4389 480 4456 lpsom
501 4396 585 4442 antem
606 4389 775 4442 delenslonern
796 4391 890 4442 merito
911 4392 1038 4456 repulsam
1059 4406 1117 4442 esse
1133 4406 1182 4441 noa
1198 4397 1239 4441 eet
1254 4389 1318 4456 qood
1330 4403 1453 4439 moneam.

302 4475 361 4527 Vid.
374 4491 443 4541 supr.
455 4491 479 4540 p.
492 4475 551 4526 224.
