3154 5138
705 423 768 488 295

154 614 198 677 ait
241 612 351 677 Restat
363 621 463 677 mutan
477 630 535 676 uua
551 614 674 677 otlensio
688 614 720 677 in
730 613 825 677 verbis
841 614 875 677 id
890 621 944 676 ast
957 615 1191 697 principium,
1207 617 1314 699 quibus

155 735 210 798 qua
227 717 346 779 rationo
364 717 468 780 Cicero
483 717 551 779 illud
574 716 710 793 alterum,
731 735 884 792 oausam,
908 716 1092 798 interpretari
1116 720 1239 783 voluerit
1264 731 1314 784 aut

154 819 295 901 potuerit,
321 838 384 882 non
409 819 491 883 laeile
515 819 685 901 perspicias.
728 820 827 901 Neque
847 819 927 881 enim
946 818 1069 883 obscura
1091 821 1182 884 videri
1200 831 1315 903 poterat

154 921 243 983 huius
257 920 340 983 verbi
354 921 536 1003 significatio,
550 930 583 984 ut
598 922 663 1002 quis
679 941 743 984 eam
759 922 812 984 sibi
824 922 986 984 accuratius
997 922 1132 1004 explicari
1143 926 1313 1004 postularet,

153 1042 250 1106 neque
262 1043 365 1086 rerum
380 1031 435 1099 est,
445 1024 524 1086 idem
534 1042 600 1086 esse
613 1024 828 1105 principium
844 1031 930 1104 atquo
945 1041 1095 1088 causam.
1122 1024 1195 1088 Nam
1211 1027 1313 1107 prin·

153 1126 287 1207 cipinm
305 1125 372 1188 licet
389 1143 603 1208 nonnunquam
622 1126 709 1188 etiam
731 1144 836 1188 causa
856 1124 913 1188 dici
932 1126 1043 1206 poscit,
1069 1128 1189 1209 propria
1215 1137 1312 1192 tamon

152 1231 216 1292 eius
238 1229 413 1310 significatio
433 1228 486 1290 alia
506 1235 564 1304 est,
584 1237 712 1310 suntque
730 1247 874 1310 persaepe
892 1245 992 1290 rerum
1012 1229 1155 1310 principia
1174 1250 1189 1292 a
1216 1233 1312 1294 causis

151 1349 263 1413 magno
279 1349 371 1412 opere
384 1330 506 1393 divmsa.
536 1330 690 1394 Absonum
705 1341 768 1395 erat
781 1340 877 1395 autem
888 1331 1109 1412 interpretando
1121 1333 1148 1394 ei
1162 1334 1313 1409 vocabulo,

151 1434 188 1496 rle
202 1434 292 1496 cuim
307 1433 518 1514 significatione
532 1432 657 1496 dubitari
672 1451 733 1495 non
748 1442 864 1515 posset,
879 1432 1000 1496 altarum
1015 1434 1151 1497 adbibere
1165 1435 1312 1516 significa·

151 1536 244 1598 tionis
262 1535 350 1598 latius
369 1535 496 1617 potentio
515 1543 602 1617 atque
622 1536 725 1598 ranae.
765 1536 812 1611 ld,
827 1535 949 1616 opinor,
965 1537 1125 1600 sentientes
1140 1538 1312 1619 Wyttenba-

150 1638 238 1701 rhius
252 1645 283 1700 et
298 1637 484 1700 lloiudorfius
498 1637 553 1699 ista
568 1638 621 1700 tria
636 1638 723 1700 verba
738 1657 793 1719 pro
809 1639 918 1720 spuriis
934 1637 1108 1715 habuerunt,
1122 1657 1218 1720 neque
1228 1640 1312 1704 Wol-

149 1741 222 1816 lius,
245 1758 338 1821 quum
358 1739 553 1821 patrocinium
573 1759 676 1803 eornm
697 1741 873 1822 susciperet,
894 1742 1079 1822 caprenciis,
1100 1760 1175 1823 quae
1189 1742 1259 1804 satis
1274 1744 1310 1805 ad

148 1843 392 1925 pmsuadcudum
406 1842 524 1905 valeant
567 1842 747 1924 Expressum
770 1844 847 1906 onim
867 1863 884 1906 a
901 1842 1041 1906 Cicerone
1060 1843 1128 1905 illud
1153 1863 1219 1907 esse
1244 1845 1312 1917 vult

149 1946 232 2026 quod
255 1963 359 2025 graeco
384 1944 497 2007 dicatur
522 1936 615 2007 ulcio
636 1939 693 2007 καὶ
717 1936 798 2031 ἀρχῆ
822 1946 883 2008 sive
907 1936 988 2030 ἀρχῆ
1011 1937 1180 2032 αἱτιώδης.
1225 1948 1311 2028 Atqui

148 2040 248 2113 uitio
269 2041 329 2110 καὶ
350 2037 433 2133 ἀρχῆ
456 2066 547 2129 quum
566 2046 684 2123 dicim,
703 2049 879 2130 copulantur
898 2050 973 2112 dnae
993 2049 1130 2111 notiones
1146 2051 1204 2124 sic,
1222 2060 1256 2113 ut
1280 2052 1311 2114 in

148 2171 240 2217 unam
260 2159 387 2231 utraque
401 2170 465 2214 rem
482 2151 598 2223 cadero,
618 2168 679 2213 non
698 2159 794 2213 autem
815 2159 848 2214 ut
863 2151 984 2214 alterurn
999 2150 1171 2214 vocabulum
1187 2154 1310 2215 eandem

148 2274 218 2319 cum
237 2255 333 2318 altero
352 2253 503 2316 notionem
522 2253 629 2315 babere
647 2253 772 2329 dicatur,
787 2253 1036 2334 quemadmodum
1049 2254 1142 2324 tieret,
1159 2254 1183 2315 si
1199 2254 1310 2316 dicore·

147 2368 198 2421 tur
212 2348 312 2420 αἰτία
330 2347 431 2442 ἤγουν
453 2347 551 2441 cippi:
572 2374 662 2437 quum
682 2362 778 2419 autem
801 2345 883 2441 ἀρχὴ
907 2347 1068 2442 circulor
1089 2356 1204 2430 dicitur,
1227 2357 1310 2437 prius

147 2460 338 2533 vocabulum,
352 2458 432 2541 qnod
446 2458 558 2521 latioris
572 2458 791 2539 significationis
806 2466 865 2532 est,
880 2457 980 2521 addito
995 2459 1136 2521 adiectivo
1151 2451 1310 2545 αἱτιώδης

147 2563 292 2627 definitur
311 2570 341 2624 et
357 2562 394 2624 ad
413 2569 526 2625 certam
546 2560 739 2641 significatum
759 2569 924 2635 revocatur,
944 2561 1024 2641 quod
1043 2562 1074 2622 iu
1092 2561 1204 2642 uolgata
1231 2563 1310 2643 apud

148 2667 325 2730 Ciceronem
339 2663 465 2728 lectione
480 2672 581 2726 contra
595 2681 661 2725 esse
676 2663 818 2726 molemus.
849 2660 960 2725 'lamen
976 2664 1055 2743 quod
1072 2664 1309 2744 wyttenbachius

147 2770 320 2849 suspicatus
334 2775 389 2838 est,
405 2767 490 2829 verba
505 2768 561 2828 ista
574 2766 703 2846 glossam
718 2765 942 2840 oeconomiam,
961 2765 1011 2846 qni
1030 2782 1170 2828 canaam
1184 2776 1246 2828 non
1261 2766 1309 2827 in·

148 2872 301 2953 belligeret,
315 2889 421 2951 parum
436 2867 572 2931 credibile
586 2876 640 2929 est.
685 2866 856 2929 Credibilius
871 2868 994 2944 videtur,
1009 2888 1026 2931 a
1041 2868 1166 2931 librariis
1181 2878 1307 2933 erratum

146 2993 228 3037 ease:
244 2973 331 3035 carius
347 2970 455 3035 erroris
470 2971 611 3052 originem
627 2970 699 3034 satis
713 2970 904 3052 probabiliter
915 2972 1110 3035 demonstrari
1122 2990 1214 3052 posse
1225 2962 1306 3052 puto.

148 3077 319 3158 Scripserat
329 3072 444 3136 Cicero:
457 3082 493 3135 ut
507 3092 634 3154 magno
650 3080 858 3153 argumento
874 3073 908 3136 id
920 3093 999 3137 esse
1013 3074 1151 3149 debeat,
1166 3093 1307 3138 oausam

147 3177 418 3260 etprincipium
437 3176 692 3257 philosophiae
707 3194 789 3238 esse
809 3175 1052 3251 inscientiam
1072 3177 1123 3239 sed
1144 3194 1309 3257 pronomen

146 3282 181 3345 iol
196 3302 214 3345 a
231 3278 469 3342 decumbentibus
486 3278 640 3353 obtusum,
654 3286 725 3360 post
735 3279 765 3340 in
777 3278 908 3359 margine
919 3280 1109 3361 adscriptum,
1121 3278 1158 3341 ab
1168 3279 1310 3342 aliiamox

145 3384 243 3446 aheno
262 3382 331 3444 loco
351 3389 418 3444 anto
437 3389 471 3444 ct
491 3381 635 3444 insertum
650 3388 704 3456 est,
718 3398 778 3461 qno
794 3381 869 3443 lacto
892 3400 980 3462 qoam
994 3381 1124 3463 proclive
1144 3381 1232 3444 luerit
1252 3400 1308 3462 pro

147 3486 182 3548 io
208 3494 243 3548 et
268 3483 415 3565 corrigere
440 3484 561 3559 idest,
583 3483 732 3546 neminem
756 3482 877 3564 hugit⁴).
913 3484 1115 3547 Necessarium
1131 3491 1227 3547 autom
1242 3502 1309 3546 esse

148 3604 320 3669 pronomen
335 3586 383 3662 id,
405 3587 432 3649 si
445 3587 555 3669 legatur
568 3586 708 3661 debeat,
727 3586 806 3668 quod
821 3585 938 3649 codices
951 3592 1069 3668 practer
1081 3602 1189 3661 unum,
1203 3586 1234 3648 in
1249 3602 1307 3667 quo

148 3700 194 3753 est
206 3690 359 3764 debent,
378 3707 484 3751 omnes
503 3697 635 3761 tuentur,
654 3697 732 3751 recte
751 3688 808 3750 iam
828 3688 981 3752 Ernestinc
1000 3687 1146 3751 intellexit
1162 3720 1203 3735 -
1219 3688 1307 3751 Cau·

149 3811 221 3855 sam
236 3800 272 3855 et
285 3790 506 3872 principium
524 3790 624 3854 Cicero
640 3791 804 3865 coniunxit,
824 3810 883 3873 qno
904 3800 1061 3874 utrumque
1077 3790 1265 3872 significaret,
1280 3800 1309 3855 ct

217 3999 244 4062 4)
263 3996 462 4066 Tranpouanolo
481 3996 627 4065 pronomine
648 3995 773 4048 urantur
793 3995 928 4048 estotim
948 3995 1019 4047 locus
1039 3995 1071 4048 de
1086 3994 1165 4060 lm.
1179 3996 1249 4062 1‚4,
1263 3995 1308 4047 12:

154 4083 349 4151 quamobrem
361 4097 449 4150 quum
461 4080 835 4150 placebitexperienolum
851 4080 913 4131 tibi
925 4095 1049 4132 censeo.
1084 4079 1119 4131 ll.
1135 4079 1179 4143 lo,
1197 4081 1224 4132 si
1236 4081 1307 4147 qni·

153 4170 228 4233 len,
245 4168 376 4236 Quinte,
394 4168 511 4219 nullum
528 4167 657 4218 arretio
674 4165 866 4233 experiendo
882 4166 1063 4232 perieulum.
1099 4166 1193 4217 Scrib:
1211 4180 1307 4232 expo·

153 4255 288 4307 rieudnn
301 4254 332 4305 id
344 4253 403 4305 tibi
415 4268 537 4304 censeo.
573 4251 607 4303 ll.
621 4251 653 4303 Si
665 4250 784 4318 quidam
797 4255 855 4301 cte
867 4277 901 4287 -
913 4249 1006 4302 omini
1027 4265 1043 4300 a
1058 4249 1168 4300 librariis
1181 4248 1307 4316 pronomi-

152 4340 190 4391 ab
200 4339 342 4407 oxanplum
355 4345 397 4389 ert
408 4337 433 4389 tl.
445 4335 476 4389 ll.
491 4336 520 4388 ll.
531 4334 562 4399 ΙΙ,
574 4335 615 4402 66,
630 4335 686 4401 167,
696 4336 738 4387 ubi
749 4334 920 4387 scribendum:
938 4334 1000 4388 Neo
1011 4350 1089 4386 vero
1104 4334 1138 4387 ιιι
1148 4335 1192 4386 ita
1205 4332 1305 4388 ralel·

151 4421 342 4476 laudassent
