3164 5138
894 466 934 527 52

812 560 869 566 --
888 562 902 567 ..
958 560 1011 568 ..ι-η-

335 653 501 715 schedelius
513 659 520 697 ¹
533 656 579 730 ⁰),
595 652 664 714 illud
679 660 775 714 tamen
790 662 881 727 certe,
895 653 974 732 quod
989 650 1110 723 Manili,
1126 649 1211 712 Plinii
1225 649 1407 728 aliorumque
1421 647 1492 710 (ita-

335 756 465 818 tionibus
486 756 610 817 Wolfius
630 756 728 817 doceri
747 756 799 829 ait,
823 755 1048 835 haudquaquam
1068 772 1102 814 ex
1128 751 1163 814 iis
1189 751 1265 814 effici
1292 751 1491 813 consentiunt:

335 859 525 938 quamobrem
542 858 625 937 plura
640 858 677 919 de
691 857 737 918 bis
753 875 832 920 nunc
846 858 901 918 diei
920 855 992 918 nihil
1007 854 1117 917 attinet.
1147 854 1276 935 Heyenos
1291 858 1407 917 auteur¹
1421 856 1448 930 ¹)
1462 852 1492 914 id

336 961 408 1021 adeo
424 961 624 1022 demonstrare
639 970 762 1020 cenatus
776 966 829 1033 est,
843 959 952 1021 nnllam
967 958 1050 1020 aliam
1065 966 1179 1037 praeter
1192 958 1268 1019 hanc
1281 965 1413 1019 nostram
1428 973 1493 1018 cas·-

335 1060 423 1122 minis
445 1063 571 1123 lormsm
591 1079 630 1121 ne
648 1069 716 1121 ante
735 1061 876 1123 bellorum
897 1061 1083 1123 Persicorum
1102 1061 1218 1141 quidem
1238 1070 1373 1140 tempora
1391 1059 1492 1131 luisse,

336 1164 414 1242 quod
430 1180 495 1241 ego,
510 1163 576 1224 licet
590 1164 696 1225 salsum
712 1163 806 1224 dicere
821 1163 1045 1243 haudquaquam
1059 1164 1190 1237 audeam,
1205 1171 1303 1224 tamen
1314 1160 1492 1240 argumentis

334 1264 370 1326 ab
391 1264 439 1325 illo
460 1265 581 1345 prolatis
600 1263 722 1344 probari
746 1284 836 1344 posse
854 1283 940 1344 nego.
984 1266 1074 1325 Adam
1093 1264 1171 1326 enim
1190 1264 1303 1343 aliquot
1318 1260 1493 1336 Archilochi,

301 1382 317 1429 a
336 1368 497 1431 Simonidis
512 1368 672 1448 utriusque,
687 1368 790 1440 neu,
807 1366 976 1440 Stesichori,
990 1366 1179 1445 Theognidis,
1192 1365 1325 1441 Pindari,
1340 1365 1492 1426 Timocre-

335 1470 414 1531 ontis
429 1471 523 1544 locos,
549 1470 655 1550 quibus
680 1471 882 1532 demonstrare
896 1469 970 1543 vult,
995 1469 1031 1531 ah
1057 1468 1111 1529 illis
1128 1469 1188 1530 mm
1207 1469 1308 1530 eadem
1328 1468 1358 1529 in
1373 1466 1493 1529 Hesiodi

334 1573 460 1633 camnine
472 1571 546 1634 lecta
563 1592 636 1648 esse,
651 1592 724 1653 quae
737 1574 882 1653 hodieque
898 1591 914 1633 a
930 1571 1018 1634 nobis
1037 1571 1180 1651 leguntrrr.
1224 1570 1326 1651 aspri,
1345 1586 1382 1632 ns
1396 1571 1493 1632 dicam

333 1694 398 1735 esse
424 1674 455 1735 in
481 1674 528 1735 bis
548 1692 640 1736 unum
663 1683 748 1754 atque
767 1676 889 1737 alterum
909 1674 1006 1754 paullo
1031 1672 1164 1753 cupidius
1190 1680 1391 1752 assumptum,
1417 1672 1495 1733 velut

334 1796 425 1856 quum
445 1777 657 1851 Timocreonti,
679 1797 794 1840 carmen
815 1777 988 1839 invectivum
1008 1777 1038 1837 in
1058 1776 1287 1838 Themistoclem
1307 1776 1351 1836 sic
1369 1791 1493 1836 eremo:

333 1871 391 1941 oria
419 1868 484 1961 δρα
516 1873 706 1961 Τιμοκρέων
730 1877 850 1961 μοῦνος
875 1869 914 1954 ὃς
939 1873 1115 1962 Μήδοισιν
1141 1869 1348 1958 ὁρκιατομεῖ,
1373 1877 1494 1939 initium

332 1980 461 2059 Operum
477 1980 666 2043 obversatum
682 1971 909 2055 essentitatis
932 1970 997 2063 δρα
1017 1977 1136 2061 μοῦνον
1157 1972 1212 2064 ἔην
1224 1970 1365 2064 Ἐρίδων
1385 1974 1493 2062 relucet

331 2082 444 2143 etiamsi
460 2082 525 2163 quis
536 2103 604 2145 vere
618 2091 719 2165 poetas
734 2083 801 2145 illos
812 2081 975 2145 hesiodum
990 2081 1154 2163 respexisse
1170 2082 1317 2157 concedat,
1331 2082 1404 2143 nihil
1416 2081 1495 2144 aliud

331 2193 427 2246 mmeu
447 2185 516 2246 hinc
536 2187 691 2261 efficietur,
711 2206 800 2267 quam
819 2186 902 2248 locos
922 2186 1086 2248 llesiodeos
1106 2184 1274 2265 complures
1293 2183 1379 2247 etiam
1399 2184 1492 2247 abiis

331 2287 423 2348 lectos
439 2306 517 2361 esse,
537 2297 632 2350 totum
653 2299 751 2351 autem
770 2307 888 2351 momen
907 2290 962 2351 hac
981 2289 1076 2350 lorma
1095 2296 1123 2349 et
1142 2288 1201 2349 hoc
1215 2287 1329 2363 ordine,
1349 2287 1399 2367 qui
1414 2305 1494 2349 nunc

332 2398 393 2464 est,
418 2391 616 2469 compositum
642 2391 700 2452 iam
726 2399 788 2452 tum
816 2391 908 2451 luisse
933 2389 961 2450 id
981 2409 1051 2450 rero
1076 2408 1136 2452 non
1161 2391 1302 2470 consequi
1328 2389 1492 2452 fatebimur.

331 2491 430 2571 ltaque
449 2491 539 2554 satius
559 2500 621 2553 erat
639 2492 709 2554 illud
730 2492 839 2566 dicere,
860 2492 939 2571 quod
959 2491 1084 2552 obtineri
1112 2499 1221 2571 potest,
1245 2492 1357 2554 nullum
1378 2502 1492 2555 certum

331 2593 470 2656 indicium
491 2614 557 2657 esse
584 2594 720 2655 carminis
740 2593 823 2655 aliter
845 2613 932 2675 quam
954 2612 1032 2656 nunc
1051 2594 1235 2656 conformati.
1283 2595 1385 2674 Neque
1411 2594 1492 2656 enim

332 2695 467 2757 audiendi
483 2704 577 2769 erunt,
593 2694 640 2774 qui
657 2695 718 2755 lieri
733 2696 865 2774 potuisse
879 2705 998 2775 negant,
1017 2704 1050 2756 ut
1065 2715 1141 2776 opus
1159 2706 1219 2759 mm
1235 2697 1447 2759 inconcinnum
1464 2704 1493 2757 et

329 2798 404 2859 male
424 2798 621 2877 compositum
640 2816 696 2876 pro
717 2797 861 2859 Hesiodea
886 2805 985 2859 tamen
1004 2817 1021 2858 a
1040 2798 1184 2860 veteribus
1203 2799 1372 2874 haberetur,
1398 2816 1493 2880 quum

330 2901 502 2981 praesertim
524 2899 669 2978 hodieque
688 2900 846 2960 nonnullos
861 2900 937 2959 hanc
959 2899 1218 2963 inconcinnitatem
1237 2910 1369 2964 autnon
1396 2919 1492 2981 agno·

330 3023 413 3063 scere
428 3010 477 3064 aut
492 3020 629 3062 excusare
643 3000 801 3063 rideamus.
833 3002 966 3063 Ceterum
983 3002 1101 3081 quaein
1116 3002 1230 3065 laudem
1246 3002 1366 3065 Hesiodi
1380 3010 1492 3065 aveto-

331 3105 414 3166 ribus
426 3103 531 3166 criticis
542 3104 686 3175 dicuntur,
698 3104 846 3183 peminrnt
860 3104 919 3164 lere
931 3112 981 3166 aut
991 3103 1183 3167 adutilitatem
1198 3114 1425 3186 praeceptorum
1439 3116 1492 3167 aut

329 3206 364 3266 ad
385 3224 476 3285 genus
499 3204 611 3265 dicendi
631 3205 792 3279 mediocre,
819 3224 877 3284 quo
898 3225 965 3266 eum
983 3205 1120 3267 excellere
1138 3206 1294 3282 aiunt12),
1319 3208 1491 3269 universam

328 3316 423 3368 autem
441 3324 562 3386 operum
579 3307 842 3368 conformationem
858 3316 1013 3387 aptamque
1031 3308 1158 3386 partium
1173 3309 1422 3389 compositionem
1439 3309 1491 3389 qui

326 3409 496 3483 laudaverit,
511 3408 643 3488 equidem
659 3410 726 3470 novi
742 3411 899 3471 neminem.

412 3511 540 3571 Omnino
563 3519 659 3572 autem
681 3511 802 3572 Hesiodi
826 3511 1002 3573 carminibus
1023 3513 1184 3576 admodum
1206 3515 1350 3577 diversam
1373 3524 1492 3577 sortem

327 3632 413 3692 quam
430 3613 592 3675 Homericis
609 3613 765 3692 contigisse
780 3614 921 3674 videmus.
966 3612 1044 3675 llaec
1062 3615 1140 3677 enim
1156 3625 1202 3678 sat
1216 3626 1329 3679 mature
1344 3618 1492 3681 excellen-

395 3859 434 3921 10)
453 3858 479 3909 ln
493 3860 600 3926 Hesiodi,
614 3858 712 3909 Eurneli
725 3864 773 3908 etc
785 3857 939 3920 Fragments.
952 3872 975 3924 p„
989 3855 1038 3909 202
1051 3876 1106 3926 sqq.

396 3943 435 4007 li)
453 3943 480 3995 ln
492 3961 576 4011 progr.
591 3960 666 4010 supro
679 3944 744 3993 laud.
757 3959 780 4008 p.
795 3943 897 3992 9-13.

394 4028 434 4079 tut
453 4030 557 4093 Quintil.
570 4029 629 4079 inst.
644 4046 680 4079 or.
693 4027 727 4088 X,
743 4027 764 4091 l,
777 4028 822 4077 52:
835 4027 920 4092 „llam
938 4031 1050 4093 amnuit
1061 4031 1197 4096 Hesiodus,
1210 4045 1346 4098 manuque
1358 4047 1422 4099 pus-s
1434 4035 1493 4087 eins

324 4118 364 4161 est
377 4112 400 4162 in
411 4115 548 4165 nominibus
560 4122 693 4181 occupatn;
709 4113 875 4164 meconites
888 4115 955 4167 circu
964 4124 1097 4183 praecepte
1109 4119 1259 4181 secuntiae,
1272 4119 1419 4185 levitasque
1428 4136 1493 4171 ver·

324 4198 410 4247 borum
419 4206 446 4249 et
455 4200 640 4268 compositionis
653 4197 801 4263 probabilis:
815 4200 936 4266 denuoque
947 4202 1060 4267 sipulum
1070 4204 1094 4252 in
1107 4203 1151 4253 illo
1161 4204 1242 4253 medio
1254 4204 1492 4267 generedicendi.“
1523 4234 1534 4241 -

323 4283 530 4350 compositionem
548 4285 608 4334 dicit
623 4301 671 4333 nou
690 4284 797 4350 partium
815 4287 946 4348 carminis,
970 4289 1013 4338 sed
1031 4288 1173 4339 verborum.
1205 4287 1243 4337 (ΞΓ.
1261 4288 1365 4356 Dionys.
1384 4304 1493 4343 musar.

322 4377 384 4421 reti.
397 4387 419 4421 c.
432 4370 460 4420 2:
482 4365 616 4426 Ἡσίοδος
626 4367 680 4438 μὲν
690 4367 745 4439 γὰρ
757 4365 924 4440 ἐφρόντισεν
936 4368 1047 4441 ἡδονῆς,
1060 4375 1105 4427 καὶ
1120 4368 1268 4446 ὀνομάτων
1280 4371 1428 4443 nomime
1440 4376 1490 4429 acal

322 4456 480 4514 συνθέσεως
496 4453 640 4527 ἐμμελοῦς,
