<?xml version="1.0" encoding="UTF-8"?>
<!DOCTYPE html PUBLIC "-//W3C//DTD XHTML 1.0 Transitional//EN"
    "http://www.w3.org/TR/xhtml1/DTD/xhtml1-transitional.dtd">
<html xmlns="http://www.w3.org/1999/xhtml" xml:lang="en" lang="en">
 <head>
  <title>
</title>
<meta http-equiv="Content-Type" content="text/html;charset=utf-8" />
  <meta name='ocr-system' content='tesseract 3.04.00' />
  <meta name='ocr-capabilities' content='ocr_page ocr_carea ocr_par ocr_line ocrx_word'/>
</head>
<body>
  <div class='ocr_page' id='page_1' title='image "./opusculaacademi00schogoog_0762.png"; bbox 0 0 3276 5144; ppageno 0'>
   <div class='ocr_carea' id='block_1_1' title="bbox 571 471 844 566">
    <p class='ocr_par' dir='ltr' id='par_1_1' title="bbox 571 471 844 566">
     <span class='ocr_line' id='line_1_1' title="bbox 571 471 844 566; baseline -0.004 1"><span class='ocrx_word' id='word_1_1' title='bbox 571 471 844 566; x_wconf 42' lang='lat' dir='ltr'><strong>„ao-.-</strong></span> 
     </span>
    </p>
   </div>
   <div class='ocr_carea' id='block_1_2' title="bbox 156 658 1348 4027">
    <p class='ocr_par' dir='ltr' id='par_1_2' title="bbox 156 658 1348 4027">
     <span class='ocr_line' id='line_1_2' title="bbox 187 658 1347 744; baseline -0.004 -18"><span class='ocrx_word' id='word_1_2' title='bbox 187 681 263 744; x_wconf 86' lang='lat' dir='ltr'><strong>quae</strong></span> <span class='ocrx_word' id='word_1_3' title='bbox 277 659 400 743; x_wconf 81' lang='lat' dir='ltr'><strong>perfecti</strong></span> <span class='ocrx_word' id='word_1_4' title='bbox 414 678 504 741; x_wconf 84' lang='lat' dir='ltr'><strong>quam</strong></span> <span class='ocrx_word' id='word_1_5' title='bbox 526 677 600 741; x_wconf 90' lang='lat' dir='ltr'><strong>quae</strong></span> <span class='ocrx_word' id='word_1_6' title='bbox 620 659 901 741; x_wconf 81' lang='lat' dir='ltr'><strong>plusquamperfecti</strong></span> <span class='ocrx_word' id='word_1_7' title='bbox 916 659 1033 740; x_wconf 87' lang='lat' dir='ltr'><strong>propn&#39;a</strong></span> <span class='ocrx_word' id='word_1_8' title='bbox 1049 658 1102 733; x_wconf 90' lang='lat' dir='ltr'><strong>sit,</strong></span> <span class='ocrx_word' id='word_1_9' title='bbox 1122 658 1247 739; x_wconf 84' lang='lat' dir='ltr'><strong>ideoque</strong></span> <span class='ocrx_word' id='word_1_10' title='bbox 1262 675 1347 721; x_wconf 89' lang='lat' dir='ltr'><strong>com·</strong></span> 
     </span>
     <span class='ocr_line' id='line_1_3' title="bbox 186 761 1347 847; baseline -0.005 -20"><span class='ocrx_word' id='word_1_11' title='bbox 186 765 283 847; x_wconf 87' lang='lat' dir='ltr'><strong>parari</strong></span> <span class='ocrx_word' id='word_1_12' title='bbox 297 763 517 845; x_wconf 85' lang='lat' dir='ltr'><strong>quodammodo</strong></span> <span class='ocrx_word' id='word_1_13' title='bbox 532 781 620 843; x_wconf 86' lang='lat' dir='ltr'><strong>posse</strong></span> <span class='ocrx_word' id='word_1_14' title='bbox 635 780 703 825; x_wconf 87' lang='lat' dir='ltr'><strong>cum</strong></span> <span class='ocrx_word' id='word_1_15' title='bbox 718 762 899 835; x_wconf 90' lang='lat' dir='ltr'><strong>nominibus,</strong></span> <span class='ocrx_word' id='word_1_16' title='bbox 912 781 987 843; x_wconf 90' lang='lat' dir='ltr'><strong>quae</strong></span> <span class='ocrx_word' id='word_1_17' title='bbox 1004 768 1065 824; x_wconf 83' lang='lat' dir='ltr'><strong>tam</strong></span> <span class='ocrx_word' id='word_1_18' title='bbox 1081 761 1243 824; x_wconf 86' lang='lat' dir='ltr'><strong>masotdino</strong></span> <span class='ocrx_word' id='word_1_19' title='bbox 1259 778 1347 840; x_wconf 86' lang='lat' dir='ltr'><strong>quam</strong></span> 
     </span>
     <span class='ocr_line' id='line_1_4' title="bbox 185 856 1348 947; baseline -0.006 -16"><span class='ocrx_word' id='word_1_20' title='bbox 185 868 329 931; x_wconf 74' lang='lat' dir='ltr'><strong>feminino</strong></span> <span class='ocrx_word' id='word_1_21' title='bbox 343 866 442 947; x_wconf 77' lang='lat' dir='ltr'><strong>generi</strong></span> <span class='ocrx_word' id='word_1_22' title='bbox 456 865 644 946; x_wconf 78' lang='lat' dir='ltr'><strong>significando</strong></span> <span class='ocrx_word' id='word_1_23' title='bbox 659 875 848 947; x_wconf 78' lang='lat' dir='ltr'><strong>usurpentur.</strong></span> <span class='ocrx_word' id='word_1_24' title='bbox 871 864 946 927; x_wconf 87' lang='lat' dir='ltr'><strong>Hine</strong></span> <span class='ocrx_word' id='word_1_25' title='bbox 961 864 1050 927; x_wconf 88' lang='lat' dir='ltr'><strong>etiam</strong></span> <span class='ocrx_word' id='word_1_26' title='bbox 1066 856 1223 946; x_wconf 80' lang='grc' dir='ltr'><strong><em>α’όριστον</em></strong></span> <span class='ocrx_word' id='word_1_27' title='bbox 1236 863 1348 925; x_wconf 87' lang='lat' dir='ltr'><strong>dietum</strong></span> 
     </span>
     <span class='ocr_line' id='line_1_5' title="bbox 186 959 1346 1053; baseline -0.004 -21"><span class='ocrx_word' id='word_1_28' title='bbox 186 989 251 1032; x_wconf 81' lang='lat' dir='ltr'><strong>esse</strong></span> <span class='ocrx_word' id='word_1_29' title='bbox 274 965 360 1031; x_wconf 79' lang='grc' dir='ltr'><strong><em>κατὰ</em></strong></span> <span class='ocrx_word' id='word_1_30' title='bbox 388 961 564 1053; x_wconf 80' lang='grc' dir='ltr'><strong><em>α’πόφασιν</em></strong></span> <span class='ocrx_word' id='word_1_31' title='bbox 589 968 649 1029; x_wconf 81' lang='grc' dir='ltr'><strong>τοῦ</strong></span> <span class='ocrx_word' id='word_1_32' title='bbox 674 963 719 1053; x_wconf 72' lang='grc' dir='ltr'><strong>μή</strong></span> <span class='ocrx_word' id='word_1_33' title='bbox 748 959 870 1047; x_wconf 81' lang='grc' dir='ltr'><strong><em>ὁρίζειν</em></strong></span> <span class='ocrx_word' id='word_1_34' title='bbox 891 961 949 1030; x_wconf 87' lang='grc' dir='ltr'><strong><em>τὸν</em></strong></span> <span class='ocrx_word' id='word_1_35' title='bbox 971 960 1221 1050; x_wconf 67' lang='grc' dir='ltr'><em>παρῳχημένον,</em></span> <span class='ocrx_word' id='word_1_36' title='bbox 1251 985 1278 1027; x_wconf 86' lang='lat' dir='ltr'><strong>v.</strong></span> <span class='ocrx_word' id='word_1_37' title='bbox 1295 964 1346 1027; x_wconf 86' lang='lat'><strong>30.</strong></span> 
     </span>
     <span class='ocr_line' id='line_1_6' title="bbox 185 1059 1347 1151; baseline -0.006 -17"><span class='ocrx_word' id='word_1_38' title='bbox 185 1073 333 1134; x_wconf 78' lang='lat' dir='ltr'><strong>Hactenus</strong></span> <span class='ocrx_word' id='word_1_39' title='bbox 350 1071 450 1133; x_wconf 89' lang='lat' dir='ltr'><strong>omnia</strong></span> <span class='ocrx_word' id='word_1_40' title='bbox 464 1088 544 1145; x_wconf 86' lang='lat' dir='ltr'><strong>sana,</strong></span> <span class='ocrx_word' id='word_1_41' title='bbox 567 1071 618 1132; x_wconf 85' lang='lat' dir='ltr'><strong>sed</strong></span> <span class='ocrx_word' id='word_1_42' title='bbox 634 1089 708 1151; x_wconf 86' lang='lat' dir='ltr'><strong>quae</strong></span> <span class='ocrx_word' id='word_1_43' title='bbox 723 1077 899 1151; x_wconf 87' lang='lat' dir='ltr'><strong>sequuntur,</strong></span> <span class='ocrx_word' id='word_1_44' title='bbox 925 1064 980 1130; x_wconf 83' lang='grc' dir='ltr'><strong>διό</strong></span> <span class='ocrx_word' id='word_1_45' title='bbox 996 1063 1053 1130; x_wconf 77' lang='grc' dir='ltr'><strong>καὶ</strong></span> <span class='ocrx_word' id='word_1_46' title='bbox 1069 1063 1155 1128; x_wconf 81' lang='grc' dir='ltr'><strong><em>κατὰ</em></strong></span> <span class='ocrx_word' id='word_1_47' title='bbox 1170 1059 1347 1151; x_wconf 78' lang='grc' dir='ltr'><strong><em>ἀπόφασιν</em></strong></span> 
     </span>
     <span class='ocr_line' id='line_1_7' title="bbox 185 1163 1346 1257; baseline -0.006 -20"><span class='ocrx_word' id='word_1_48' title='bbox 185 1172 251 1237; x_wconf 81' lang='grc' dir='ltr'><strong><em>τῶν</em></strong></span> <span class='ocrx_word' id='word_1_49' title='bbox 273 1168 521 1255; x_wconf 79' lang='grc' dir='ltr'><strong><em>προειρημένων</em></strong></span> <span class='ocrx_word' id='word_1_50' title='bbox 543 1166 602 1234; x_wconf 85' lang='grc' dir='ltr'><strong>όόο</strong></span> <span class='ocrx_word' id='word_1_51' title='bbox 623 1165 747 1257; x_wconf 82' lang='grc' dir='ltr'><strong><em>χρόνων</em></strong></span> <span class='ocrx_word' id='word_1_52' title='bbox 769 1163 1004 1255; x_wconf 70' lang='grc' dir='ltr'><strong><em>ἐόεμαιίσθη,</em></strong></span> <span class='ocrx_word' id='word_1_53' title='bbox 1033 1170 1149 1232; x_wconf 81' lang='lat' dir='ltr'><strong>etiarnsi</strong></span> <span class='ocrx_word' id='word_1_54' title='bbox 1177 1170 1244 1251; x_wconf 86' lang='lat' dir='ltr'><strong>quio</strong></span> <span class='ocrx_word' id='word_1_55' title='bbox 1269 1169 1346 1231; x_wconf 89' lang='lat' dir='ltr'><strong>idem</strong></span> 
     </span>
     <span class='ocr_line' id='line_1_8' title="bbox 186 1260 1346 1358; baseline -0.005 -19"><span class='ocrx_word' id='word_1_56' title='bbox 186 1277 349 1358; x_wconf 81' lang='lat' dir='ltr'><strong>significare</strong></span> <span class='ocrx_word' id='word_1_57' title='bbox 376 1294 462 1355; x_wconf 85' lang='lat' dir='ltr'><strong>posse</strong></span> <span class='ocrx_word' id='word_1_58' title='bbox 488 1274 574 1348; x_wconf 87' lang='lat' dir='ltr'><strong>dicat,</strong></span> <span class='ocrx_word' id='word_1_59' title='bbox 600 1274 680 1355; x_wconf 90' lang='lat' dir='ltr'><strong>quod</strong></span> <span class='ocrx_word' id='word_1_60' title='bbox 706 1280 751 1337; x_wconf 86' lang='lat' dir='ltr'><strong>est</strong></span> <span class='ocrx_word' id='word_1_61' title='bbox 776 1293 822 1354; x_wconf 90' lang='lat' dir='ltr'><strong>ap.</strong></span> <span class='ocrx_word' id='word_1_62' title='bbox 848 1275 939 1336; x_wconf 88' lang='lat' dir='ltr'><strong>schol.</strong></span> <span class='ocrx_word' id='word_1_63' title='bbox 961 1273 1079 1354; x_wconf 82' lang='lat' dir='ltr'>Dionys.</span> <span class='ocrx_word' id='word_1_64' title='bbox 1102 1292 1131 1354; x_wconf 93' lang='lat' dir='ltr'><strong>p.</strong></span> <span class='ocrx_word' id='word_1_65' title='bbox 1149 1272 1220 1348; x_wconf 86' lang='grc'><strong>894,</strong></span> <span class='ocrx_word' id='word_1_66' title='bbox 1245 1274 1299 1334; x_wconf 83' lang='grc'><strong>14;</strong></span> <span class='ocrx_word' id='word_1_67' title='bbox 1327 1260 1346 1334; x_wconf 82' lang='grc' dir='ltr'><strong><em>ό</em></strong></span> 
     </span>
     <span class='ocr_line' id='line_1_9' title="bbox 186 1368 1347 1462; baseline -0.005 -20"><span class='ocrx_word' id='word_1_68' title='bbox 186 1369 343 1459; x_wconf 79' lang='grc' dir='ltr'><strong><em>ἀόριστος</em></strong></span> <span class='ocrx_word' id='word_1_69' title='bbox 364 1371 418 1441; x_wconf 74' lang='grc' dir='ltr'><strong>ἐπ’</strong></span> <span class='ocrx_word' id='word_1_70' title='bbox 439 1369 609 1462; x_wconf 74' lang='grc' dir='ltr'><strong><em>ἀναιρέσει</em></strong></span> <span class='ocrx_word' id='word_1_71' title='bbox 630 1378 696 1439; x_wconf 76' lang='grc' dir='ltr'><strong><em>τῶν</em></strong></span> <span class='ocrx_word' id='word_1_72' title='bbox 719 1370 893 1461; x_wconf 85' lang='grc' dir='ltr'><strong><em>ὁριζόντων</em></strong></span> <span class='ocrx_word' id='word_1_73' title='bbox 914 1368 1055 1458; x_wconf 72' lang='grc' dir='ltr'><strong><em>εἴρηται,</em></strong></span> <span class='ocrx_word' id='word_1_74' title='bbox 1080 1384 1131 1437; x_wconf 88' lang='lat' dir='ltr'><strong>aut</strong></span> <span class='ocrx_word' id='word_1_75' title='bbox 1152 1376 1228 1459; x_wconf 92' lang='lat' dir='ltr'><strong>apud</strong></span> <span class='ocrx_word' id='word_1_76' title='bbox 1252 1374 1347 1437; x_wconf 82' lang='lat' dir='ltr'><strong>Choe-</strong></span> 
     </span>
     <span class='ocr_line' id='line_1_10' title="bbox 185 1464 1348 1562; baseline -0.005 -18"><span class='ocrx_word' id='word_1_77' title='bbox 185 1481 355 1557; x_wconf 83' lang='lat' dir='ltr'><strong>roboscum,</strong></span> <span class='ocrx_word' id='word_1_78' title='bbox 370 1482 403 1544; x_wconf 90' lang='lat' dir='ltr'><strong>B.</strong></span> <span class='ocrx_word' id='word_1_79' title='bbox 420 1483 453 1544; x_wconf 81' lang='grc' dir='ltr'><strong>Α.</strong></span> <span class='ocrx_word' id='word_1_80' title='bbox 466 1501 495 1562; x_wconf 88' lang='lat' dir='ltr'><strong>p.</strong></span> <span class='ocrx_word' id='word_1_81' title='bbox 515 1480 606 1553; x_wconf 80' lang='lat'><strong>1281,</strong></span> <span class='ocrx_word' id='word_1_82' title='bbox 626 1481 680 1541; x_wconf 83' lang='lat'><strong>15:</strong></span> <span class='ocrx_word' id='word_1_83' title='bbox 698 1472 756 1542; x_wconf 79' lang='grc' dir='ltr'><strong><em>ἐὰν</em></strong></span> <span class='ocrx_word' id='word_1_84' title='bbox 770 1473 811 1541; x_wconf 78' lang='grc' dir='ltr'><strong>τό</strong></span> <span class='ocrx_word' id='word_1_85' title='bbox 829 1473 1043 1562; x_wconf 76' lang='grc' dir='ltr'><strong><em>παρελθόντα</em></strong></span> <span class='ocrx_word' id='word_1_86' title='bbox 1060 1468 1169 1559; x_wconf 65' lang='lat' dir='ltr'><strong>oiddia</strong></span> <span class='ocrx_word' id='word_1_87' title='bbox 1183 1464 1247 1539; x_wconf 81' lang='grc' dir='ltr'><strong>ὦσι</strong></span> <span class='ocrx_word' id='word_1_88' title='bbox 1262 1469 1348 1539; x_wconf 84' lang='grc' dir='ltr'><strong><em>πότε</em></strong></span> 
     </span>
     <span class='ocr_line' id='line_1_11' title="bbox 186 1567 1345 1666; baseline -0.003 -21"><span class='ocrx_word' id='word_1_89' title='bbox 186 1579 377 1666; x_wconf 68' lang='grc' dir='ltr'><strong><em>παρῆλθον,</em></strong></span> <span class='ocrx_word' id='word_1_90' title='bbox 412 1574 571 1646; x_wconf 75' lang='grc' dir='ltr'><em>ἀποτελεῖ</em></span> <span class='ocrx_word' id='word_1_91' title='bbox 603 1577 661 1645; x_wconf 84' lang='grc' dir='ltr'><strong><em>τόν</em></strong></span> <span class='ocrx_word' id='word_1_92' title='bbox 689 1577 863 1664; x_wconf 70' lang='grc' dir='ltr'><strong><em>λεγόμενον</em></strong></span> <span class='ocrx_word' id='word_1_93' title='bbox 891 1574 1063 1664; x_wconf 75' lang='grc' dir='ltr'><strong><em>ἀόριστον,</em></strong></span> <span class='ocrx_word' id='word_1_94' title='bbox 1097 1567 1167 1643; x_wconf 78' lang='grc' dir='ltr'><strong><em>οἷον</em></strong></span> <span class='ocrx_word' id='word_1_95' title='bbox 1195 1572 1345 1663; x_wconf 72' lang='grc' dir='ltr'><strong><em>ἕτοιμα·</em></strong></span> 
     </span>
     <span class='ocr_line' id='line_1_12' title="bbox 187 1674 1345 1769; baseline -0.003 -22"><span class='ocrx_word' id='word_1_96' title='bbox 187 1674 313 1768; x_wconf 80' lang='grc' dir='ltr'><strong><em>όόηλον</em></strong></span> <span class='ocrx_word' id='word_1_97' title='bbox 334 1680 396 1769; x_wconf 74' lang='grc' dir='ltr'><strong><em>γαρ</em></strong></span> <span class='ocrx_word' id='word_1_98' title='bbox 419 1675 487 1747; x_wconf 74' lang='grc' dir='ltr'><strong><em>τότε</em></strong></span> <span class='ocrx_word' id='word_1_99' title='bbox 508 1679 624 1746; x_wconf 79' lang='grc' dir='ltr'><strong><em>νεωστὶ</em></strong></span> <span class='ocrx_word' id='word_1_100' title='bbox 645 1674 714 1746; x_wconf 78' lang='grc' dir='ltr'><strong><em>εἴτι</em></strong></span> <span class='ocrx_word' id='word_1_101' title='bbox 736 1680 804 1766; x_wconf 87' lang='grc' dir='ltr'><strong><em>πρό</em></strong></span> <span class='ocrx_word' id='word_1_102' title='bbox 825 1680 964 1759; x_wconf 80' lang='grc' dir='ltr'><strong><em>πολλοῦ,</em></strong></span> <span class='ocrx_word' id='word_1_103' title='bbox 997 1692 1098 1747; x_wconf 90' lang='lat' dir='ltr'><strong>tamen</strong></span> <span class='ocrx_word' id='word_1_104' title='bbox 1125 1683 1201 1745; x_wconf 86' lang='lat' dir='ltr'><strong>hano</strong></span> <span class='ocrx_word' id='word_1_105' title='bbox 1225 1691 1345 1745; x_wconf 85' lang='lat' dir='ltr'><strong>senten·</strong></span> 
     </span>
     <span class='ocr_line' id='line_1_13' title="bbox 185 1784 1346 1867; baseline -0.004 -16"><span class='ocrx_word' id='word_1_106' title='bbox 185 1789 257 1851; x_wconf 88' lang='lat' dir='ltr'><strong>tiam</strong></span> <span class='ocrx_word' id='word_1_107' title='bbox 271 1786 309 1850; x_wconf 86' lang='lat' dir='ltr'><strong>ab</strong></span> <span class='ocrx_word' id='word_1_108' title='bbox 323 1788 459 1849; x_wconf 87' lang='lat' dir='ltr'><strong>hocloco</strong></span> <span class='ocrx_word' id='word_1_109' title='bbox 475 1786 599 1850; x_wconf 87' lang='lat' dir='ltr'><strong>alienam</strong></span> <span class='ocrx_word' id='word_1_110' title='bbox 615 1805 680 1849; x_wconf 89' lang='lat' dir='ltr'><strong>esse</strong></span> <span class='ocrx_word' id='word_1_111' title='bbox 695 1796 823 1867; x_wconf 88' lang='lat' dir='ltr'><strong>apparet.</strong></span> <span class='ocrx_word' id='word_1_112' title='bbox 866 1788 999 1850; x_wconf 86' lang='lat' dir='ltr'><strong>Primum</strong></span> <span class='ocrx_word' id='word_1_113' title='bbox 1020 1787 1099 1850; x_wconf 90' lang='lat' dir='ltr'><strong>enim</strong></span> <span class='ocrx_word' id='word_1_114' title='bbox 1119 1786 1163 1849; x_wconf 93' lang='lat' dir='ltr'><strong>sic</strong></span> <span class='ocrx_word' id='word_1_115' title='bbox 1181 1786 1253 1847; x_wconf 87' lang='lat' dir='ltr'><strong>nihil</strong></span> <span class='ocrx_word' id='word_1_116' title='bbox 1268 1784 1346 1847; x_wconf 89' lang='lat' dir='ltr'><strong>aliud</strong></span> 
     </span>
     <span class='ocr_line' id='line_1_14' title="bbox 186 1888 1345 1970; baseline -0.003 -19"><span class='ocrx_word' id='word_1_117' title='bbox 186 1890 344 1964; x_wconf 83' lang='lat' dir='ltr'><strong>diceretur,</strong></span> <span class='ocrx_word' id='word_1_118' title='bbox 360 1908 449 1970; x_wconf 87' lang='lat' dir='ltr'><strong>quam</strong></span> <span class='ocrx_word' id='word_1_119' title='bbox 465 1888 545 1969; x_wconf 85' lang='lat' dir='ltr'><strong>quod</strong></span> <span class='ocrx_word' id='word_1_120' title='bbox 561 1889 649 1951; x_wconf 91' lang='lat' dir='ltr'><strong>modo</strong></span> <span class='ocrx_word' id='word_1_121' title='bbox 666 1889 777 1951; x_wconf 88' lang='lat' dir='ltr'><strong>dictum</strong></span> <span class='ocrx_word' id='word_1_122' title='bbox 791 1898 868 1963; x_wconf 85' lang='lat' dir='ltr'><strong>erat,</strong></span> <span class='ocrx_word' id='word_1_123' title='bbox 884 1891 985 1953; x_wconf 87' lang='lat' dir='ltr'><strong>deesse</strong></span> <span class='ocrx_word' id='word_1_124' title='bbox 1000 1891 1110 1953; x_wconf 85' lang='lat' dir='ltr'><strong>aoristo</strong></span> <span class='ocrx_word' id='word_1_125' title='bbox 1124 1891 1213 1952; x_wconf 86' lang='lat' dir='ltr'><strong>talem</strong></span> <span class='ocrx_word' id='word_1_126' title='bbox 1228 1894 1345 1969; x_wconf 84' lang='lat' dir='ltr'><strong>practe-</strong></span> 
     </span>
     <span class='ocr_line' id='line_1_15' title="bbox 184 1991 1345 2075; baseline -0.002 -21"><span class='ocrx_word' id='word_1_127' title='bbox 184 1992 235 2054; x_wconf 88' lang='lat' dir='ltr'><strong>riti</strong></span> <span class='ocrx_word' id='word_1_128' title='bbox 248 1992 390 2075; x_wconf 86' lang='lat' dir='ltr'><strong>temporis</strong></span> <span class='ocrx_word' id='word_1_129' title='bbox 415 1991 625 2063; x_wconf 86' lang='lat' dir='ltr'><strong>definitionem,</strong></span> <span class='ocrx_word' id='word_1_130' title='bbox 653 1993 769 2071; x_wconf 88' lang='lat' dir='ltr'><strong>qualem</strong></span> <span class='ocrx_word' id='word_1_131' title='bbox 796 1991 923 2054; x_wconf 86' lang='lat' dir='ltr'><strong>babeant</strong></span> <span class='ocrx_word' id='word_1_132' title='bbox 947 1994 1111 2074; x_wconf 83' lang='lat' dir='ltr'><strong>perfectum</strong></span> <span class='ocrx_word' id='word_1_133' title='bbox 1127 1999 1157 2054; x_wconf 87' lang='lat' dir='ltr'><strong>et</strong></span> <span class='ocrx_word' id='word_1_134' title='bbox 1171 1992 1345 2072; x_wconf 85' lang='lat' dir='ltr'><strong>plusquam·</strong></span> 
     </span>
     <span class='ocr_line' id='line_1_16' title="bbox 185 2091 1345 2176; baseline -0.002 -20"><span class='ocrx_word' id='word_1_135' title='bbox 185 2093 359 2176; x_wconf 83' lang='lat' dir='ltr'><strong>perlectum,</strong></span> <span class='ocrx_word' id='word_1_136' title='bbox 386 2093 466 2174; x_wconf 89' lang='lat' dir='ltr'><strong>quod</strong></span> <span class='ocrx_word' id='word_1_137' title='bbox 488 2093 558 2174; x_wconf 87' lang='lat' dir='ltr'><strong>quid</strong></span> <span class='ocrx_word' id='word_1_138' title='bbox 579 2111 653 2173; x_wconf 91' lang='lat' dir='ltr'><strong>opus</strong></span> <span class='ocrx_word' id='word_1_139' title='bbox 674 2101 736 2155; x_wconf 88' lang='lat' dir='ltr'><strong>erat</strong></span> <span class='ocrx_word' id='word_1_140' title='bbox 755 2093 863 2156; x_wconf 88' lang='lat' dir='ltr'><strong>iterum</strong></span> <span class='ocrx_word' id='word_1_141' title='bbox 879 2094 943 2156; x_wconf 90' lang='lat' dir='ltr'><strong>aliis</strong></span> <span class='ocrx_word' id='word_1_142' title='bbox 958 2095 1054 2158; x_wconf 83' lang='lat' dir='ltr'><strong>vorbis</strong></span> <span class='ocrx_word' id='word_1_143' title='bbox 1069 2091 1150 2157; x_wconf 79' lang='lat' dir='ltr'><strong>diei?</strong></span> <span class='ocrx_word' id='word_1_144' title='bbox 1173 2092 1345 2175; x_wconf 89' lang='lat' dir='ltr'><strong>praesertim</strong></span> 
     </span>
     <span class='ocr_line' id='line_1_17' title="bbox 185 2189 1346 2278; baseline -0.003 -18"><span class='ocrx_word' id='word_1_145' title='bbox 185 2214 253 2259; x_wconf 90' lang='lat' dir='ltr'><strong>cum</strong></span> <span class='ocrx_word' id='word_1_146' title='bbox 269 2197 477 2260; x_wconf 89' lang='lat' dir='ltr'><strong>coniunctione</strong></span> <span class='ocrx_word' id='word_1_147' title='bbox 492 2189 564 2267; x_wconf 80' lang='grc' dir='ltr'><strong>διό,</strong></span> <span class='ocrx_word' id='word_1_148' title='bbox 587 2196 672 2277; x_wconf 85' lang='lat' dir='ltr'><strong>quasi</strong></span> <span class='ocrx_word' id='word_1_149' title='bbox 693 2213 773 2259; x_wconf 88' lang='lat' dir='ltr'><strong>nunc</strong></span> <span class='ocrx_word' id='word_1_150' title='bbox 791 2197 911 2257; x_wconf 90' lang='lat' dir='ltr'><strong>demum</strong></span> <span class='ocrx_word' id='word_1_151' title='bbox 932 2198 1007 2259; x_wconf 89' lang='lat' dir='ltr'><strong>ratio</strong></span> <span class='ocrx_word' id='word_1_152' title='bbox 1022 2195 1225 2278; x_wconf 78' lang='lat' dir='ltr'><strong>appellationis</strong></span> <span class='ocrx_word' id='word_1_153' title='bbox 1240 2194 1346 2258; x_wconf 85' lang='lat' dir='ltr'><strong>redde·</strong></span> 
     </span>
     <span class='ocr_line' id='line_1_18' title="bbox 184 2298 1347 2381; baseline -0.002 -20"><span class='ocrx_word' id='word_1_154' title='bbox 184 2307 276 2373; x_wconf 86' lang='lat' dir='ltr'><strong>retur,</strong></span> <span class='ocrx_word' id='word_1_155' title='bbox 293 2317 383 2379; x_wconf 86' lang='lat' dir='ltr'><strong>quam</strong></span> <span class='ocrx_word' id='word_1_156' title='bbox 397 2299 487 2360; x_wconf 90' lang='lat' dir='ltr'><strong>modo</strong></span> <span class='ocrx_word' id='word_1_157' title='bbox 501 2298 647 2360; x_wconf 83' lang='lat' dir='ltr'><strong>redditam</strong></span> <span class='ocrx_word' id='word_1_158' title='bbox 662 2299 801 2378; x_wconf 82' lang='lat' dir='ltr'><strong>legimus:</strong></span> <span class='ocrx_word' id='word_1_159' title='bbox 819 2298 924 2360; x_wconf 86' lang='lat' dir='ltr'><strong>deindo</strong></span> <span class='ocrx_word' id='word_1_160' title='bbox 935 2307 1034 2363; x_wconf 86' lang='lat' dir='ltr'><strong>sutem</strong></span> <span class='ocrx_word' id='word_1_161' title='bbox 1046 2303 1157 2381; x_wconf 74' lang='lat' dir='ltr'><strong>pugnat</strong></span> <span class='ocrx_word' id='word_1_162' title='bbox 1171 2298 1259 2360; x_wconf 85' lang='lat' dir='ltr'><strong>etiam</strong></span> <span class='ocrx_word' id='word_1_163' title='bbox 1273 2298 1347 2360; x_wconf 86' lang='lat' dir='ltr'><strong>haec</strong></span> 
     </span>
     <span class='ocr_line' id='line_1_19' title="bbox 184 2387 1347 2484; baseline -0.002 -20"><span class='ocrx_word' id='word_1_164' title='bbox 184 2401 331 2465; x_wconf 86' lang='lat' dir='ltr'><strong>sententia</strong></span> <span class='ocrx_word' id='word_1_165' title='bbox 346 2420 415 2464; x_wconf 92' lang='lat' dir='ltr'><strong>oum</strong></span> <span class='ocrx_word' id='word_1_166' title='bbox 429 2401 473 2475; x_wconf 89' lang='lat' dir='ltr'><strong>iis,</strong></span> <span class='ocrx_word' id='word_1_167' title='bbox 490 2418 565 2481; x_wconf 87' lang='lat' dir='ltr'><strong>quac</strong></span> <span class='ocrx_word' id='word_1_168' title='bbox 580 2401 680 2462; x_wconf 84' lang='lat' dir='ltr'><strong>statim</strong></span> <span class='ocrx_word' id='word_1_169' title='bbox 696 2408 871 2482; x_wconf 87' lang='lat' dir='ltr'><strong>sequuntur,</strong></span> <span class='ocrx_word' id='word_1_170' title='bbox 896 2387 924 2484; x_wconf 75' lang='grc' dir='ltr'><em>ᾦ</em></span> <span class='ocrx_word' id='word_1_171' title='bbox 944 2395 1032 2484; x_wconf 78' lang='grc' dir='ltr'><strong>λόγῳ</strong></span> <span class='ocrx_word' id='word_1_172' title='bbox 1050 2395 1108 2463; x_wconf 83' lang='grc' dir='ltr'><strong>καὶ</strong></span> <span class='ocrx_word' id='word_1_173' title='bbox 1121 2395 1161 2463; x_wconf 85' lang='grc' dir='ltr'><strong>τό</strong></span> <span class='ocrx_word' id='word_1_174' title='bbox 1179 2394 1347 2484; x_wconf 79' lang='grc' dir='ltr'><strong><em>σαόφρων</em></strong></span> 
     </span>
     <span class='ocr_line' id='line_1_20' title="bbox 184 2495 1345 2587; baseline -0.003 -21"><span class='ocrx_word' id='word_1_175' title='bbox 184 2499 223 2566; x_wconf 86' lang='grc' dir='ltr'><strong>τό</strong></span> <span class='ocrx_word' id='word_1_176' title='bbox 247 2496 266 2565; x_wconf 84' lang='grc' dir='ltr'><strong><em>ό</em></strong></span> <span class='ocrx_word' id='word_1_177' title='bbox 287 2498 480 2587; x_wconf 80' lang='grc' dir='ltr'><strong><em>προσλαβόν</em></strong></span> <span class='ocrx_word' id='word_1_178' title='bbox 501 2500 626 2565; x_wconf 78' lang='grc' dir='ltr'><strong><em>νοεῖται</em></strong></span> <span class='ocrx_word' id='word_1_179' title='bbox 647 2497 757 2584; x_wconf 78' lang='grc' dir='ltr'><strong><em>μόνως</em></strong></span> <span class='ocrx_word' id='word_1_180' title='bbox 778 2495 958 2587; x_wconf 78' lang='grc' dir='ltr'><strong><em>ἀρσενικόν.</em></strong></span> <span class='ocrx_word' id='word_1_181' title='bbox 1002 2503 1188 2565; x_wconf 80' lang='lat' dir='ltr'><strong>Manifestum</strong></span> <span class='ocrx_word' id='word_1_182' title='bbox 1204 2510 1251 2565; x_wconf 87' lang='lat' dir='ltr'><strong>est</strong></span> <span class='ocrx_word' id='word_1_183' title='bbox 1265 2502 1345 2564; x_wconf 82' lang='lat' dir='ltr'><strong>enim</strong></span> 
     </span>
     <span class='ocr_line' id='line_1_21' title="bbox 185 2605 1344 2689; baseline -0.003 -20"><span class='ocrx_word' id='word_1_184' title='bbox 185 2608 349 2688; x_wconf 86' lang='lat' dir='ltr'><strong>comparari</strong></span> <span class='ocrx_word' id='word_1_185' title='bbox 363 2606 561 2688; x_wconf 78' lang='lat' dir='ltr'><strong>abdpollonio</strong></span> <span class='ocrx_word' id='word_1_186' title='bbox 576 2605 676 2668; x_wconf 88' lang='lat' dir='ltr'><strong>aoristi</strong></span> <span class='ocrx_word' id='word_1_187' title='bbox 687 2606 931 2687; x_wconf 79' lang='lat' dir='ltr'><strong>significationem</strong></span> <span class='ocrx_word' id='word_1_188' title='bbox 945 2606 1087 2689; x_wconf 86' lang='lat' dir='ltr'><strong>temporis</strong></span> <span class='ocrx_word' id='word_1_189' title='bbox 1102 2625 1170 2668; x_wconf 93' lang='lat' dir='ltr'><strong>cum</strong></span> <span class='ocrx_word' id='word_1_190' title='bbox 1185 2605 1344 2667; x_wconf 90' lang='lat' dir='ltr'><strong>nominum</strong></span> 
     </span>
     <span class='ocr_line' id='line_1_22' title="bbox 184 2706 1346 2790; baseline 0 -20"><span class='ocrx_word' id='word_1_191' title='bbox 184 2709 389 2772; x_wconf 89' lang='lat' dir='ltr'><strong>communium</strong></span> <span class='ocrx_word' id='word_1_192' title='bbox 405 2706 617 2790; x_wconf 73' lang='lat' dir='ltr'><strong>significatione</strong></span> <span class='ocrx_word' id='word_1_193' title='bbox 631 2709 781 2771; x_wconf 83' lang='lat' dir='ltr'><strong>indefinita</strong></span> <span class='ocrx_word' id='word_1_194' title='bbox 800 2709 930 2790; x_wconf 74' lang='lat' dir='ltr'><strong>generis,</strong></span> <span class='ocrx_word' id='word_1_195' title='bbox 951 2716 985 2771; x_wconf 88' lang='lat' dir='ltr'><strong>ut</strong></span> <span class='ocrx_word' id='word_1_196' title='bbox 1002 2708 1253 2787; x_wconf 84' lang='lat' dir='ltr'><strong>quemadmodum</strong></span> <span class='ocrx_word' id='word_1_197' title='bbox 1273 2707 1346 2770; x_wconf 85' lang='lat' dir='ltr'><strong>haec</strong></span> 
     </span>
     <span class='ocr_line' id='line_1_23' title="bbox 184 2810 1345 2893; baseline 0.001 -22"><span class='ocrx_word' id='word_1_198' title='bbox 184 2810 275 2872; x_wconf 89' lang='lat' dir='ltr'><strong>modo</strong></span> <span class='ocrx_word' id='word_1_199' title='bbox 289 2811 326 2872; x_wconf 90' lang='lat' dir='ltr'><strong>ad</strong></span> <span class='ocrx_word' id='word_1_200' title='bbox 338 2811 533 2873; x_wconf 87' lang='lat' dir='ltr'><strong>masculinum</strong></span> <span class='ocrx_word' id='word_1_201' title='bbox 545 2828 638 2890; x_wconf 79' lang='lat' dir='ltr'><strong>genus</strong></span> <span class='ocrx_word' id='word_1_202' title='bbox 653 2812 864 2893; x_wconf 81' lang='lat' dir='ltr'><strong>designandum</strong></span> <span class='ocrx_word' id='word_1_203' title='bbox 876 2811 1114 2884; x_wconf 76' lang='lat' dir='ltr'><strong>accomodantur,</strong></span> <span class='ocrx_word' id='word_1_204' title='bbox 1125 2810 1235 2873; x_wconf 87' lang='lat' dir='ltr'><strong>scilicet</strong></span> <span class='ocrx_word' id='word_1_205' title='bbox 1246 2810 1345 2872; x_wconf 90' lang='lat' dir='ltr'><strong>addito</strong></span> 
     </span>
     <span class='ocr_line' id='line_1_24' title="bbox 183 2902 1344 2995; baseline 0.001 -22"><span class='ocrx_word' id='word_1_206' title='bbox 183 2911 306 2974; x_wconf 83' lang='lat' dir='ltr'><strong>articulo</strong></span> <span class='ocrx_word' id='word_1_207' title='bbox 321 2912 483 2975; x_wconf 88' lang='lat' dir='ltr'><strong>masculino</strong></span> <span class='ocrx_word' id='word_1_208' title='bbox 494 2903 522 2986; x_wconf 85' lang='grc' dir='ltr'><strong>ὁ,</strong></span> <span class='ocrx_word' id='word_1_209' title='bbox 539 2912 627 2974; x_wconf 89' lang='lat' dir='ltr'><strong>modo</strong></span> <span class='ocrx_word' id='word_1_210' title='bbox 642 2913 678 2974; x_wconf 88' lang='lat' dir='ltr'><strong>ad</strong></span> <span class='ocrx_word' id='word_1_211' title='bbox 693 2931 786 2995; x_wconf 83' lang='lat' dir='ltr'><strong>genus</strong></span> <span class='ocrx_word' id='word_1_212' title='bbox 801 2914 987 2987; x_wconf 84' lang='lat' dir='ltr'><strong>femininum,</strong></span> <span class='ocrx_word' id='word_1_213' title='bbox 1003 2914 1102 2975; x_wconf 88' lang='lat' dir='ltr'><strong>addito</strong></span> <span class='ocrx_word' id='word_1_214' title='bbox 1117 2913 1237 2975; x_wconf 86' lang='lat' dir='ltr'><strong>articulo</strong></span> <span class='ocrx_word' id='word_1_215' title='bbox 1253 2902 1285 2995; x_wconf 75' lang='grc' dir='ltr'><strong>ἡ,</strong></span> <span class='ocrx_word' id='word_1_216' title='bbox 1301 2912 1344 2974; x_wconf 88' lang='lat' dir='ltr'><strong>sic</strong></span> 
     </span>
     <span class='ocr_line' id='line_1_25' title="bbox 184 3014 1342 3100; baseline 0.002 -24"><span class='ocrx_word' id='word_1_217' title='bbox 184 3014 273 3077; x_wconf 86' lang='lat' dir='ltr'><strong>etiam</strong></span> <span class='ocrx_word' id='word_1_218' title='bbox 289 3014 416 3077; x_wconf 68' lang='lat' dir='ltr'><strong>aorsstus</strong></span> <span class='ocrx_word' id='word_1_219' title='bbox 431 3014 521 3076; x_wconf 90' lang='lat' dir='ltr'><strong>modo</strong></span> <span class='ocrx_word' id='word_1_220' title='bbox 532 3016 652 3096; x_wconf 83' lang='lat' dir='ltr'><strong>perfecti</strong></span> <span class='ocrx_word' id='word_1_221' title='bbox 665 3018 808 3100; x_wconf 88' lang='lat' dir='ltr'><strong>temporis</strong></span> <span class='ocrx_word' id='word_1_222' title='bbox 823 3017 1066 3097; x_wconf 79' lang='lat' dir='ltr'><strong>significationem</strong></span> <span class='ocrx_word' id='word_1_223' title='bbox 1081 3016 1212 3097; x_wconf 85' lang='lat' dir='ltr'><strong>accipere</strong></span> <span class='ocrx_word' id='word_1_224' title='bbox 1221 3015 1342 3089; x_wconf 82' lang='lat' dir='ltr'><strong>dicatur,</strong></span> 
     </span>
     <span class='ocr_line' id='line_1_26' title="bbox 182 3116 1344 3199; baseline 0 -19"><span class='ocrx_word' id='word_1_225' title='bbox 182 3117 281 3180; x_wconf 83' lang='lat' dir='ltr'><strong>addito</strong></span> <span class='ocrx_word' id='word_1_226' title='bbox 302 3117 413 3180; x_wconf 87' lang='lat' dir='ltr'><strong>scilicet</strong></span> <span class='ocrx_word' id='word_1_227' title='bbox 432 3117 569 3180; x_wconf 85' lang='lat' dir='ltr'><strong>adverbio</strong></span> <span class='ocrx_word' id='word_1_228' title='bbox 589 3116 658 3180; x_wconf 91' lang='lat' dir='ltr'><strong>huic</strong></span> <span class='ocrx_word' id='word_1_229' title='bbox 679 3121 807 3199; x_wconf 89' lang='lat' dir='ltr'><strong>tempori</strong></span> <span class='ocrx_word' id='word_1_230' title='bbox 828 3119 1065 3193; x_wconf 90' lang='lat' dir='ltr'><strong>accommodato,</strong></span> <span class='ocrx_word' id='word_1_231' title='bbox 1091 3118 1174 3199; x_wconf 85' lang='lat' dir='ltr'><strong>quale</strong></span> <span class='ocrx_word' id='word_1_232' title='bbox 1195 3117 1344 3180; x_wconf 83' lang='lat' dir='ltr'><strong>veteribus</strong></span> 
     </span>
     <span class='ocr_line' id='line_1_27' title="bbox 182 3211 1345 3306; baseline -0.002 -23"><span class='ocrx_word' id='word_1_233' title='bbox 182 3211 260 3302; x_wconf 68' lang='lat' dir='ltr'><strong>dioro</strong></span> <span class='ocrx_word' id='word_1_234' title='bbox 280 3240 345 3283; x_wconf 85' lang='lat' dir='ltr'><strong>esse</strong></span> <span class='ocrx_word' id='word_1_235' title='bbox 361 3221 457 3282; x_wconf 86' lang='lat' dir='ltr'><strong>risum</strong></span> <span class='ocrx_word' id='word_1_236' title='bbox 473 3228 527 3294; x_wconf 83' lang='lat' dir='ltr'><strong>est,</strong></span> <span class='ocrx_word' id='word_1_237' title='bbox 548 3216 588 3283; x_wconf 83' lang='grc' dir='ltr'><strong>τό</strong></span> <span class='ocrx_word' id='word_1_238' title='bbox 611 3213 682 3300; x_wconf 78' lang='grc' dir='ltr'><strong>ἅμα</strong></span> <span class='ocrx_word' id='word_1_239' title='bbox 702 3214 843 3306; x_wconf 84' lang='grc' dir='ltr'><strong><em>νοήματι</em></strong></span> <span class='ocrx_word' id='word_1_240' title='bbox 865 3214 1042 3306; x_wconf 76' lang='grc' dir='ltr'><strong><em>ἠνυσμένον</em></strong></span> <span class='ocrx_word' id='word_1_241' title='bbox 1064 3221 1240 3302; x_wconf 79' lang='lat' dir='ltr'><strong>significans,</strong></span> <span class='ocrx_word' id='word_1_242' title='bbox 1256 3227 1290 3283; x_wconf 83' lang='lat' dir='ltr'><strong>ul</strong></span> <span class='ocrx_word' id='word_1_243' title='bbox 1303 3220 1345 3285; x_wconf 86' lang='lat' dir='ltr'><strong>ait</strong></span> 
     </span>
     <span class='ocr_line' id='line_1_28' title="bbox 180 3321 1344 3407; baseline -0.001 -23"><span class='ocrx_word' id='word_1_244' title='bbox 180 3323 353 3406; x_wconf 77' lang='lat' dir='ltr'><strong>Apollonius</strong></span> <span class='ocrx_word' id='word_1_245' title='bbox 373 3342 399 3383; x_wconf 84' lang='lat' dir='ltr'><strong>r.</strong></span> <span class='ocrx_word' id='word_1_246' title='bbox 419 3321 476 3398; x_wconf 85' lang='lat'><strong>23,</strong></span> <span class='ocrx_word' id='word_1_247' title='bbox 504 3322 594 3385; x_wconf 89' lang='lat' dir='ltr'><strong>motio</strong></span> <span class='ocrx_word' id='word_1_248' title='bbox 613 3330 712 3385; x_wconf 83' lang='lat' dir='ltr'><strong>autern</strong></span> <span class='ocrx_word' id='word_1_249' title='bbox 733 3324 1022 3407; x_wconf 79' lang='lat' dir='ltr'><strong>plusquamperfecti,</strong></span> <span class='ocrx_word' id='word_1_250' title='bbox 1042 3324 1140 3386; x_wconf 83' lang='lat' dir='ltr'><strong>addito</strong></span> <span class='ocrx_word' id='word_1_251' title='bbox 1159 3324 1270 3386; x_wconf 84' lang='lat' dir='ltr'><strong>scilicet</strong></span> <span class='ocrx_word' id='word_1_252' title='bbox 1290 3322 1344 3383; x_wconf 90' lang='lat' dir='ltr'><strong>ad·</strong></span> 
     </span>
     <span class='ocr_line' id='line_1_29' title="bbox 182 3418 1343 3508; baseline 0.001 -22"><span class='ocrx_word' id='word_1_253' title='bbox 182 3425 281 3487; x_wconf 83' lang='lat' dir='ltr'><strong>verbio</strong></span> <span class='ocrx_word' id='word_1_254' title='bbox 303 3418 421 3486; x_wconf 76' lang='grc' dir='ltr'><strong><em>πόλαι.</em></strong></span> <span class='ocrx_word' id='word_1_255' title='bbox 466 3425 562 3505; x_wconf 76' lang='lat' dir='ltr'><strong>Atque</strong></span> <span class='ocrx_word' id='word_1_256' title='bbox 577 3425 654 3488; x_wconf 88' lang='lat' dir='ltr'><strong>hanc</strong></span> <span class='ocrx_word' id='word_1_257' title='bbox 668 3429 844 3489; x_wconf 83' lang='lat' dir='ltr'><strong>sententiam</strong></span> <span class='ocrx_word' id='word_1_258' title='bbox 862 3428 978 3490; x_wconf 83' lang='lat' dir='ltr'><strong>disertis</strong></span> <span class='ocrx_word' id='word_1_259' title='bbox 993 3426 1088 3489; x_wconf 82' lang='lat' dir='ltr'><strong>verbis</strong></span> <span class='ocrx_word' id='word_1_260' title='bbox 1103 3427 1246 3508; x_wconf 84' lang='lat' dir='ltr'><strong>prolatam</strong></span> <span class='ocrx_word' id='word_1_261' title='bbox 1262 3425 1343 3487; x_wconf 81' lang='lat' dir='ltr'><strong>tido-</strong></span> 
     </span>
     <span class='ocr_line' id='line_1_30' title="bbox 182 3527 1343 3610; baseline 0.003 -22"><span class='ocrx_word' id='word_1_262' title='bbox 182 3545 250 3589; x_wconf 88' lang='lat' dir='ltr'><strong>mus</strong></span> <span class='ocrx_word' id='word_1_263' title='bbox 264 3545 281 3588; x_wconf 90' lang='lat' dir='ltr'><strong>a</strong></span> <span class='ocrx_word' id='word_1_264' title='bbox 295 3527 507 3589; x_wconf 85' lang='lat' dir='ltr'><strong>recentioribus</strong></span> <span class='ocrx_word' id='word_1_265' title='bbox 527 3528 735 3608; x_wconf 75' lang='lat' dir='ltr'><strong>grammaticis,</strong></span> <span class='ocrx_word' id='word_1_266' title='bbox 758 3529 808 3610; x_wconf 90' lang='lat' dir='ltr'><strong>qui</strong></span> <span class='ocrx_word' id='word_1_267' title='bbox 831 3547 979 3610; x_wconf 86' lang='lat' dir='ltr'><strong>nusquam</strong></span> <span class='ocrx_word' id='word_1_268' title='bbox 995 3528 1257 3608; x_wconf 82' lang='lat' dir='ltr'><strong>non-Apollonium</strong></span> <span class='ocrx_word' id='word_1_269' title='bbox 1273 3547 1343 3591; x_wconf 89' lang='lat' dir='ltr'><strong>auo-</strong></span> 
     </span>
     <span class='ocr_line' id='line_1_31' title="bbox 182 3624 1345 3715; baseline -0.001 -23"><span class='ocrx_word' id='word_1_270' title='bbox 182 3636 276 3692; x_wconf 87' lang='lat' dir='ltr'><strong>torem</strong></span> <span class='ocrx_word' id='word_1_271' title='bbox 296 3630 381 3709; x_wconf 87' lang='lat' dir='ltr'><strong>sequi</strong></span> <span class='ocrx_word' id='word_1_272' title='bbox 400 3630 506 3704; x_wconf 85' lang='lat' dir='ltr'><strong>solent,</strong></span> <span class='ocrx_word' id='word_1_273' title='bbox 526 3631 606 3693; x_wconf 80' lang='lat' dir='ltr'><strong>velut</strong></span> <span class='ocrx_word' id='word_1_274' title='bbox 626 3650 642 3692; x_wconf 87' lang='lat' dir='ltr'><strong>a</strong></span> <span class='ocrx_word' id='word_1_275' title='bbox 663 3630 756 3693; x_wconf 90' lang='lat' dir='ltr'><strong>schol.</strong></span> <span class='ocrx_word' id='word_1_276' title='bbox 773 3631 890 3712; x_wconf 78' lang='lat' dir='ltr'><strong>Dionys.</strong></span> <span class='ocrx_word' id='word_1_277' title='bbox 912 3651 942 3713; x_wconf 92' lang='lat' dir='ltr'><strong>p.</strong></span> <span class='ocrx_word' id='word_1_278' title='bbox 958 3630 1029 3702; x_wconf 80' lang='lat'><strong>889,</strong></span> <span class='ocrx_word' id='word_1_279' title='bbox 1051 3632 1092 3692; x_wconf 79' lang='lat'><strong>27</strong></span> <span class='ocrx_word' id='word_1_280' title='bbox 1102 3650 1109 3692; x_wconf 75' lang='grc' dir='ltr'><strong>ε</strong></span> <span class='ocrx_word' id='word_1_281' title='bbox 1137 3626 1195 3692; x_wconf 82' lang='grc' dir='ltr'><strong><em>σόν</em></strong></span> <span class='ocrx_word' id='word_1_282' title='bbox 1215 3624 1275 3707; x_wconf 75' lang='grc' dir='ltr'><strong><em>μὲν</em></strong></span> <span class='ocrx_word' id='word_1_283' title='bbox 1295 3630 1345 3715; x_wconf 79' lang='grc' dir='ltr'><strong>τῷ</strong></span> 
     </span>
     <span class='ocr_line' id='line_1_32' title="bbox 182 3720 1344 3817; baseline -0.003 -23"><span class='ocrx_word' id='word_1_284' title='bbox 182 3720 274 3811; x_wconf 83' lang='grc' dir='ltr'><strong><em>όὶρτι</em></strong></span> <span class='ocrx_word' id='word_1_285' title='bbox 303 3722 425 3793; x_wconf 85' lang='grc' dir='ltr'><strong><em>ταότόν</em></strong></span> <span class='ocrx_word' id='word_1_286' title='bbox 451 3726 590 3794; x_wconf 83' lang='grc' dir='ltr'><strong><em>όόναται</em></strong></span> <span class='ocrx_word' id='word_1_287' title='bbox 620 3732 671 3816; x_wconf 76' lang='grc' dir='ltr'><strong>τῷ</strong></span> <span class='ocrx_word' id='word_1_288' title='bbox 691 3728 940 3817; x_wconf 78' lang='grc' dir='ltr'><strong><em>παρακειμένῳ,</em></strong></span> <span class='ocrx_word' id='word_1_289' title='bbox 967 3728 1125 3796; x_wconf 83' lang='grc' dir='ltr'><strong><em>τότυπα</em></strong></span> <span class='ocrx_word' id='word_1_290' title='bbox 1147 3766 1188 3776; x_wconf 90' lang='grc'>-</span> <span class='ocrx_word' id='word_1_291' title='bbox 1212 3723 1344 3811; x_wconf 82' lang='grc' dir='ltr'><strong><em>ἔτυψα</em></strong></span> 
     </span>
     <span class='ocr_line' id='line_1_33' title="bbox 156 3814 1343 3919; baseline 0.002 -26"><span class='ocrx_word' id='word_1_292' title='bbox 156 3823 290 3916; x_wconf 72' lang='grc' dir='ltr'><strong><em>,όὶρτν</em></strong></span> <span class='ocrx_word' id='word_1_293' title='bbox 318 3828 366 3915; x_wconf 78' lang='grc' dir='ltr'><strong>τῷ</strong></span> <span class='ocrx_word' id='word_1_294' title='bbox 394 3827 431 3893; x_wconf 78' lang='grc' dir='ltr'><strong>δὲ</strong></span> <span class='ocrx_word' id='word_1_295' title='bbox 452 3826 581 3894; x_wconf 79' lang='grc' dir='ltr'><strong><em>πάλαι</em></strong></span> <span class='ocrx_word' id='word_1_296' title='bbox 610 3825 684 3897; x_wconf 77' lang='grc' dir='ltr'><strong><em>ἴσον</em></strong></span> <span class='ocrx_word' id='word_1_297' title='bbox 715 3830 854 3898; x_wconf 83' lang='grc' dir='ltr'><strong><em>δύναται</em></strong></span> <span class='ocrx_word' id='word_1_298' title='bbox 883 3832 932 3919; x_wconf 78' lang='grc' dir='ltr'><strong>τῷ</strong></span> <span class='ocrx_word' id='word_1_299' title='bbox 962 3826 1242 3919; x_wconf 77' lang='grc' dir='ltr'><strong><em>όπιροονττλικῷ,</em></strong></span> <span class='ocrx_word' id='word_1_300' title='bbox 1271 3814 1343 3919; x_wconf 74' lang='grc' dir='ltr'><strong><em>οἷον</em></strong></span> 
     </span>
     <span class='ocr_line' id='line_1_34' title="bbox 179 3924 1344 4027; baseline 0 -28"><span class='ocrx_word' id='word_1_301' title='bbox 179 3924 600 4019; x_wconf 73' lang='grc' dir='ltr'><strong><em>ἐτετόπειν-ότυψα</em></strong></span> <span class='ocrx_word' id='word_1_302' title='bbox 622 3930 766 3998; x_wconf 79' lang='grc' dir='ltr'><strong><em>πόλαι.</em></strong></span> <span class='ocrx_word' id='word_1_303' title='bbox 809 3938 841 3999; x_wconf 92' lang='grc' dir='ltr'><strong>Ρ.</strong></span> <span class='ocrx_word' id='word_1_304' title='bbox 860 3936 932 4013; x_wconf 87' lang='grc'><strong>891,</strong></span> <span class='ocrx_word' id='word_1_305' title='bbox 955 3937 1011 3999; x_wconf 81' lang='lat'><strong>32:</strong></span> <span class='ocrx_word' id='word_1_306' title='bbox 1035 3931 1093 3998; x_wconf 82' lang='grc' dir='ltr'><strong>τοῦ</strong></span> <span class='ocrx_word' id='word_1_307' title='bbox 1116 3924 1212 4017; x_wconf 80' lang='grc' dir='ltr'><strong><em>όρτι</em></strong></span> <span class='ocrx_word' id='word_1_308' title='bbox 1232 3927 1344 4027; x_wconf 72' lang='grc' dir='ltr'><strong><em>τοίνυν</em></strong></span> 
     </span>
    </p>
   </div>
   <div class='ocr_carea' id='block_1_3' title="bbox 179 4134 1343 4550">
    <p class='ocr_par' dir='ltr' id='par_1_3' title="bbox 179 4134 1343 4550">
     <span class='ocr_line' id='line_1_35' title="bbox 180 4134 1343 4209; baseline 0.001 -21"><span class='ocrx_word' id='word_1_309' title='bbox 180 4138 260 4189; x_wconf 85' lang='lat' dir='ltr'><strong>modis</strong></span> <span class='ocrx_word' id='word_1_310' title='bbox 277 4138 414 4190; x_wconf 81' lang='lat' dir='ltr'><strong>vorborum</strong></span> <span class='ocrx_word' id='word_1_311' title='bbox 431 4137 533 4206; x_wconf 87' lang='lat' dir='ltr'><strong>dicitur,</strong></span> <span class='ocrx_word' id='word_1_312' title='bbox 553 4138 699 4205; x_wconf 84' lang='lat' dir='ltr'><strong>quibuscum</strong></span> <span class='ocrx_word' id='word_1_313' title='bbox 716 4141 909 4203; x_wconf 68' lang='lat' dir='ltr'><strong>coniungantur,</strong></span> <span class='ocrx_word' id='word_1_314' title='bbox 931 4134 965 4191; x_wconf 83' lang='grc' dir='ltr'><strong>αό</strong></span> <span class='ocrx_word' id='word_1_315' title='bbox 983 4154 1039 4190; x_wconf 88' lang='lat' dir='ltr'><strong>cum</strong></span> <span class='ocrx_word' id='word_1_316' title='bbox 1052 4137 1188 4190; x_wconf 76' lang='lat' dir='ltr'><strong>indicativo</strong></span> <span class='ocrx_word' id='word_1_317' title='bbox 1201 4134 1225 4188; x_wconf 88' lang='lat' dir='ltr'><strong>in</strong></span> <span class='ocrx_word' id='word_1_318' title='bbox 1238 4152 1343 4209; x_wconf 83' lang='lat' dir='ltr'><strong>rospon-</strong></span> 
     </span>
     <span class='ocr_line' id='line_1_36' title="bbox 179 4219 1343 4292; baseline 0.002 -21"><span class='ocrx_word' id='word_1_319' title='bbox 179 4222 268 4285; x_wconf 80' lang='lat' dir='ltr'><strong>dcndo,</strong></span> <span class='ocrx_word' id='word_1_320' title='bbox 279 4219 318 4292; x_wconf 74' lang='grc' dir='ltr'><strong>μή</strong></span> <span class='ocrx_word' id='word_1_321' title='bbox 331 4240 386 4275; x_wconf 85' lang='lat' dir='ltr'><strong>eum</strong></span> <span class='ocrx_word' id='word_1_322' title='bbox 399 4224 550 4291; x_wconf 78' lang='lat' dir='ltr'><strong>imperativo</strong></span> <span class='ocrx_word' id='word_1_323' title='bbox 563 4224 588 4274; x_wconf 84' lang='lat' dir='ltr'><strong>in</strong></span> <span class='ocrx_word' id='word_1_324' title='bbox 600 4225 717 4277; x_wconf 79' lang='lat' dir='ltr'><strong>retundo.</strong></span> <span class='ocrx_word' id='word_1_325' title='bbox 740 4226 778 4276; x_wconf 85' lang='lat' dir='ltr'><strong>lte</strong></span> <span class='ocrx_word' id='word_1_326' title='bbox 795 4225 983 4276; x_wconf 78' lang='lat' dir='ltr'><strong>constructione</strong></span> <span class='ocrx_word' id='word_1_327' title='bbox 996 4230 1078 4275; x_wconf 79' lang='lat' dir='ltr'><strong>autom</strong></span> <span class='ocrx_word' id='word_1_328' title='bbox 1091 4221 1269 4274; x_wconf 77' lang='lat' dir='ltr'><strong>adverbiorum</strong></span> <span class='ocrx_word' id='word_1_329' title='bbox 1286 4238 1343 4273; x_wconf 86' lang='lat' dir='ltr'><strong>oum</strong></span> 
     </span>
     <span class='ocr_line' id='line_1_37' title="bbox 180 4305 1341 4377; baseline 0.003 -22"><span class='ocrx_word' id='word_1_330' title='bbox 180 4305 260 4357; x_wconf 84' lang='lat' dir='ltr'><strong>modis</strong></span> <span class='ocrx_word' id='word_1_331' title='bbox 272 4306 421 4374; x_wconf 75' lang='lat' dir='ltr'><strong>Apollonius</strong></span> <span class='ocrx_word' id='word_1_332' title='bbox 433 4324 456 4375; x_wconf 86' lang='lat' dir='ltr'><strong>p.</strong></span> <span class='ocrx_word' id='word_1_333' title='bbox 467 4309 516 4359; x_wconf 76' lang='lat'><strong>533</strong></span> <span class='ocrx_word' id='word_1_334' title='bbox 528 4308 625 4360; x_wconf 81' lang='lat' dir='ltr'><strong>domum</strong></span> <span class='ocrx_word' id='word_1_335' title='bbox 637 4309 723 4360; x_wconf 78' lang='lat' dir='ltr'><strong>dicero</strong></span> <span class='ocrx_word' id='word_1_336' title='bbox 735 4309 832 4377; x_wconf 84' lang='lat' dir='ltr'><strong>incipit,</strong></span> <span class='ocrx_word' id='word_1_337' title='bbox 845 4310 1004 4377; x_wconf 80' lang='lat' dir='ltr'><strong>quamobrem</strong></span> <span class='ocrx_word' id='word_1_338' title='bbox 1017 4309 1047 4360; x_wconf 81' lang='lat' dir='ltr'><strong>sb</strong></span> <span class='ocrx_word' id='word_1_339' title='bbox 1059 4309 1119 4374; x_wconf 83' lang='lat' dir='ltr'><strong>isto,</strong></span> <span class='ocrx_word' id='word_1_340' title='bbox 1131 4322 1201 4374; x_wconf 70' lang='lat' dir='ltr'><strong>quoru</strong></span> <span class='ocrx_word' id='word_1_341' title='bbox 1214 4307 1341 4359; x_wconf 81' lang='lat' dir='ltr'><strong>Dronkiut</strong></span> 
     </span>
     <span class='ocr_line' id='line_1_38' title="bbox 179 4388 1343 4467; baseline 0.003 -26"><span class='ocrx_word' id='word_1_342' title='bbox 179 4391 329 4457; x_wconf 75' lang='lat' dir='ltr'><strong>designavit,</strong></span> <span class='ocrx_word' id='word_1_343' title='bbox 341 4391 398 4445; x_wconf 84' lang='lat' dir='ltr'><strong>loco</strong></span> <span class='ocrx_word' id='word_1_344' title='bbox 410 4394 474 4445; x_wconf 82' lang='lat' dir='ltr'><strong>hanc</strong></span> <span class='ocrx_word' id='word_1_345' title='bbox 486 4394 517 4445; x_wconf 83' lang='lat' dir='ltr'><strong>dc</strong></span> <span class='ocrx_word' id='word_1_346' title='bbox 529 4388 563 4446; x_wconf 83' lang='grc' dir='ltr'><strong>οό</strong></span> <span class='ocrx_word' id='word_1_347' title='bbox 574 4402 601 4446; x_wconf 80' lang='lat' dir='ltr'><strong>ot</strong></span> <span class='ocrx_word' id='word_1_348' title='bbox 611 4392 652 4464; x_wconf 77' lang='grc' dir='ltr'><strong>μή</strong></span> <span class='ocrx_word' id='word_1_349' title='bbox 664 4394 868 4446; x_wconf 79' lang='lat' dir='ltr'><strong>observationem</strong></span> <span class='ocrx_word' id='word_1_350' title='bbox 876 4396 983 4446; x_wconf 79' lang='lat' dir='ltr'><strong>alienam</strong></span> <span class='ocrx_word' id='word_1_351' title='bbox 992 4409 1049 4445; x_wconf 80' lang='lat' dir='ltr'><strong>csse</strong></span> <span class='ocrx_word' id='word_1_352' title='bbox 1059 4400 1171 4467; x_wconf 70' lang='lat' dir='ltr'><strong>ppparct.</strong></span> <span class='ocrx_word' id='word_1_353' title='bbox 1180 4420 1214 4431; x_wconf 97' lang='lat'>-</span> <span class='ocrx_word' id='word_1_354' title='bbox 1223 4390 1343 4445; x_wconf 74' lang='lat' dir='ltr'><strong>Getarum</strong></span> 
     </span>
     <span class='ocr_line' id='line_1_39' title="bbox 180 4477 1320 4550; baseline 0.003 -23"><span class='ocrx_word' id='word_1_355' title='bbox 180 4492 235 4527; x_wconf 83' lang='lat' dir='ltr'><strong>eum</strong></span> <span class='ocrx_word' id='word_1_356' title='bbox 248 4485 334 4530; x_wconf 87' lang='lat' dir='ltr'><strong>nostro</strong></span> <span class='ocrx_word' id='word_1_357' title='bbox 346 4479 405 4530; x_wconf 85' lang='lat' dir='ltr'><strong>loco</strong></span> <span class='ocrx_word' id='word_1_358' title='bbox 417 4481 557 4548; x_wconf 82' lang='lat' dir='ltr'><strong>comparari</strong></span> <span class='ocrx_word' id='word_1_359' title='bbox 570 4487 675 4550; x_wconf 88' lang='lat' dir='ltr'><strong>possunt</strong></span> <span class='ocrx_word' id='word_1_360' title='bbox 687 4495 749 4549; x_wconf 82' lang='lat' dir='ltr'><strong>quac</strong></span> <span class='ocrx_word' id='word_1_361' title='bbox 761 4480 922 4547; x_wconf 78' lang='lat' dir='ltr'><strong>disputantur</strong></span> <span class='ocrx_word' id='word_1_362' title='bbox 933 4481 963 4530; x_wconf 85' lang='lat' dir='ltr'><strong>de</strong></span> <span class='ocrx_word' id='word_1_363' title='bbox 977 4488 1072 4531; x_wconf 85' lang='lat' dir='ltr'><strong>constr.</strong></span> <span class='ocrx_word' id='word_1_364' title='bbox 1085 4477 1112 4546; x_wconf 85' lang='grc' dir='ltr'><strong>ΙΙ,</strong></span> <span class='ocrx_word' id='word_1_365' title='bbox 1128 4478 1158 4529; x_wconf 80' lang='lat'><strong>12</strong></span> <span class='ocrx_word' id='word_1_366' title='bbox 1170 4495 1194 4548; x_wconf 88' lang='lat' dir='ltr'><strong>p.</strong></span> <span class='ocrx_word' id='word_1_367' title='bbox 1210 4478 1320 4544; x_wconf 75' lang='lat'><strong>117,25.</strong></span> 
     </span>
    </p>
   </div>
   <div class='ocr_carea' id='block_1_4' title="bbox 0 0 1642 5144">
    <p class='ocr_par' dir='ltr' id='par_1_4' title="bbox 0 0 1642 5144">
     <span class='ocr_line' id='line_1_40' title="bbox 0 0 1642 5144; baseline 0 2"><span class='ocrx_word' id='word_1_368' title='bbox 0 0 1642 5144; x_wconf 95' lang='lat' dir='ltr'><strong> </strong></span> 
     </span>
    </p>
   </div>
  </div>
 </body>
</html>
