3164 5138
907 528 947 593 to

827 615 1028 627 *-

346 719 441 800 lpoleti
462 718 568 800 signis,
594 718 725 780 Herculis
748 718 852 789 altero,
878 716 967 777 altero
989 714 1156 777 Artemonis
1177 733 1194 776 a
1216 715 1367 779 Welclrero
1390 715 1506 792 dicitnr,

346 822 434 884 huius
449 820 611 901 argumenti
625 821 684 881 vim
699 836 755 882 nos
770 818 954 881 nullomodo
969 818 1136 898 perspicere
1151 836 1240 898 posse
1255 818 1387 881 latemur.
1431 819 1506 883 Nam

347 932 379 986 nt
394 925 590 986 concedamus
604 923 757 985 Herculem
773 920 809 983 ab
824 920 932 983 artilice
952 928 981 981 et
995 920 1183 982 Artemonem
1205 930 1343 1002 tanquam
1359 923 1508 985 contraria

347 1028 423 1089 inter
447 1046 480 1089 se
502 1035 530 1086 et
555 1026 663 1088 diversi
686 1025 800 1104 generis
823 1021 954 1104 exempla
976 1023 1107 1102 sculptos
1130 1041 1208 1097 esse,
1235 1029 1425 1105 (quamquam
1448 1025 1509 1087 lroc

346 1129 454 1192 Plinius
470 1135 548 1191 certe
563 1145 624 1189 non
639 1126 707 1189 dicit
721 1127 756 1188 Η.
769 1127 804 1188 N.
817 1125 942 1200 XXXIV,
959 1124 1008 1200 19,
1021 1124 1064 1202 2),
1080 1125 1129 1204 qui
1144 1125 1242 1188 minus
1256 1134 1323 1207 apte
1336 1126 1508 1190 luxuriosus

345 1234 437 1294 horno
452 1239 481 1293 ct
494 1230 691 1303 effeminatus,
707 1247 794 1310 quam
808 1227 974 1309 impudicus
989 1235 1019 1289 et
1034 1227 1185 1301 cinaedus,
1205 1237 1240 1290 ut
1254 1228 1406 1292 Welclero
1422 1230 1505 1292 vide-

346 1345 403 1410 tur,
418 1334 480 1396 viro
496 1333 564 1394 lorti
579 1340 608 1394 et
621 1341 742 1394 strenuo
759 1331 870 1411 opponi
886 1329 1003 1412 potuit?
1018 1366 1059 1377 -
1074 1331 1251 1411 Obloqnitur
1263 1350 1354 1412 porro
1370 1332 1506 1396 Welcle·

345 1457 396 1500 rus
411 1437 463 1511 iis,
483 1435 533 1516 qui
548 1439 737 1498 Artemonem
753 1434 994 1496 Anacreonticum
1010 1434 1122 1495 servilis
1142 1433 1321 1497 conditionis
1338 1434 1428 1497 luisse
1442 1447 1506 1499 sta·

345 1548 478 1612 tuerent,
498 1537 713 1617 assentiturqne
728 1535 838 1609 Petito,
857 1535 1011 1597 miscellan.
1032 1535 1079 1597 lib.
1095 1534 1144 1596 Vll
1163 1553 1226 1615 cap.
1244 1536 1273 1608 7,
1294 1536 1324 1598 in
1343 1536 1506 1599 libertatem

345 1661 412 1704 eum
425 1640 576 1714 asserenti,
592 1639 721 1719 primum
732 1646 887 1719 propterea
899 1637 977 1717 quod
990 1656 1075 1699 servo
1086 1655 1148 1699 non
1159 1647 1237 1700 recte
1251 1630 1411 1724 κίβδηλος
1420 1633 1504 1720 βίος,

345 1744 374 1806 h.
391 1764 415 1804 ο.
429 1753 464 1805 nt
477 1743 543 1822 ipse
557 1742 778 1822 interpretatur,
793 1739 939 1820 impudica
953 1740 1009 1802 vita
1025 1739 1111 1802 obiici
1126 1740 1235 1820 possit,
1255 1741 1364 1821 quippe
1379 1742 1425 1804 eui
1439 1760 1506 1803 non

345 1867 401 1909 suo
422 1846 474 1908 sed
493 1843 556 1905 heri
577 1842 696 1905 arbitrio
716 1841 872 1903 vivendum
892 1841 944 1902 sit:
961 1840 1027 1903 dein
1042 1842 1120 1921 quod
1136 1860 1220 1904 servo
1235 1860 1297 1905 non
1312 1842 1396 1906 liceat
1409 1844 1506 1906 viver-c

345 1948 521 2029 quibuscum
537 1945 617 2006 velit:
633 1946 823 2005 Artemonem
843 1952 940 2004 autem
956 1962 1010 2005 sua
1025 1952 1131 2025 sponte
1151 1963 1218 2007 cum
1234 1938 1461 2031 ἀρτοπώλισιν
1474 1956 1506 2009 et

261 2061 273 2069 ‘
344 2044 602 2133 ἕθελοπόρνοιοι
617 2046 739 2108 uixisse:
759 2054 913 2126 postremo
930 2047 996 2125 quia
1011 2047 1130 2108 Artemo
1151 2065 1186 2109 ex
1201 2066 1331 2129 paupere
1345 2048 1424 2111 diues
1441 2052 1505 2111 lao-

343 2161 390 2215 tus
414 2153 465 2226 sit,
488 2159 560 2214 teste
580 2152 743 2221 Athenaeo3
772 2166 888 2210 sermm
911 2156 1008 2211 summ
1031 2148 1142 2210 divitias
1166 2149 1221 2212 sihi
1248 2168 1418 2232 comparare
1438 2169 1505 2213 non

343 2255 485 2337 potuisse.
514 2254 612 2334 ltaque
626 2253 713 2314 etiam
729 2270 804 2332 quae
819 2252 855 2314 (le
870 2245 963 2331 δουρὶ
977 2258 1006 2311 et
1020 2251 1128 2332 τροχῷ
1142 2250 1290 2325 dicuntur,
1309 2268 1370 2313 non
1386 2253 1421 2313 ue
1435 2270 1504 2315 ser·

344 2357 447 2419 vilibus
467 2355 616 2437 suppliciis
636 2354 729 2434 accipi
750 2354 822 2425 vult,
845 2353 896 2415 sed
916 2353 953 2414 de
971 2352 1081 2414 artibus
1096 2359 1126 2413 et
1139 2354 1305 2433 praestigiis
1320 2356 1503 2418 Artemonis:

343 2458 433 2521 luisse
448 2459 525 2519 enim
541 2457 621 2518 hunc
638 2454 826 2534 petauristam
843 2462 892 2515 aut
905 2454 936 2515 iu
951 2454 1038 2516 simili
1059 2455 1155 2534 aliquo
1171 2473 1277 2535 genere
1293 2458 1445 2520 artificem:
1467 2453 1505 2521 ἐν

344 2555 439 2643 δουρί
462 2560 540 2622 idom
564 2576 630 2621 esse
653 2566 739 2638 atque
758 2550 793 2619 te
814 2550 1102 2639 δαρίδι,“δορίδας
1127 2566 1223 2620 antem
1248 2578 1315 2622 esse
1337 2555 1505 2644 μαχαίρας

341 2657 550 2746 μαγειρικᾶς,
579 2660 745 2724 cuiusmodi
766 2660 858 2721 cultro
873 2660 1048 2722 instructum
1065 2662 1252 2723 Artemonem
1271 2663 1342 2724 tales
1358 2664 1503 2743 quasdam

342 2766 511 2848 praestigias
523 2765 656 2837 edidisse,
671 2763 771 2843 quales
783 2762 918 2823 Gitonem
930 2761 1060 2825 Petronii
1072 2780 1097 2824 c
1109 2762 1149 2825 st
1162 2765 1197 2825 eo
1209 2765 1331 2826 Antont
1346 2759 1381 2827 ἐν
1394 2764 1505 2849 τροχῷ

342 2878 437 2931 autem
461 2859 579 2949 αὐχένα
600 2858 685 2945 ἔχειν
706 2862 895 2945 petauristam
914 2863 984 2938 dici,
1006 2865 1055 2945 qui
1071 2867 1200 2928 oemulot
1213 2876 1242 2928 ot
1260 2866 1291 2928 in
1305 2859 1504 2931 machinare!

341 2980 405 3034 rota
420 2970 541 3032 traiiciat
555 2988 628 3030 sese.
659 2967 736 3029 llaec
755 2976 784 3028 et
799 2968 845 3028 his
860 2966 947 3027 ctiam
966 2966 1110 3047 ineptiora
1124 2988 1141 3028 a
1155 2968 1249 3031 Petito
1264 2971 1424 3048 excogitata
1438 2988 1503 3033 non

342 3075 448 3147 mirem
463 3092 478 3133 a
494 3072 663 3140 Welclero,
682 3072 743 3131 viro
763 3068 1015 3148 ingeniosissimo,
1036 3070 1144 3132 credita
1163 3080 1193 3133 et
1212 3073 1414 3135 commendata
1429 3090 1504 3137 sene

342 3196 428 3257 quam
449 3174 566 3236 nollem.
585 3163 692 3234 -Ἐν
714 3163 808 3251 δουρί
828 3188 890 3232 non
913 3170 1033 3232 dubium
1057 3181 1102 3233 est
1121 3172 1191 3252 quin
1211 3174 1287 3236 idem
1308 3176 1347 3237 sit
1367 3177 1446 3257 quod
1465 3170 1504 3239 ἐν

341 3271 440 3361 ξύλῳ,
464 3271 560 3353 ξύλον
580 3283 690 3349 eutem
717 3272 763 3335 cni
782 3272 908 3335 cervices
929 3273 1047 3335 Artemo
1066 3274 1227 3350 inserebat,
1251 3270 1386 3363 κύφωνα
1408 3278 1503 3341 luisse

341 3388 460 3461 apparet
474 3380 503 3439 h.
519 3397 543 3438 e.
559 3373 675 3450 σκεῦος
697 3369 824 3451 ξύλινον
839 3361 868 3458 qi
888 3370 957 3437 τὸν
978 3369 1119 3454 αὐχένα
1133 3371 1297 3441 ἐνθέντα
1311 3376 1364 3442 δεῖ
1375 3397 1503 3460 μαστι-

341 3479 488 3564 γοῦσθαι
509 3475 566 3541 τὸν
592 3473 671 3560 περὶ
692 3474 753 3563 τήν
767 3469 890 3560 ἄχορᾶν
911 3482 1162 3560 κακουργοῦντα.
1207 3482 1298 3545 Veris
1314 3491 1384 3545 sunt
1398 3483 1502 3545 Pollu-

341 3586 382 3647 cis
397 3585 446 3646 lib.
461 3583 488 3644 X
503 3601 594 3662 segm.
613 3583 682 3644 177.
730 3578 846 3664 Τροχῷ
861 3590 957 3644 autem
972 3582 1086 3644 etiamsi
1102 3583 1179 3645 meu
1195 3584 1281 3647 dubie
1295 3600 1358 3647 nou
1373 3586 1501 3648 cervices

340 3687 420 3749 solue
435 3687 487 3747 sed
503 3695 595 3747 cetera
610 3702 728 3764 quoque
743 3684 873 3745 membro
885 3684 949 3746 eius
965 3686 1014 3765 qui
1029 3686 1214 3764 castigandus
1225 3697 1289 3749 erat
1302 3686 1503 3769 imponeban-

339 3798 400 3864 tur,
418 3806 507 3850 nemo
522 3797 620 3850 tamen
639 3788 792 3850 mirabitur
806 3796 856 3849 aut
871 3786 1043 3867 vituperabit
1056 3797 1187 3868 poetam,
1208 3790 1257 3870 qui
1271 3791 1342 3853 haec
1360 3791 1502 3854 disertius

339 3909 572 3954 commemorare
590 3890 796 3970 supersederit.
845 3889 980 3952 Ceterum
1001 3892 1189 3953 Artemonem
1209 3893 1337 3971 cogitare
1356 3894 1502 3956 debemus

338 3993 485 4056 institorio
500 4002 552 4056 eut
564 3993 650 4056 simili
666 3993 779 4055 midam
796 3992 927 4070 quaestui
943 3992 1088 4066 deditum,
1108 3995 1309 4057 fraudulenter
1321 4004 1454 4077 agentem
1470 4006 1502 4061 et

338 4094 580 4181 κακουργοῦντα
600 4090 678 4177 περὶ
700 4089 758 4179 τὴν
779 4086 917 4176 operer:
940 4094 988 4155 hic
1006 4096 1148 4158 ostentm
1168 4097 1214 4158 ille
1233 4089 1391 4183 κίβδηλος
1411 4090 1499 4179 βίος,

338 4216 426 4280 mem
451 4203 603 4262 Anacreon
634 4197 660 4258 ei
690 4196 803 4258 obiicit:
834 4205 1056 4260 conversantem
1087 4208 1184 4262 autem
1210 4218 1278 4262 cum
1307 4197 1499 4284 πόρναιοιν,

337 4448 379 4513 qul
390 4447 524 4497 multorum
537 4442 692 4495 sermonibus
704 4441 862 4505 celebretur3
876 4444 1077 4509 quemadmodum
1088 4446 1219 4515 Σίσυφος
1229 4442 1422 4518 περιφόρητος
1433 4449 1496 4499 elici·

338 4537 381 4583 tur
390 4532 422 4581 rb
434 4530 576 4598 Eustatbio,
588 4545 660 4598 quem
673 4529 808 4580 &rurales
820 4530 917 4581 citavit.
