3154 5138
854 412 914 482 308

306 604 376 669 uult
409 606 496 669 Hunc
510 624 565 687 pro
580 613 661 666 certo
677 604 827 677 statuisse,
849 603 989 666 extimum
1004 623 1069 667 esse
1083 605 1155 667 lucis
1171 603 1270 667 orbem
1285 622 1372 685 eoque
1386 624 1446 668 eoe-
1559 684 1563 693 ,

307 709 367 772 lum
387 709 476 789 cingi,
502 726 591 789 quum
606 707 795 769 Parmenides
815 700 979 792 στεφάνην
998 726 1082 771 suam
1101 708 1133 769 in
1146 706 1243 769 medio
1257 705 1380 788 positam
1391 725 1450 769 esse

306 811 437 874 voluerit
476 811 518 873 lta
542 817 588 872 est
612 810 763 889 proiecto:
793 808 884 871 nihilo
909 809 1010 873 minus
1034 820 1134 873 tamen
1158 809 1207 873 isti
1232 809 1450 890 interpretationi

308 915 403 976 omnis
414 913 502 977 huius
517 913 575 975 loei
586 913 780 975 conformatio
792 910 963 992 planissime
973 922 1124 994 repugnat
1153 913 1285 976 Primum
1301 913 1377 974 enim
1388 913 1455 974 haee

305 1017 401 1092 rerba,
422 1024 512 1079 cont.
529 1016 599 1078 ard.
614 1015 704 1078 lucis
720 1015 853 1091 orbem,
874 1014 909 1077 ad
924 1015 1128 1096 explicandum
1143 1014 1279 1097 apposita
1293 1033 1365 1087 esse,
1386 1032 1454 1093 qua-

304 1118 361 1180 lem
377 1119 540 1199 stephanon
555 1118 632 1180 illam
648 1118 773 1181 divinam
788 1118 978 1181 Parmenides
992 1138 1059 1182 esse
1073 1119 1185 1194 dixerit
1204 1119 1270 1198 ipsa
1282 1118 1354 1180 haec
1366 1134 1455 1196 appo·
1557 1144 1562 1155 ·

305 1220 373 1282 sitio
388 1222 575 1283 manifestum
596 1219 675 1294 lacit,
697 1221 887 1301 quamohrem
908 1221 994 1283 etiam
1015 1240 1177 1284 connexam
1195 1221 1244 1283 his
1258 1219 1354 1283 verhis
1368 1235 1455 1280 enun-

306 1322 454 1385 tiationem
470 1324 616 1386 relativam
636 1324 672 1386 ad
692 1324 813 1386 eandem
834 1324 1054 1405 explicationem
1072 1323 1219 1406 pertinere
1234 1330 1459 1387 consentaneum

306 1432 359 1486 est.
393 1426 451 1500 Qui
469 1433 564 1488 autem
581 1425 750 1488 Ciceronem
770 1427 813 1488 sio
833 1425 927 1488 obiter
940 1425 1150 1489 Parmenideae
1168 1424 1329 1488 sententiae
1348 1431 1458 1485 contra-
1556 1424 1564 1464 ²

306 1525 400 1589 dicere
414 1527 543 1590 voluisse
558 1528 662 1603 credit,
677 1547 739 1591 non
755 1529 910 1608 reputavit,
925 1528 1069 1609 primum,
1091 1529 1150 1591 hoc
1162 1527 1277 1609 ipsum,
1297 1527 1379 1589 ahter
1392 1526 1460 1586 Par·

305 1629 414 1691 menidi
429 1630 523 1693 visum
539 1650 617 1706 esse,
631 1630 750 1692 serhulo
766 1631 867 1693 saltem
882 1630 1039 1711 significari
1054 1631 1203 1697 debuisse:
1226 1630 1348 1705 deinde,
1362 1628 1459 1690 huius-
1558 1628 1562 1668 ἵ

259 1744 291 1795 16
308 1731 389 1794 modi
414 1734 672 1797 contradictionem
702 1753 826 1815 prorsus
851 1752 1095 1815 supervacaneam
1120 1735 1180 1796 hoe
1208 1734 1293 1808 loco,
1323 1740 1353 1795 et
1376 1750 1464 1813 paene

303 1836 443 1916 puerilem
458 1856 532 1900 esse.
561 1839 636 1900 Nam
652 1838 713 1899 sive
727 1837 823 1899 media
837 1837 891 1899 hait
905 1837 950 1899 illa
965 1837 1120 1917 stephane,
1140 1837 1201 1900 sive
1216 1837 1341 1910 extima,
1354 1833 1465 1907 Velleio,

303 1957 339 1999 ex
354 1939 437 2001 cuius
451 1957 578 2019 persona
599 1939 671 2001 haec
686 1940 784 2001 omnis
805 1939 952 2015 dicuntur,
972 1939 1133 2020 ueterisque
1146 1940 1304 2021 Epicureis
1319 1957 1412 2020 aeque
1424 1946 1465 1998 ta·
1566 1998 1567 2001 ,

302 2058 371 2102 men
390 2041 595 2103 commenticia
614 2061 680 2104 esse
699 2041 857 2103 videbatur.
898 2041 1006 2114 Quidni
1032 2041 1120 2120 igitur
1144 2043 1290 2117 latemur,
1318 2039 1399 2121 quod
1422 2055 1466 2100 res
1561 2074 1563 2079 .

303 2140 369 2205 est?
391 2162 505 2205 errasse
519 2142 702 2219 Ciceronem,
723 2153 867 2219 autenm,
887 2162 974 2224 quem
994 2143 1019 2205 is
1038 2143 1069 2204 in
1083 2143 1139 2205 hae
1152 2151 1240 2225 parte
1254 2152 1409 2207 auctorem
1423 2160 1467 2202 se-
1565 2182 1567 2187 ,

302 2245 409 2325 quitur,
423 2245 459 2307 de
473 2246 655 2308 Parmenidis
671 2247 824 2321 sententia,
843 2246 891 2327 qui
906 2263 990 2307 error
1004 2264 1092 2325 quam
1107 2245 1198 2307 facilis
1215 2264 1373 2328 quamque
1386 2261 1470 2307 exeu-

302 2346 400 2408 sabihs
419 2347 518 2422 hierii,
545 2366 607 2409 non
627 2367 703 2428 opus
723 2357 769 2411 est
786 2366 939 2429 exponere.
979 2348 1169 2411 Mutationem
1188 2367 1263 2412 vero
1285 2350 1367 2412 illam
1387 2347 1469 2409 unius

301 2446 421 2522 litterae,
435 2457 468 2510 ut
479 2467 514 2510 ex
525 2449 679 2511 indicativo
691 2451 892 2513 coniunctims
905 2450 963 2524 liat,
978 2467 1040 2511 non
1052 2449 1271 2527 reformidabit,
1288 2452 1343 2533 qui
1353 2452 1384 2514 in
1394 2449 1471 2512 nullo
1565 2486 1567 2495 ‹

303 2567 408 2629 genere
429 2552 610 2631 frequentius
630 2570 647 2613 a
666 2550 790 2614 librariis
811 2559 961 2633 peccatum
978 2571 1043 2615 esse
1057 2553 1241 2616 recordetur.
1274 2554 1314 2615 Et
1335 2551 1472 2634 quioniam

301 2652 360 2714 hue
374 2671 422 2715 me
434 2653 526 2715 oratio
543 2652 669 2727 deduxit,
685 2653 737 2716 alia
751 2654 892 2735 quaedam
906 2663 1140 2735 permutatorum
1155 2656 1331 2720 modorum
1347 2654 1475 2735 exempla

300 2773 336 2816 ex
349 2755 408 2816 hoc
422 2755 487 2834 ipso
503 2755 577 2817 hhro
593 2756 689 2835 primo
704 2756 890 2819 considerare
903 2756 1003 2837 placet

385 2856 516 2918 Primum
537 2856 624 2936 igitur
639 2858 738 2921 statim
756 2859 787 2920 in
806 2860 861 2920 hae
875 2859 938 2940 ipsa
952 2860 1137 2940 paragrapho
1152 2861 1283 2926 codices
1301 2879 1412 2926 ornnes
1425 2860 1476 2923 ha·
1566 2860 1567 2901 ³

300 2957 382 3018 hent:
408 2959 540 3039 quippe
560 2959 618 3039 qui
642 2959 785 3035 bellum,
812 2961 869 3042 qui
889 2960 1121 3038 discordiam,
1146 2964 1209 3043 qui
1230 2964 1476 3047 cupiditatem
1565 2972 1567 3007 ¹

301 3066 488 3141 ceteraque
503 3061 643 3140 generis
660 3062 819 3124 eiusdem
834 3063 875 3125 ad
892 3064 994 3125 deum
1009 3073 1160 3127 revocat
1188 3066 1278 3130 Satis
1292 3076 1398 3131 autem
1409 3082 1478 3128 eon-

300 3168 357 3223 stat
370 3162 458 3224 hodie
472 3162 548 3225 inter
561 3161 640 3224 viros
654 3163 863 3243 peritissimos,
887 3165 1058 3228 Ciceronem
1079 3166 1216 3248 quippe
1239 3170 1306 3251 qui
1327 3183 1479 3250 nunquam
1566 3188 1567 3199 ¹

299 3283 362 3327 non
377 3284 444 3327 cum
459 3266 645 3329 coniunctim
661 3266 752 3328 modo
768 3268 975 3330 construxisse.
996 3304 1040 3314 ·-
1068 3268 1127 3331 Sed
1145 3268 1231 3347 eius,
1254 3271 1295 3335 de
1312 3292 1376 3353 quo
1393 3288 1481 3351 supra

299 3366 440 3443 diximus,
457 3368 515 3429 loei
529 3368 694 3430 simillimus
711 3376 755 3430 est
769 3369 852 3445 alter,
867 3388 928 3450 oap.
944 3371 994 3444 43,
1013 3370 1083 3446 120,
1104 3368 1157 3433 uhi
1171 3370 1215 3434 de
1230 3373 1405 3439 Democriti
1421 3371 1481 3455 pla·

300 3469 363 3532 citis
383 3470 583 3534 haecaCotta
598 3471 747 3534 dicuntur:
775 3472 860 3534 Tum
880 3473 969 3534 enim
991 3480 1113 3536 censet
1130 3473 1326 3556 imagines
1349 3474 1482 3540 divini-

298 3577 369 3635 tate
387 3573 566 3652 praeditas
586 3573 707 3635 inesse
725 3571 761 3635 in
783 3573 1014 3637 universitate
1032 3594 1165 3638 rerum:
1186 3583 1275 3642 tum
1296 3576 1485 3662 principia

297 3675 442 3751 mentis,
462 3683 647 3758 quaesunt
665 3678 701 3738 in
721 3676 841 3738 eodem
860 3677 1042 3754 universo,
1061 3678 1148 3741 deos
1164 3697 1259 3744 esse
1276 3682 1387 3760 dicit3
1413 3690 1484 3744 tum

297 3776 493 3841 animantes
520 3778 708 3860 imagines,
734 3798 822 3860 quae
847 3779 1021 3859 prodesse
1044 3779 1148 3842 nohis
1175 3783 1318 3849 solent
1337 3785 1396 3850 vel
1422 3802 1486 3849 no·

297 3896 383 3941 cere.
414 3879 612 3943 Credemusne
625 3881 673 3943 hic
688 3900 805 3963 quoque
818 3898 880 3943 non
894 3879 1087 3957 ammonio,
1102 3883 1156 3945 sed
1170 3902 1215 3947 ex
1233 3886 1343 3969 ipsius
1358 3889 1486 3970 loquen-

296 3979 333 4041 tis
349 3991 446 4044 mente
460 3983 532 4046 haee
546 4002 634 4065 quae
650 3992 789 4046 sunt-
805 4003 891 4065 quae
906 3984 1023 4047 solent
1038 3985 1112 4048 dieta
1127 4004 1213 4063 esse,
1231 3997 1273 4053 ut
1285 3991 1488 4056 Academicus

295 4101 362 4144 esse
379 4102 411 4146 re
429 4103 497 4148 vera
516 4105 550 4148 ea
570 4086 678 4148 mentis
697 4084 839 4167 principia
859 4086 889 4148 in
908 4088 1059 4162 universo,
1084 4095 1113 4150 et
1130 4106 1206 4152 esse
1222 4091 1309 4155 istas
1328 4094 1487 4175 imagines,

293 4203 398 4265 easque
412 4187 502 4250 nohis
517 4189 660 4268 prodesse
673 4195 723 4251 aot
737 4207 845 4251 nocere
858 4187 1005 4252 affirma?
1029 4190 1062 4252 ld
1077 4189 1203 4271 quidem
1221 4192 1410 4261 absurdum
1426 4215 1491 4259 esse

292 4304 380 4351 nemo
396 4307 457 4350 non
471 4290 556 4355 videt.
587 4291 760 4353 Tolerarunt
778 4300 873 4354 tamen
893 4291 959 4355 illos
979 4294 1055 4357 duos
1074 4293 1266 4361 indicativos
1291 4320 1411 4367 omnes
1426 4308 1491 4365 aute

293 4388 510 4466 lleindorlium,
530 4392 582 4472 quai
599 4392 752 4456 admonuit
772 4393 873 4457 saltem
892 4394 929 4458 de
946 4395 1031 4459 sitio:
1056 4396 1237 4463 tolerarunt
1259 4406 1362 4469 etiarn
1386 4417 1492 4490 postea
