3290 5142
888 468 930 532 60

358 670 359 675 ’
413 650 476 713 lem
489 647 661 732 perfunctus
681 654 794 737 prologi
815 654 912 719 officio
930 656 1091 720 llercurius
1109 656 1146 720 de
1164 675 1251 722 scens
1272 658 1412 736 discedit3
1434 660 1486 723 sed

331 775 459 839 qucum
475 756 605 823 discedat
617 773 679 818 nen
693 757 763 819 satis
778 765 893 820 certum
907 767 962 822 est.
992 758 1067 821 Nam
1083 760 1163 842 quod
1177 760 1218 823 ait
1231 780 1259 823 r.
1276 760 1331 825 ’λῦε

493 852 563 924 ἀλλ’
583 851 631 934 εἰς
653 851 808 943 δαφνώδη
832 851 935 943 γύαλη
957 853 1108 944 βήσομαι
1129 855 1221 941 τάδε,

329 962 429 1042 quaeri
444 969 550 1043 potest,
567 979 711 1042 quaenam
726 962 786 1024 sint
800 961 873 1024 haee
888 955 1044 1047 δαφνώδη
1060 956 1174 1044 γύαλα.
1193 964 1250 1027 Alii
1264 965 1343 1028 enim
1354 965 1492 1029 Pmnassi

329 1065 473 1127 convalles
488 1064 696 1127 intellexerunt
709 1064 820 1145 templo
843 1064 1034 1146 propinquas,
1055 1085 1148 1147 esque
1167 1066 1300 1130 vocabuli
1320 1067 1491 1149 significatio

329 1184 402 1229 seue
425 1166 666 1248 frequentissima
692 1172 738 1228 est
765 1166 934 1248 neminique
955 1167 1070 1249 ignota3
1091 1169 1140 1231 alii
1159 1168 1304 1251 templum
1323 1170 1421 1251 ipsum
1441 1170 1491 1232 illo

330 1262 460 1350 γούλων
479 1269 601 1332 nomine
615 1268 760 1350 designari
775 1269 885 1343 volunt,
902 1270 1011 1351 quippe
1026 1271 1105 1352 quod
1116 1272 1247 1353 potuerit
1261 1272 1350 1335 etiam
1365 1272 1402 1335 de
1416 1290 1492 1353 ‹pro-

329 1369 373 1432 vis
387 1370 453 1433 loco
467 1370 598 1453 undique
613 1377 714 1453 saepto
729 1377 760 1434 et
775 1378 909 1435 contecto
925 1370 991 1445 dici,
1008 1374 1259 1452 quemadmodum
1276 1373 1407 1437 thesauri
1420 1375 1449 1437 lu
1464 1394 1491 1437 e.

330 1472 460 1536 aedilicia
474 1473 603 1537 donariis
622 1475 771 1537 servandis
791 1473 937 1536 destinata
956 1470 1078 1553 χρυσοῦ
1099 1469 1242 1557 γέμοντα
1263 1470 1368 1557 γύαλα
1389 1476 1493 1539 dium·

329 1580 380 1636 tur
393 1574 536 1637 murem.
557 1577 639 1639 1070
655 1577 828 1655 (1093)‚²⁴)
848 1583 879 1638 et
899 1575 930 1637 iu
948 1574 1005 1639 hac
1023 1577 1086 1657 ipen
1105 1576 1202 1640 fabula
1221 1598 1249 1640 r.
1269 1577 1342 1651 225,
1365 1569 1495 1660 γυάλων

328 1667 514 1761 ὑπερβῆναι
535 1674 641 1762 λευκῷ
662 1672 744 1742 ποδὶ
766 1669 897 1757 [deidei
919 1690 945 1739 ν.
976 1677 1055 1741 243:
1082 1678 1245 1759 μεθεῖσαν
1266 1673 1432 1744 δεσπόται
1450 1701 1495 1762 με

329 1774 415 1839 θεοῦ
437 1772 541 1859 γύαλα
566 1773 641 1844 τύδ’
668 1772 819 1850 εἰσιδεῖν,
847 1787 877 1841 et
896 1799 921 1841 v.
943 1779 1020 1842 257:
1049 1768 1089 1842 οὗ
1113 1773 1237 1857 πάντες
1263 1771 1361 1846 ύλλοι
1387 1777 1495 1866 γύαλα

330 1878 522 1961 λεύσσοντες
541 1879 628 1963 θεοῦ
642 1875 821 1964 χαίρουσιν,
835 1882 961 1945 dubitari
971 1882 1083 1964 nequit,
1099 1883 1170 1964 quin
1179 1884 1334 1967 templum,
1345 1903 1407 1949 uon
1421 1903 1497 1949 con·

208 2029 212 2035 ·
331 1987 420 2051 valles
434 1988 554 2069 intelligi
567 1987 702 2050 debeant.
729 1984 840 2058 Quodsi
852 1984 918 2065 quis
933 1993 1033 2048 tamen
1047 1985 1218 2068 Euripidem
1234 1987 1370 2068 ambigue
1384 1988 1495 2070 loquu-

331 2084 396 2152 tum
411 2109 476 2154 esse
490 2090 671 2163 criminetur,
684 2094 865 2169 spectatores
880 2086 998 2169 qrddom
1019 2096 1113 2163 certe,
1135 2107 1229 2171 quum
1247 2090 1396 2166 riderent,
1418 2109 1496 2171 quo-

330 2210 400 2255 nam
414 2193 574 2257 llerourius
588 2191 690 2266 abiret,
706 2190 743 2254 de
752 2190 962 2271 significatione
975 2191 1134 2254 verborum
1144 2209 1241 2255 errare
1252 2209 1314 2255 non
1323 2199 1494 2276 potueruut.

416 2295 514 2358 Etiam
527 2297 559 2357 in
572 2314 600 2355 r.
616 2293 672 2355 79:

496 2386 563 2478 6ρῶ
584 2392 644 2478 γὰρ
667 2386 859 2476 ἐκβαίνοντα
880 2386 1010 2471 Λοξίου
1033 2380 1136 2475 γόνον,

332 2499 433 2581 quaeri
446 2517 527 2563 nuno
540 2499 660 2581 qrridem
675 2517 693 2561 a
706 2496 869 2578 legentibus
884 2502 993 2578 potest,
1009 2497 1088 2560 uude
1108 2497 1162 2560 lon
1182 2500 1261 2562 exire
1281 2497 1431 2581 putandus
1445 2499 1496 2574 sit,

331 2621 368 2666 ex
382 2603 543 2683 templone‚
559 2601 638 2683 quod
653 2601 802 2663 nonnullis
816 2600 911 2662 vuum
927 2608 983 2671 est,
1005 2618 1043 2662 en
1063 2619 1098 2663 er
1117 2600 1214 2681 aliquo
1235 2598 1401 2664 habitaculo
1422 2619 1495 2682 pro·

331 2704 453 2788 pinquo,
468 2722 534 2767 auc
549 2702 677 2766 convalle
691 2702 801 2779 viciua3
816 2703 868 2765 scd
882 2702 1098 2786 spectatoribus
1112 2701 1212 2766 locum
1224 2702 1362 2766 disertius
1372 2702 1498 2767 indicari

331 2825 394 2870 nou
409 2825 485 2889 opus
502 2813 573 2869 erat
603 2804 694 2868 Nobis
714 2807 785 2886 quid
805 2807 950 2881 rideatur,
969 2806 1026 2868 ulio
1044 2813 1179 2887 tempore
1198 2804 1421 2887 explicabimus.
1442 2805 1497 2870 ubi

332 2909 369 2973 de
384 2909 519 2991 proximo
533 2908 646 2971 cantico
660 2907 739 2970 lonis
750 2909 946 2972 disseremus:
962 2926 1032 2971 nam
1043 2909 1197 2971 consilium
1208 2915 1253 2970 est
1267 2908 1357 2971 etiem
1366 2906 1497 2991 reliques

332 3011 447 3075 fabulae
463 3017 560 3094 partes
575 3010 699 3094 carptim
713 3010 884 3074 huiusmodi
898 3010 1125 3092 scriptiunculis,
1141 3028 1266 3091 quarum
1286 3011 1372 3074 uoltis
1389 3028 1497 3076 neces·

333 3114 404 3177 sitas
418 3114 558 3196 impositu
573 3121 632 3187 est,
653 3119 841 3194 pertractare.
877 3112 963 3177 Nunc
982 3119 1080 3176 autem
1101 3132 1137 3175 co
1158 3119 1391 3194 praevertemur,
1411 3113 1497 3178 cuius

333 3234 421 3280 ceusu
436 3214 494 3278 hoc
507 3234 696 3297 programma
706 3215 895 3278 scribendum
909 3215 975 3279 luit.

418 3317 578 3381 indicimus
592 3318 680 3400 igitur
693 3317 780 3400 Regis
793 3316 1001 3399 Angustissimi
1014 3317 1146 3381 natalicia
1161 3316 1208 3380 die
1221 3316 1340 3380 crasdni
1360 3317 1427 3381 hor.
1441 3317 1497 3381 ΧΠ

333 3420 365 3482 in
379 3419 523 3483 auditorio
535 3420 664 3484 marimo
679 3421 716 3485 ab
730 3421 918 3484 universitate
931 3427 1033 3489 nostra
1044 3419 1225 3490 celebranda,
1243 3437 1415 3501 omnesque,
1428 3420 1498 3501 qui-

333 3539 450 3602 cunque
466 3522 555 3585 rebus
571 3524 681 3587 uostris
699 3523 812 3600 iurent,
833 3523 1021 3604 meginratus
1039 3521 1135 3603 regios
1155 3528 1185 3585 et
1203 3521 1331 3597 urbicos,
1350 3522 1448 3585 civiles
1467 3529 1499 3585 st

333 3624 484 3700 militares,
503 3644 667 3708 omnesque
686 3626 821 3689 omnium
836 3625 974 3689 ordinum
994 3624 1071 3688 cives
1092 3632 1181 3705 atque
1195 3625 1328 3709 hospites
1344 3631 1379 3688 ut
1399 3625 1498 3689 coetui

333 3734 437 3790 nostro
451 3727 621 3809 dequemee
635 3729 738 3793 adosse
755 3729 842 3791 velim
856 3747 914 3809 qua
929 3727 1013 3790 decet
1023 3726 1207 3791 observantia
1221 3735 1252 3790 et
1271 3727 1435 3792 reverentia
1449 3727 1496 3790 in·

333 3829 470 3893 dumus.

477 3933 626 3997 babemus
638 3933 882 4017 Gryphiswaldiae
895 3931 971 4014 prid.
986 3931 1028 3994 ld.
1044 3931 1148 3994 θολοῦ.
1162 3931 1360 3996 usnemu.

402 4100 446 4165 λλ)
458 4101 502 4152 Sic
515 4111 585 4155 recte
593 4100 717 4154 Miillerus
725 4102 825 4167 statuit,
836 4100 971 4155 Archssnl.
984 4099 1001 4168 5
1012 4101 1072 4166 291,
1083 4101 1111 4164 63
1121 4116 1269 4167 quamquam
1277 4100 1413 4153 dissentire
1421 4099 1497 4152 video
1614 4066 1615 4073 ί

334 4187 507 4241 doctissimum
518 4188 689 4241 Wiasclsrnm
706 4187 732 4239 in
744 4186 836 4239 Annei.
848 4185 908 4253 phil.
920 4194 947 4239 ct
958 4187 1029 4252 pssd.
1039 4183 1081 4238 vol
1094 4186 1126 4238 75
1139 4186 1226 4253 (1857)
1239 4202 1262 4252 p.
1274 4187 1332 4239 676.
