3290 5142
809 442 962 542 —so—

388 632 586 699 Praedioanda
598 632 687 716 igtur
700 638 746 695 est
759 649 865 696 eorum
879 633 1059 716 populorum
1071 632 1207 708 romunt,
1223 633 1329 715 quilom
1342 636 1465 719 oontigu't

302 749 336 805 ut
348 740 515 803 libemtem
528 737 671 800 haberent
684 736 756 799 boni
769 755 804 799 ao
816 735 886 800 iusti
900 736 977 817 mgis
991 740 1136 817 potestate
1150 743 1245 800 tutam
1258 744 1348 820 atque
1361 739 1463 802 muni-

301 850 378 907 tam:
398 841 604 924 mouendum
624 838 714 903 etiam
728 846 831 902 nostro
846 838 972 920 populo,
992 839 1040 901 oui
1052 839 1123 903 boni
1136 857 1171 902 ao
1183 840 1255 903 iusti
1269 859 1352 923 reges
1365 859 1462 923 neque

302 945 455 1026 superiore
474 951 609 1024 tempore
623 959 721 1024 neque
734 941 790 1004 huo
803 946 907 1004 nostra
921 948 1015 1004 aetate
1030 942 1200 1017 uetuerunt,
1219 949 1250 1004 et
1263 943 1293 1004 in
1308 962 1368 1027 quo
1382 963 1469 1010 nune·

302 1048 402 1131 ipsum
416 1047 530 1129 optimo
541 1044 621 1127 Regi,
636 1043 713 1126 patri
722 1043 843 1125 patriae,
858 1044 942 1109 cuius
952 1062 1048 1126 nuper
1057 1052 1187 1108 mortem
1198 1045 1379 1121 deflevimus,
1393 1043 1462 1112 sue·

225 1140 231 1141 7
303 1151 426 1215 cessisse
444 1149 567 1212 fratrem
585 1147 719 1211 videmus
740 1164 802 1209 non
815 1146 932 1208 minore
944 1147 1052 1210 virtute
1065 1147 1143 1230 regie
1157 1154 1313 1224 ornatum,
1333 1150 1463 1214 veritam

303 1257 334 1317 et
352 1251 479 1315 iustitiae
499 1254 663 1323 amantem,
685 1248 815 1311 sincerae
828 1249 945 1330 pietatis
960 1249 1119 1325 cultorem,
1138 1251 1252 1315 summe
1266 1252 1462 1316 simulationis

302 1354 473 1429 inimicum,
493 1360 524 1416 ot
537 1354 596 1416 iam
612 1351 724 1414 dudum
738 1350 793 1414 sub
808 1350 908 1414 fratris
921 1370 1012 1434 reguo
1026 1368 1088 1416 non
1102 1354 1202 1417 minus
1217 1353 1359 1435 sapientia
1373 1372 1462 1435 quam

301 1455 474 1522 lenitudine
494 1456 526 1517 in
545 1455 709 1518 multarum
729 1471 961 1537 magnarumque
975 1473 1076 1519 rerum
1090 1458 1137 1519 voi
1151 1457 1279 1520 civilium
1293 1457 1338 1519 rol
1352 1456 1462 1519 milita-

300 1561 379 1624 rium
399 1558 653 1623 administratione
667 1557 781 1638 egregie
796 1561 971 1639 spectatum.
999 1559 1132 1641 Tempus
1146 1564 1245 1622 antem
1259 1559 1347 1623 huius
1360 1564 1461 1640 gratu·

300 1664 416 1728 lationis
431 1678 493 1725 non
507 1659 597 1723 modo
611 1659 747 1741 privatim
762 1678 779 1722 a
793 1659 914 1741 singulis
929 1658 982 1722 sed
996 1661 1110 1744 puhlioe
1121 1660 1157 1725 ab
1169 1662 1308 1725 omnibus
1319 1678 1463 1743 peragen-

300 1768 355 1829 dae
369 1765 484 1827 nullum
498 1762 595 1844 aptius
609 1760 763 1836 habemus,
780 1781 872 1844 quem
886 1762 964 1825 mem
975 1763 1083 1845 Regis
1098 1764 1234 1838 natalem,
1250 1782 1310 1845 quo
1323 1764 1369 1826 die
1379 1783 1463 1829 saera

301 1868 365 1933 eins
376 1865 517 1940 natalicia,
533 1865 628 1947 prima
639 1869 708 1946 post
718 1863 787 1928 nori
796 1865 880 1947 regni
890 1864 1017 1942 initium,
1028 1866 1203 1931 universitas
1214 1874 1316 1929 nostra
1326 1853 1462 1930 soliemni

300 1972 359 2036 ritu
374 1969 555 2033 eelebratura
569 1972 624 2031 est.

384 2072 477 2154 igitur
490 2071 526 2134 ad
541 2070 615 2132 haee
628 2068 736 2150 Regis
751 2067 1019 2151 Angustissimi
1034 2070 1206 2135 Guilelmi
1220 2070 1243 2133 Ι.
1258 2086 1342 2134 soors
1355 2071 1462 2134 natali·

300 2176 344 2240 oia
359 2174 406 2237 die
421 2174 564 2248 aestino,
584 2171 612 2235 d.
629 2170 719 2233 XXII.
734 2171 764 2234 lu
780 2190 838 2247 m.‚
860 2174 933 2237 hora
947 2172 988 2235 xl
1002 2172 1049 2255 pie
1063 2173 1236 2237 celebranda
1251 2166 1370 2248 omnes,
1392 2174 1460 2255 qni-

300 2296 416 2359 eunque
435 2278 546 2360 paritor
559 2274 715 2338 nobiscum
730 2276 851 2340 animati
865 2284 951 2351 sunt,
973 2277 1162 2358 magistratus
1176 2276 1271 2359 regios
1286 2283 1317 2339 et
1329 2274 1458 2352 urbicos,

300 2380 398 2445 oivilm
418 2389 447 2442 ot
468 2379 622 2453 militares,
644 2396 806 2461 omnesque
826 2379 960 2442 omnium
981 2378 1119 2443 ordinum
1134 2377 1210 2442 eires
1224 2386 1314 2461 atque
1327 2379 1459 2461 hospites

301 2501 358 2565 qua
372 2485 456 2546 deoet
470 2480 654 2544 observantia
667 2486 697 2543 et
710 2483 874 2545 reverentia
887 2482 1055 2546 invitamus.

384 2584 532 2650 Debemus
546 2584 793 2668 Gryphiswaidiae
808 2587 837 2650 d.
851 2584 928 2648 XXI.
944 2584 1029 2649 Mart
1043 2582 1241 2649 menum,
