<?xml version="1.0" encoding="UTF-8"?>
<!DOCTYPE html PUBLIC "-//W3C//DTD XHTML 1.0 Transitional//EN"
    "http://www.w3.org/TR/xhtml1/DTD/xhtml1-transitional.dtd">
<html xmlns="http://www.w3.org/1999/xhtml" xml:lang="en" lang="en">
 <head>
  <title>
</title>
<meta http-equiv="Content-Type" content="text/html;charset=utf-8" />
  <meta name='ocr-system' content='tesseract 3.04.00' />
  <meta name='ocr-capabilities' content='ocr_page ocr_carea ocr_par ocr_line ocrx_word'/>
</head>
<body>
  <div class='ocr_page' id='page_1' title='image "./opusculaacademi00schogoog_0437.png"; bbox 0 0 3266 5140; ppageno 0'>
   <div class='ocr_carea' id='block_1_1' title="bbox 783 461 983 562">
    <p class='ocr_par' dir='ltr' id='par_1_1' title="bbox 783 461 983 562">
     <span class='ocr_line' id='line_1_1' title="bbox 783 461 983 562; baseline -0.01 -37"><span class='ocrx_word' id='word_1_1' title='bbox 783 461 983 562; x_wconf 46' lang='lat' dir='ltr'><strong>Ali—</strong></span> 
     </span>
    </p>
   </div>
   <div class='ocr_carea' id='block_1_2' title="bbox 305 647 1462 1659">
    <p class='ocr_par' dir='ltr' id='par_1_2' title="bbox 305 647 1462 1659">
     <span class='ocr_line' id='line_1_2' title="bbox 306 647 1460 730; baseline -0.002 -18"><span class='ocrx_word' id='word_1_2' title='bbox 306 650 394 713; x_wconf 86' lang='lat' dir='ltr'><strong>etiam</strong></span> <span class='ocrx_word' id='word_1_3' title='bbox 407 650 481 714; x_wconf 87' lang='lat' dir='ltr'><strong>ratio</strong></span> <span class='ocrx_word' id='word_1_4' title='bbox 496 650 626 712; x_wconf 89' lang='lat' dir='ltr'><strong>nominis</strong></span> <span class='ocrx_word' id='word_1_5' title='bbox 638 650 699 712; x_wconf 90' lang='lat' dir='ltr'><strong>sive</strong></span> <span class='ocrx_word' id='word_1_6' title='bbox 714 647 897 730; x_wconf 79' lang='lat' dir='ltr'><strong>cognominis</strong></span> <span class='ocrx_word' id='word_1_7' title='bbox 912 648 992 710; x_wconf 87' lang='lat' dir='ltr'><strong>laoile</strong></span> <span class='ocrx_word' id='word_1_8' title='bbox 1005 658 1134 729; x_wconf 87' lang='lat' dir='ltr'><strong>apparet.</strong></span> <span class='ocrx_word' id='word_1_9' title='bbox 1157 647 1460 712; x_wconf 78' lang='lat' dir='ltr'><strong>SeilioettutioumSa-</strong></span> 
     </span>
     <span class='ocr_line' id='line_1_3' title="bbox 305 750 1462 833; baseline -0.004 -18"><span class='ocrx_word' id='word_1_10' title='bbox 305 753 413 815; x_wconf 86' lang='lat' dir='ltr'><strong>mnites</strong></span> <span class='ocrx_word' id='word_1_11' title='bbox 427 752 457 815; x_wconf 93' lang='lat' dir='ltr'><strong>id</strong></span> <span class='ocrx_word' id='word_1_12' title='bbox 472 751 615 833; x_wconf 89' lang='lat' dir='ltr'><strong>oppidum</strong></span> <span class='ocrx_word' id='word_1_13' title='bbox 631 751 784 827; x_wconf 77' lang='lat' dir='ltr'><strong>vocabant,</strong></span> <span class='ocrx_word' id='word_1_14' title='bbox 806 771 865 833; x_wconf 94' lang='lat' dir='ltr'><strong>quo</strong></span> <span class='ocrx_word' id='word_1_15' title='bbox 880 761 956 814; x_wconf 86' lang='lat' dir='ltr'><strong>tooto</strong></span> <span class='ocrx_word' id='word_1_16' title='bbox 978 753 1007 812; x_wconf 92' lang='lat' dir='ltr'><strong>h.</strong></span> <span class='ocrx_word' id='word_1_17' title='bbox 1019 771 1044 812; x_wconf 90' lang='lat' dir='ltr'><strong>e.</strong></span> <span class='ocrx_word' id='word_1_18' title='bbox 1067 752 1242 815; x_wconf 80' lang='lat' dir='ltr'><strong>universitas</strong></span> <span class='ocrx_word' id='word_1_19' title='bbox 1264 770 1381 824; x_wconf 89' lang='lat' dir='ltr'><strong>eorum,</strong></span> <span class='ocrx_word' id='word_1_20' title='bbox 1402 750 1462 812; x_wconf 88' lang='lat' dir='ltr'><strong>sive</strong></span> 
     </span>
     <span class='ocr_line' id='line_1_4' title="bbox 307 853 1461 936; baseline -0.004 -18"><span class='ocrx_word' id='word_1_21' title='bbox 307 855 405 919; x_wconf 88' lang='lat' dir='ltr'><strong>omnis</strong></span> <span class='ocrx_word' id='word_1_22' title='bbox 428 855 572 936; x_wconf 87' lang='lat' dir='ltr'><strong>populus,</strong></span> <span class='ocrx_word' id='word_1_23' title='bbox 594 855 629 916; x_wconf 92' lang='lat' dir='ltr'><strong>ad</strong></span> <span class='ocrx_word' id='word_1_24' title='bbox 650 855 773 918; x_wconf 86' lang='lat' dir='ltr'><strong>concilia</strong></span> <span class='ocrx_word' id='word_1_25' title='bbox 788 861 1008 935; x_wconf 89' lang='lat' dir='ltr'><strong>conventusque</strong></span> <span class='ocrx_word' id='word_1_26' title='bbox 1022 855 1210 917; x_wconf 88' lang='lat' dir='ltr'><strong>celebrandos</strong></span> <span class='ocrx_word' id='word_1_27' title='bbox 1226 854 1373 917; x_wconf 82' lang='lat' dir='ltr'><strong>confluere</strong></span> <span class='ocrx_word' id='word_1_28' title='bbox 1383 853 1461 914; x_wconf 90' lang='lat' dir='ltr'><strong>sole·</strong></span> 
     </span>
     <span class='ocr_line' id='line_1_5' title="bbox 307 955 1461 1040; baseline -0.006 -18"><span class='ocrx_word' id='word_1_29' title='bbox 307 961 364 1022; x_wconf 86' lang='lat' dir='ltr'><strong>hat</strong></span> <span class='ocrx_word' id='word_1_30' title='bbox 409 959 461 1021; x_wconf 88' lang='lat' dir='ltr'><strong>Sin</strong></span> <span class='ocrx_word' id='word_1_31' title='bbox 475 958 548 1021; x_wconf 87' lang='lat' dir='ltr'><strong>lalso</strong></span> <span class='ocrx_word' id='word_1_32' title='bbox 564 967 651 1040; x_wconf 92' lang='lat' dir='ltr'><strong>caput</strong></span> <span class='ocrx_word' id='word_1_33' title='bbox 666 958 776 1021; x_wconf 83' lang='lat' dir='ltr'><strong>Samnii</strong></span> <span class='ocrx_word' id='word_1_34' title='bbox 790 956 924 1021; x_wconf 86' lang='lat' dir='ltr'><strong>Tuticum</strong></span> <span class='ocrx_word' id='word_1_35' title='bbox 939 977 956 1019; x_wconf 93' lang='lat' dir='ltr'><strong>a</strong></span> <span class='ocrx_word' id='word_1_36' title='bbox 972 958 1111 1020; x_wconf 72' lang='lat' dir='ltr'><strong>Dositheo</strong></span> <span class='ocrx_word' id='word_1_37' title='bbox 1127 957 1241 1029; x_wconf 89' lang='lat' dir='ltr'><strong>dicitur,</strong></span> <span class='ocrx_word' id='word_1_38' title='bbox 1257 955 1348 1019; x_wconf 80' lang='lat' dir='ltr'><strong>nihilo</strong></span> <span class='ocrx_word' id='word_1_39' title='bbox 1362 956 1461 1017; x_wconf 89' lang='lat' dir='ltr'><strong>minus</strong></span> 
     </span>
     <span class='ocr_line' id='line_1_6' title="bbox 306 1058 1461 1143; baseline -0.005 -18"><span class='ocrx_word' id='word_1_40' title='bbox 306 1071 403 1125; x_wconf 73' lang='lat' dir='ltr'><strong>umen</strong></span> <span class='ocrx_word' id='word_1_41' title='bbox 418 1063 506 1125; x_wconf 90' lang='lat' dir='ltr'><strong>etiam</strong></span> <span class='ocrx_word' id='word_1_42' title='bbox 522 1062 628 1125; x_wconf 89' lang='lat' dir='ltr'><strong>minori</strong></span> <span class='ocrx_word' id='word_1_43' title='bbox 643 1062 726 1125; x_wconf 89' lang='lat' dir='ltr'><strong>alicui</strong></span> <span class='ocrx_word' id='word_1_44' title='bbox 741 1062 851 1143; x_wconf 93' lang='lat' dir='ltr'><strong>oppido</strong></span> <span class='ocrx_word' id='word_1_45' title='bbox 866 1062 936 1124; x_wconf 91' lang='lat' dir='ltr'><strong>illud</strong></span> <span class='ocrx_word' id='word_1_46' title='bbox 950 1079 1061 1123; x_wconf 89' lang='lat' dir='ltr'><strong>nomen</strong></span> <span class='ocrx_word' id='word_1_47' title='bbox 1074 1059 1248 1124; x_wconf 87' lang='lat' dir='ltr'><strong>convenisse</strong></span> <span class='ocrx_word' id='word_1_48' title='bbox 1265 1058 1413 1133; x_wconf 88' lang='lat' dir='ltr'><strong>dicemus,</strong></span> <span class='ocrx_word' id='word_1_49' title='bbox 1435 1060 1461 1119; x_wconf 88' lang='lat' dir='ltr'><strong>si</strong></span> 
     </span>
     <span class='ocr_line' id='line_1_7' title="bbox 306 1162 1460 1247; baseline -0.005 -19"><span class='ocrx_word' id='word_1_50' title='bbox 306 1184 367 1228; x_wconf 89' lang='lat' dir='ltr'><strong>non</strong></span> <span class='ocrx_word' id='word_1_51' title='bbox 386 1165 504 1246; x_wconf 90' lang='lat' dir='ltr'><strong>quidem</strong></span> <span class='ocrx_word' id='word_1_52' title='bbox 524 1165 621 1227; x_wconf 90' lang='lat' dir='ltr'><strong>omnis</strong></span> <span class='ocrx_word' id='word_1_53' title='bbox 640 1165 755 1247; x_wconf 88' lang='lat' dir='ltr'><strong>populi,</strong></span> <span class='ocrx_word' id='word_1_54' title='bbox 780 1171 810 1226; x_wconf 94' lang='lat' dir='ltr'><strong>at</strong></span> <span class='ocrx_word' id='word_1_55' title='bbox 830 1163 1149 1226; x_wconf 79' lang='lat' dir='ltr'><strong>circumhabitantium</strong></span> <span class='ocrx_word' id='word_1_56' title='bbox 1163 1170 1241 1225; x_wconf 89' lang='lat' dir='ltr'><strong>certe</strong></span> <span class='ocrx_word' id='word_1_57' title='bbox 1255 1170 1416 1223; x_wconf 91' lang='lat' dir='ltr'><strong>conventus</strong></span> <span class='ocrx_word' id='word_1_58' title='bbox 1430 1162 1460 1223; x_wconf 89' lang='lat' dir='ltr'><strong>in</strong></span> 
     </span>
     <span class='ocr_line' id='line_1_8' title="bbox 306 1263 1461 1350; baseline -0.006 -20"><span class='ocrx_word' id='word_1_59' title='bbox 306 1289 341 1331; x_wconf 92' lang='lat' dir='ltr'><strong>eo</strong></span> <span class='ocrx_word' id='word_1_60' title='bbox 356 1269 528 1350; x_wconf 86' lang='lat' dir='ltr'><strong>agebantur:</strong></span> <span class='ocrx_word' id='word_1_61' title='bbox 551 1269 621 1350; x_wconf 91' lang='lat' dir='ltr'><strong>quin</strong></span> <span class='ocrx_word' id='word_1_62' title='bbox 637 1268 832 1331; x_wconf 89' lang='lat' dir='ltr'><strong>minutissima</strong></span> <span class='ocrx_word' id='word_1_63' title='bbox 847 1285 964 1348; x_wconf 87' lang='lat' dir='ltr'><strong>quoque</strong></span> <span class='ocrx_word' id='word_1_64' title='bbox 979 1268 1041 1329; x_wconf 90' lang='lat' dir='ltr'><strong>lora</strong></span> <span class='ocrx_word' id='word_1_65' title='bbox 1056 1276 1085 1328; x_wconf 91' lang='lat' dir='ltr'><strong>et</strong></span> <span class='ocrx_word' id='word_1_66' title='bbox 1099 1264 1289 1328; x_wconf 87' lang='lat' dir='ltr'><strong>conciliabula</strong></span> <span class='ocrx_word' id='word_1_67' title='bbox 1302 1266 1392 1325; x_wconf 75' lang='lat' dir='ltr'><strong>muco</strong></span> <span class='ocrx_word' id='word_1_68' title='bbox 1405 1263 1461 1327; x_wconf 89' lang='lat' dir='ltr'><strong>dici</strong></span> 
     </span>
     <span class='ocr_line' id='line_1_9' title="bbox 305 1365 1460 1453; baseline -0.005 -19"><span class='ocrx_word' id='word_1_69' title='bbox 305 1380 384 1435; x_wconf 89' lang='lat' dir='ltr'><strong>recto</strong></span> <span class='ocrx_word' id='word_1_70' title='bbox 399 1380 567 1451; x_wconf 88' lang='lat' dir='ltr'><strong>potuerunt.</strong></span> <span class='ocrx_word' id='word_1_71' title='bbox 589 1372 662 1434; x_wconf 88' lang='lat' dir='ltr'><strong>Nom</strong></span> <span class='ocrx_word' id='word_1_72' title='bbox 678 1380 766 1453; x_wconf 92' lang='lat' dir='ltr'><strong>prout</strong></span> <span class='ocrx_word' id='word_1_73' title='bbox 779 1382 857 1434; x_wconf 89' lang='lat' dir='ltr'><strong>tooto</strong></span> <span class='ocrx_word' id='word_1_74' title='bbox 873 1390 897 1431; x_wconf 92' lang='lat' dir='ltr'><strong>s.</strong></span> <span class='ocrx_word' id='word_1_75' title='bbox 913 1369 1086 1431; x_wconf 77' lang='lat' dir='ltr'><strong>universitas</strong></span> <span class='ocrx_word' id='word_1_76' title='bbox 1102 1369 1146 1431; x_wconf 89' lang='lat' dir='ltr'><strong>vel</strong></span> <span class='ocrx_word' id='word_1_77' title='bbox 1160 1366 1304 1439; x_wconf 90' lang='lat' dir='ltr'><strong>omnium,</strong></span> <span class='ocrx_word' id='word_1_78' title='bbox 1319 1365 1363 1427; x_wconf 86' lang='lat' dir='ltr'><strong>vel</strong></span> <span class='ocrx_word' id='word_1_79' title='bbox 1377 1385 1460 1428; x_wconf 92' lang='lat' dir='ltr'><strong>oom-</strong></span> 
     </span>
     <span class='ocr_line' id='line_1_10' title="bbox 305 1467 1460 1555; baseline -0.003 -20"><span class='ocrx_word' id='word_1_80' title='bbox 305 1473 447 1554; x_wconf 86' lang='lat' dir='ltr'><strong>plurimo,</strong></span> <span class='ocrx_word' id='word_1_81' title='bbox 461 1475 505 1536; x_wconf 90' lang='lat' dir='ltr'><strong>vel</strong></span> <span class='ocrx_word' id='word_1_82' title='bbox 519 1493 680 1555; x_wconf 86' lang='lat' dir='ltr'><strong>paucorum</strong></span> <span class='ocrx_word' id='word_1_83' title='bbox 697 1475 763 1549; x_wconf 88' lang='lat' dir='ltr'><strong>luit,</strong></span> <span class='ocrx_word' id='word_1_84' title='bbox 778 1474 819 1536; x_wconf 89' lang='lat' dir='ltr'><strong>ita</strong></span> <span class='ocrx_word' id='word_1_85' title='bbox 833 1473 918 1536; x_wconf 89' lang='lat' dir='ltr'><strong>etiam</strong></span> <span class='ocrx_word' id='word_1_86' title='bbox 934 1472 1064 1535; x_wconf 88' lang='lat' dir='ltr'><strong>adiectivi</strong></span> <span class='ocrx_word' id='word_1_87' title='bbox 1078 1471 1148 1534; x_wconf 89' lang='lat' dir='ltr'><strong>inde</strong></span> <span class='ocrx_word' id='word_1_88' title='bbox 1162 1469 1241 1533; x_wconf 90' lang='lat' dir='ltr'><strong>ducti</strong></span> <span class='ocrx_word' id='word_1_89' title='bbox 1254 1467 1395 1531; x_wconf 88' lang='lat' dir='ltr'><strong>ambitum</strong></span> <span class='ocrx_word' id='word_1_90' title='bbox 1411 1488 1460 1531; x_wconf 86' lang='lat' dir='ltr'><strong>va·</strong></span> 
     </span>
     <span class='ocr_line' id='line_1_11' title="bbox 305 1577 529 1659; baseline -0.004 -19"><span class='ocrx_word' id='word_1_91' title='bbox 305 1578 374 1641; x_wconf 87' lang='lat' dir='ltr'><strong>riari</strong></span> <span class='ocrx_word' id='word_1_92' title='bbox 390 1577 529 1659; x_wconf 90' lang='lat' dir='ltr'><strong>oportuit.</strong></span> 
     </span>
    </p>
   </div>
   <div class='ocr_carea' id='block_1_3' title="bbox 256 1878 1524 4529">
    <p class='ocr_par' dir='ltr' id='par_1_3' title="bbox 256 1878 1524 4529">
     <span class='ocr_line' id='line_1_12' title="bbox 389 1878 1460 1966; baseline -0.008 -19"><span class='ocrx_word' id='word_1_93' title='bbox 389 1885 466 1948; x_wconf 90' lang='lat' dir='ltr'><strong>llaec</strong></span> <span class='ocrx_word' id='word_1_94' title='bbox 478 1885 699 1966; x_wconf 79' lang='lat' dir='ltr'><strong>scripseramus,</strong></span> <span class='ocrx_word' id='word_1_95' title='bbox 714 1883 946 1957; x_wconf 66' lang='lat' dir='ltr'><strong>commilitones,</strong></span> <span class='ocrx_word' id='word_1_96' title='bbox 960 1900 1081 1945; x_wconf 89' lang='lat' dir='ltr'><strong>emenso</strong></span> <span class='ocrx_word' id='word_1_97' title='bbox 1095 1880 1284 1943; x_wconf 85' lang='lat' dir='ltr'><strong>hibernorum</strong></span> <span class='ocrx_word' id='word_1_98' title='bbox 1294 1878 1460 1941; x_wconf 88' lang='lat' dir='ltr'><strong>scholarum</strong></span> 
     </span>
     <span class='ocr_line' id='line_1_13' title="bbox 306 1980 1460 2053; baseline -0.01 -1"><span class='ocrx_word' id='word_1_99' title='bbox 306 1989 449 2052; x_wconf 87' lang='lat' dir='ltr'><strong>curriculo</strong></span> <span class='ocrx_word' id='word_1_100' title='bbox 465 1990 500 2053; x_wconf 93' lang='lat' dir='ltr'><strong>ad</strong></span> <span class='ocrx_word' id='word_1_101' title='bbox 517 1990 652 2051; x_wconf 87' lang='lat' dir='ltr'><strong>len&#39;arum</strong></span> <span class='ocrx_word' id='word_1_102' title='bbox 669 1989 759 2049; x_wconf 90' lang='lat' dir='ltr'><strong>otium</strong></span> <span class='ocrx_word' id='word_1_103' title='bbox 775 1993 805 2049; x_wconf 89' lang='lat' dir='ltr'><strong>et</strong></span> <span class='ocrx_word' id='word_1_104' title='bbox 818 1987 991 2049; x_wconf 87' lang='lat' dir='ltr'><strong>hilaritatem</strong></span> <span class='ocrx_word' id='word_1_105' title='bbox 1008 2004 1074 2049; x_wconf 91' lang='lat' dir='ltr'><strong>oum</strong></span> <span class='ocrx_word' id='word_1_106' title='bbox 1089 1983 1178 2046; x_wconf 89' lang='lat' dir='ltr'><strong>honis</strong></span> <span class='ocrx_word' id='word_1_107' title='bbox 1194 1982 1267 2044; x_wconf 88' lang='lat' dir='ltr'><strong>votis</strong></span> <span class='ocrx_word' id='word_1_108' title='bbox 1284 1983 1343 2043; x_wconf 84' lang='lat' dir='ltr'><strong>Vos</strong></span> <span class='ocrx_word' id='word_1_109' title='bbox 1357 1980 1460 2042; x_wconf 91' lang='lat' dir='ltr'><strong>dimis-</strong></span> 
     </span>
     <span class='ocr_line' id='line_1_14' title="bbox 306 2084 1461 2172; baseline -0.007 -20"><span class='ocrx_word' id='word_1_110' title='bbox 306 2093 380 2165; x_wconf 86' lang='lat' dir='ltr'><strong>suri,</strong></span> <span class='ocrx_word' id='word_1_111' title='bbox 408 2093 552 2172; x_wconf 90' lang='lat' dir='ltr'><strong>nohisque</strong></span> <span class='ocrx_word' id='word_1_112' title='bbox 570 2092 643 2171; x_wconf 87' lang='lat' dir='ltr'><strong>ipsis</strong></span> <span class='ocrx_word' id='word_1_113' title='bbox 664 2091 741 2153; x_wconf 91' lang='lat' dir='ltr'><strong>haud</strong></span> <span class='ocrx_word' id='word_1_114' title='bbox 764 2091 905 2171; x_wconf 76' lang='lat' dir='ltr'><strong>ingratam</strong></span> <span class='ocrx_word' id='word_1_115' title='bbox 922 2111 938 2151; x_wconf 90' lang='lat' dir='ltr'><strong>a</strong></span> <span class='ocrx_word' id='word_1_116' title='bbox 952 2088 1101 2151; x_wconf 84' lang='lat' dir='ltr'><strong>laboribus</strong></span> <span class='ocrx_word' id='word_1_117' title='bbox 1116 2085 1246 2166; x_wconf 88' lang='lat' dir='ltr'><strong>requiem</strong></span> <span class='ocrx_word' id='word_1_118' title='bbox 1262 2092 1291 2145; x_wconf 90' lang='lat' dir='ltr'><strong>et</strong></span> <span class='ocrx_word' id='word_1_119' title='bbox 1305 2084 1461 2145; x_wconf 86' lang='lat' dir='ltr'><strong>recreatio-</strong></span> 
     </span>
     <span class='ocr_line' id='line_1_15' title="bbox 306 2186 1460 2274; baseline -0.01 -15"><span class='ocrx_word' id='word_1_120' title='bbox 306 2215 373 2259; x_wconf 88' lang='lat' dir='ltr'><strong>nem</strong></span> <span class='ocrx_word' id='word_1_121' title='bbox 390 2213 493 2258; x_wconf 87' lang='lat' dir='ltr'><strong>securo</strong></span> <span class='ocrx_word' id='word_1_122' title='bbox 509 2203 539 2256; x_wconf 91' lang='lat' dir='ltr'><strong>et</strong></span> <span class='ocrx_word' id='word_1_123' title='bbox 554 2195 708 2274; x_wconf 90' lang='lat' dir='ltr'><strong>tranquillo</strong></span> <span class='ocrx_word' id='word_1_124' title='bbox 724 2194 823 2255; x_wconf 91' lang='lat' dir='ltr'><strong>animo</strong></span> <span class='ocrx_word' id='word_1_125' title='bbox 839 2198 1075 2273; x_wconf 79' lang='lat' dir='ltr'><strong>prospectantes,</strong></span> <span class='ocrx_word' id='word_1_126' title='bbox 1098 2207 1188 2270; x_wconf 90' lang='lat' dir='ltr'><strong>quum</strong></span> <span class='ocrx_word' id='word_1_127' title='bbox 1205 2187 1303 2249; x_wconf 91' lang='lat' dir='ltr'><strong>subito</strong></span> <span class='ocrx_word' id='word_1_128' title='bbox 1318 2195 1348 2248; x_wconf 90' lang='lat' dir='ltr'><strong>et</strong></span> <span class='ocrx_word' id='word_1_129' title='bbox 1361 2186 1460 2266; x_wconf 88' lang='lat' dir='ltr'><strong>inopi-</strong></span> 
     </span>
     <span class='ocr_line' id='line_1_16' title="bbox 307 2288 1461 2377; baseline -0.01 -17"><span class='ocrx_word' id='word_1_130' title='bbox 307 2308 375 2360; x_wconf 92' lang='lat' dir='ltr'><strong>nato</strong></span> <span class='ocrx_word' id='word_1_131' title='bbox 395 2317 464 2360; x_wconf 90' lang='lat' dir='ltr'><strong>casu</strong></span> <span class='ocrx_word' id='word_1_132' title='bbox 484 2297 610 2377; x_wconf 89' lang='lat' dir='ltr'><strong>perculsi</strong></span> <span class='ocrx_word' id='word_1_133' title='bbox 630 2316 663 2358; x_wconf 85' lang='lat' dir='ltr'><strong>ex</strong></span> <span class='ocrx_word' id='word_1_134' title='bbox 684 2297 739 2358; x_wconf 88' lang='lat' dir='ltr'><strong>hac</strong></span> <span class='ocrx_word' id='word_1_135' title='bbox 752 2294 955 2376; x_wconf 85' lang='lat' dir='ltr'><strong>tranquillitate</strong></span> <span class='ocrx_word' id='word_1_136' title='bbox 971 2295 1001 2356; x_wconf 93' lang='lat' dir='ltr'><strong>in</strong></span> <span class='ocrx_word' id='word_1_137' title='bbox 1014 2293 1124 2355; x_wconf 88' lang='lat' dir='ltr'><strong>luctum</strong></span> <span class='ocrx_word' id='word_1_138' title='bbox 1140 2301 1170 2353; x_wconf 91' lang='lat' dir='ltr'><strong>et</strong></span> <span class='ocrx_word' id='word_1_139' title='bbox 1184 2308 1351 2352; x_wconf 88' lang='lat' dir='ltr'><strong>moerorem</strong></span> <span class='ocrx_word' id='word_1_140' title='bbox 1367 2288 1461 2350; x_wconf 86' lang='lat' dir='ltr'><strong>eonii·</strong></span> 
     </span>
     <span class='ocr_line' id='line_1_17' title="bbox 306 2392 1460 2479; baseline -0.01 -16"><span class='ocrx_word' id='word_1_141' title='bbox 306 2403 407 2464; x_wconf 90' lang='lat' dir='ltr'><strong>cimur.</strong></span> <span class='ocrx_word' id='word_1_142' title='bbox 448 2398 622 2479; x_wconf 88' lang='lat' dir='ltr'><strong>lntelligitis,</strong></span> <span class='ocrx_word' id='word_1_143' title='bbox 648 2400 716 2479; x_wconf 95' lang='lat' dir='ltr'><strong>quid</strong></span> <span class='ocrx_word' id='word_1_144' title='bbox 736 2398 881 2460; x_wconf 89' lang='lat' dir='ltr'><strong>dicamus:</strong></span> <span class='ocrx_word' id='word_1_145' title='bbox 903 2416 971 2457; x_wconf 92' lang='lat' dir='ltr'><strong>nam</strong></span> <span class='ocrx_word' id='word_1_146' title='bbox 994 2406 1089 2457; x_wconf 82' lang='lat' dir='ltr'><strong>vester</strong></span> <span class='ocrx_word' id='word_1_147' title='bbox 1107 2394 1154 2456; x_wconf 86' lang='lat' dir='ltr'><strong>lrio</strong></span> <span class='ocrx_word' id='word_1_148' title='bbox 1174 2394 1270 2455; x_wconf 91' lang='lat' dir='ltr'><strong>luctus</strong></span> <span class='ocrx_word' id='word_1_149' title='bbox 1284 2409 1346 2454; x_wconf 90' lang='lat' dir='ltr'><strong>nou</strong></span> <span class='ocrx_word' id='word_1_150' title='bbox 1361 2392 1460 2453; x_wconf 87' lang='lat' dir='ltr'><strong>miuus</strong></span> 
     </span>
     <span class='ocr_line' id='line_1_18' title="bbox 305 2495 1460 2584; baseline -0.009 -19"><span class='ocrx_word' id='word_1_151' title='bbox 305 2522 391 2584; x_wconf 90' lang='lat' dir='ltr'><strong>quam</strong></span> <span class='ocrx_word' id='word_1_152' title='bbox 407 2511 510 2564; x_wconf 89' lang='lat' dir='ltr'><strong>noster</strong></span> <span class='ocrx_word' id='word_1_153' title='bbox 522 2509 578 2563; x_wconf 89' lang='lat' dir='ltr'><strong>est:</strong></span> <span class='ocrx_word' id='word_1_154' title='bbox 595 2501 697 2562; x_wconf 78' lang='lat' dir='ltr'><strong>vestris</strong></span> <span class='ocrx_word' id='word_1_155' title='bbox 712 2518 828 2581; x_wconf 91' lang='lat' dir='ltr'><strong>quoque</strong></span> <span class='ocrx_word' id='word_1_156' title='bbox 845 2498 949 2561; x_wconf 88' lang='lat' dir='ltr'><strong>animis</strong></span> <span class='ocrx_word' id='word_1_157' title='bbox 966 2498 1070 2559; x_wconf 88' lang='lat' dir='ltr'><strong>vulnus</strong></span> <span class='ocrx_word' id='word_1_158' title='bbox 1084 2498 1240 2559; x_wconf 85' lang='lat' dir='ltr'><strong>indictum:</strong></span> <span class='ocrx_word' id='word_1_159' title='bbox 1264 2495 1368 2557; x_wconf 89' lang='lat' dir='ltr'><strong>vestris</strong></span> <span class='ocrx_word' id='word_1_160' title='bbox 1384 2513 1460 2575; x_wconf 91' lang='lat' dir='ltr'><strong>quo-</strong></span> 
     </span>
     <span class='ocr_line' id='line_1_19' title="bbox 305 2597 1460 2687; baseline -0.01 -19"><span class='ocrx_word' id='word_1_161' title='bbox 305 2625 362 2687; x_wconf 92' lang='lat' dir='ltr'><strong>que</strong></span> <span class='ocrx_word' id='word_1_162' title='bbox 387 2605 512 2667; x_wconf 83' lang='lat' dir='ltr'><strong>lacrimis</strong></span> <span class='ocrx_word' id='word_1_163' title='bbox 532 2605 579 2666; x_wconf 91' lang='lat' dir='ltr'><strong>hic</strong></span> <span class='ocrx_word' id='word_1_164' title='bbox 598 2604 761 2685; x_wconf 89' lang='lat' dir='ltr'><strong>insperatus</strong></span> <span class='ocrx_word' id='word_1_165' title='bbox 783 2608 812 2664; x_wconf 89' lang='lat' dir='ltr'><strong>et</strong></span> <span class='ocrx_word' id='word_1_166' title='bbox 830 2603 1003 2663; x_wconf 88' lang='lat' dir='ltr'><strong>immaturus</strong></span> <span class='ocrx_word' id='word_1_167' title='bbox 1023 2601 1183 2661; x_wconf 79' lang='lat' dir='ltr'><strong>Knausemr</strong></span> <span class='ocrx_word' id='word_1_168' title='bbox 1208 2597 1304 2659; x_wconf 89' lang='lat' dir='ltr'><strong>obitus</strong></span> <span class='ocrx_word' id='word_1_169' title='bbox 1327 2598 1460 2659; x_wconf 86' lang='lat' dir='ltr'><strong>delletur.</strong></span> 
     </span>
     <span class='ocr_line' id='line_1_20' title="bbox 305 2700 1460 2786; baseline -0.009 -16"><span class='ocrx_word' id='word_1_170' title='bbox 305 2708 366 2770; x_wconf 86' lang='lat' dir='ltr'><strong>Nos</strong></span> <span class='ocrx_word' id='word_1_171' title='bbox 381 2707 531 2770; x_wconf 89' lang='lat' dir='ltr'><strong>carissimo</strong></span> <span class='ocrx_word' id='word_1_172' title='bbox 548 2702 669 2785; x_wconf 85' lang='lat' dir='ltr'><strong>collega,</strong></span> <span class='ocrx_word' id='word_1_173' title='bbox 686 2705 744 2767; x_wconf 90' lang='lat' dir='ltr'><strong>Vos</strong></span> <span class='ocrx_word' id='word_1_174' title='bbox 760 2705 872 2786; x_wconf 89' lang='lat' dir='ltr'><strong>optimo</strong></span> <span class='ocrx_word' id='word_1_175' title='bbox 888 2711 1090 2785; x_wconf 82' lang='lat' dir='ltr'><strong>praeceptore,</strong></span> <span class='ocrx_word' id='word_1_176' title='bbox 1105 2701 1279 2764; x_wconf 81' lang='lat' dir='ltr'><strong>universitas</strong></span> <span class='ocrx_word' id='word_1_177' title='bbox 1295 2708 1397 2763; x_wconf 91' lang='lat' dir='ltr'><strong>nostra</strong></span> <span class='ocrx_word' id='word_1_178' title='bbox 1413 2700 1460 2761; x_wconf 91' lang='lat' dir='ltr'><strong>in-</strong></span> 
     </span>
     <span class='ocr_line' id='line_1_21' title="bbox 305 2804 1461 2891; baseline -0.006 -19"><span class='ocrx_word' id='word_1_179' title='bbox 305 2811 380 2891; x_wconf 89' lang='lat' dir='ltr'><strong>signi</strong></span> <span class='ocrx_word' id='word_1_180' title='bbox 405 2811 509 2872; x_wconf 91' lang='lat' dir='ltr'><strong>decoro</strong></span> <span class='ocrx_word' id='word_1_181' title='bbox 529 2808 628 2871; x_wconf 85' lang='lat' dir='ltr'><strong>orbata</strong></span> <span class='ocrx_word' id='word_1_182' title='bbox 647 2817 706 2881; x_wconf 89' lang='lat' dir='ltr'><strong>est,</strong></span> <span class='ocrx_word' id='word_1_183' title='bbox 732 2816 774 2881; x_wconf 88' lang='lat' dir='ltr'><strong>et,</strong></span> <span class='ocrx_word' id='word_1_184' title='bbox 801 2826 859 2887; x_wconf 92' lang='lat' dir='ltr'><strong>quo</strong></span> <span class='ocrx_word' id='word_1_185' title='bbox 879 2808 994 2885; x_wconf 88' lang='lat' dir='ltr'><strong>gravius</strong></span> <span class='ocrx_word' id='word_1_186' title='bbox 1014 2808 1162 2886; x_wconf 86' lang='lat' dir='ltr'><strong>lugemus,</strong></span> <span class='ocrx_word' id='word_1_187' title='bbox 1189 2804 1287 2866; x_wconf 87' lang='lat' dir='ltr'><strong>orbata</strong></span> <span class='ocrx_word' id='word_1_188' title='bbox 1308 2811 1355 2865; x_wconf 89' lang='lat' dir='ltr'><strong>est</strong></span> <span class='ocrx_word' id='word_1_189' title='bbox 1368 2822 1461 2883; x_wconf 86' lang='lat' dir='ltr'><strong>paene</strong></span> 
     </span>
     <span class='ocr_line' id='line_1_22' title="bbox 306 2908 1460 2994; baseline -0.007 -18"><span class='ocrx_word' id='word_1_190' title='bbox 306 2914 386 2994; x_wconf 92' lang='lat' dir='ltr'><strong>prius</strong></span> <span class='ocrx_word' id='word_1_191' title='bbox 407 2931 495 2993; x_wconf 89' lang='lat' dir='ltr'><strong>quam</strong></span> <span class='ocrx_word' id='word_1_192' title='bbox 516 2919 612 2983; x_wconf 86' lang='lat' dir='ltr'><strong>aucta,</strong></span> <span class='ocrx_word' id='word_1_193' title='bbox 633 2928 724 2991; x_wconf 90' lang='lat' dir='ltr'><strong>quum</strong></span> <span class='ocrx_word' id='word_1_194' title='bbox 744 2909 862 2971; x_wconf 88' lang='lat' dir='ltr'><strong>vixdum</strong></span> <span class='ocrx_word' id='word_1_195' title='bbox 878 2909 969 2971; x_wconf 91' lang='lat' dir='ltr'><strong>virtus</strong></span> <span class='ocrx_word' id='word_1_196' title='bbox 984 2909 1037 2970; x_wconf 90' lang='lat' dir='ltr'><strong>viri</strong></span> <span class='ocrx_word' id='word_1_197' title='bbox 1053 2909 1158 2988; x_wconf 86' lang='lat' dir='ltr'><strong>egregii</strong></span> <span class='ocrx_word' id='word_1_198' title='bbox 1173 2917 1202 2970; x_wconf 91' lang='lat' dir='ltr'><strong>et</strong></span> <span class='ocrx_word' id='word_1_199' title='bbox 1217 2908 1391 2987; x_wconf 85' lang='lat' dir='ltr'><strong>praestantia</strong></span> <span class='ocrx_word' id='word_1_200' title='bbox 1405 2926 1460 2987; x_wconf 90' lang='lat' dir='ltr'><strong>pe-</strong></span> 
     </span>
     <span class='ocr_line' id='line_1_23' title="bbox 305 3010 1463 3093; baseline -0.007 -16"><span class='ocrx_word' id='word_1_201' title='bbox 305 3015 384 3078; x_wconf 90' lang='lat' dir='ltr'><strong>nitus</strong></span> <span class='ocrx_word' id='word_1_202' title='bbox 400 3036 416 3076; x_wconf 91' lang='lat' dir='ltr'><strong>a</strong></span> <span class='ocrx_word' id='word_1_203' title='bbox 432 3014 517 3075; x_wconf 90' lang='lat' dir='ltr'><strong>nohis</strong></span> <span class='ocrx_word' id='word_1_204' title='bbox 530 3013 669 3093; x_wconf 89' lang='lat' dir='ltr'><strong>cognosci</strong></span> <span class='ocrx_word' id='word_1_205' title='bbox 681 3014 850 3092; x_wconf 79' lang='lat' dir='ltr'><strong>fructusque</strong></span> <span class='ocrx_word' id='word_1_206' title='bbox 861 3012 923 3074; x_wconf 90' lang='lat' dir='ltr'><strong>eius</strong></span> <span class='ocrx_word' id='word_1_207' title='bbox 937 3013 1046 3093; x_wconf 89' lang='lat' dir='ltr'><strong>percipi</strong></span> <span class='ocrx_word' id='word_1_208' title='bbox 1058 3011 1161 3091; x_wconf 83' lang='lat' dir='ltr'><strong>eoepit</strong></span> <span class='ocrx_word' id='word_1_209' title='bbox 1186 3010 1265 3072; x_wconf 90' lang='lat' dir='ltr'><strong>Obiit</strong></span> <span class='ocrx_word' id='word_1_210' title='bbox 1274 3010 1463 3071; x_wconf 80' lang='lat' dir='ltr'><strong>llonusemus</strong></span> 
     </span>
     <span class='ocr_line' id='line_1_24' title="bbox 306 3092 1524 3199; baseline -0.005 -21"><span class='ocrx_word' id='word_1_211' title='bbox 306 3130 376 3199; x_wconf 90' lang='lat' dir='ltr'><strong>post</strong></span> <span class='ocrx_word' id='word_1_212' title='bbox 397 3136 529 3179; x_wconf 89' lang='lat' dir='ltr'><strong>mensem</strong></span> <span class='ocrx_word' id='word_1_213' title='bbox 552 3116 835 3196; x_wconf 86' lang='lat' dir='ltr'><strong>duodevigesimum,</strong></span> <span class='ocrx_word' id='word_1_214' title='bbox 860 3135 947 3197; x_wconf 92' lang='lat' dir='ltr'><strong>quam</strong></span> <span class='ocrx_word' id='word_1_215' title='bbox 971 3135 1005 3175; x_wconf 80' lang='lat' dir='ltr'><strong>ex</strong></span> <span class='ocrx_word' id='word_1_216' title='bbox 1020 3115 1158 3175; x_wconf 81' lang='lat' dir='ltr'><strong>Rhenana</strong></span> <span class='ocrx_word' id='word_1_217' title='bbox 1180 3112 1327 3174; x_wconf 88' lang='lat' dir='ltr'><strong>academia</strong></span> <span class='ocrx_word' id='word_1_218' title='bbox 1342 3111 1372 3173; x_wconf 90' lang='lat' dir='ltr'><strong>in</strong></span> <span class='ocrx_word' id='word_1_219' title='bbox 1388 3114 1463 3173; x_wconf 85' lang='lat' dir='ltr'><strong>hanc</strong></span> <span class='ocrx_word' id='word_1_220' title='bbox 1517 3092 1524 3099; x_wconf 43' lang='lat'>¹</span> 
     </span>
     <span class='ocr_line' id='line_1_25' title="bbox 307 3216 1463 3301; baseline -0.004 -19"><span class='ocrx_word' id='word_1_221' title='bbox 307 3229 439 3283; x_wconf 90' lang='lat' dir='ltr'><strong>nostram</strong></span> <span class='ocrx_word' id='word_1_222' title='bbox 462 3220 631 3292; x_wconf 86' lang='lat' dir='ltr'><strong>translatus,</strong></span> <span class='ocrx_word' id='word_1_223' title='bbox 653 3228 722 3301; x_wconf 88' lang='lat' dir='ltr'><strong>post</strong></span> <span class='ocrx_word' id='word_1_224' title='bbox 741 3238 850 3300; x_wconf 85' lang='lat' dir='ltr'><strong>paucos</strong></span> <span class='ocrx_word' id='word_1_225' title='bbox 866 3219 942 3292; x_wconf 86' lang='lat' dir='ltr'><strong>dies,</strong></span> <span class='ocrx_word' id='word_1_226' title='bbox 965 3235 1052 3297; x_wconf 91' lang='lat' dir='ltr'><strong>quam</strong></span> <span class='ocrx_word' id='word_1_227' title='bbox 1071 3217 1101 3277; x_wconf 92' lang='lat' dir='ltr'><strong>in</strong></span> <span class='ocrx_word' id='word_1_228' title='bbox 1118 3216 1262 3277; x_wconf 89' lang='lat' dir='ltr'><strong>ordinaria</strong></span> <span class='ocrx_word' id='word_1_229' title='bbox 1277 3216 1463 3296; x_wconf 83' lang='lat' dir='ltr'><strong>professione</strong></span> 
     </span>
     <span class='ocr_line' id='line_1_26' title="bbox 306 3318 1461 3398; baseline -0.004 -15"><span class='ocrx_word' id='word_1_230' title='bbox 306 3322 464 3384; x_wconf 89' lang='lat' dir='ltr'><strong>collocatus</strong></span> <span class='ocrx_word' id='word_1_231' title='bbox 483 3330 541 3384; x_wconf 88' lang='lat' dir='ltr'><strong>est:</strong></span> <span class='ocrx_word' id='word_1_232' title='bbox 564 3321 637 3383; x_wconf 89' lang='lat' dir='ltr'><strong>obiit</strong></span> <span class='ocrx_word' id='word_1_233' title='bbox 654 3320 860 3383; x_wconf 85' lang='lat' dir='ltr'><strong>florentissima</strong></span> <span class='ocrx_word' id='word_1_234' title='bbox 881 3326 983 3391; x_wconf 82' lang='lat' dir='ltr'><strong>aetate,</strong></span> <span class='ocrx_word' id='word_1_235' title='bbox 1010 3318 1128 3398; x_wconf 90' lang='lat' dir='ltr'><strong>integris</strong></span> <span class='ocrx_word' id='word_1_236' title='bbox 1142 3318 1233 3379; x_wconf 90' lang='lat' dir='ltr'><strong>animi</strong></span> <span class='ocrx_word' id='word_1_237' title='bbox 1247 3318 1370 3392; x_wconf 87' lang='lat' dir='ltr'><strong>viribus,</strong></span> <span class='ocrx_word' id='word_1_238' title='bbox 1393 3338 1461 3380; x_wconf 89' lang='lat' dir='ltr'><strong>cor-</strong></span> 
     </span>
     <span class='ocr_line' id='line_1_27' title="bbox 305 3420 1461 3504; baseline -0.004 -20"><span class='ocrx_word' id='word_1_239' title='bbox 305 3442 391 3504; x_wconf 89' lang='lat' dir='ltr'><strong>pore,</strong></span> <span class='ocrx_word' id='word_1_240' title='bbox 416 3423 471 3485; x_wconf 90' lang='lat' dir='ltr'><strong>etsi</strong></span> <span class='ocrx_word' id='word_1_241' title='bbox 491 3423 588 3486; x_wconf 90' lang='lat' dir='ltr'><strong>minus</strong></span> <span class='ocrx_word' id='word_1_242' title='bbox 608 3425 748 3499; x_wconf 86' lang='lat' dir='ltr'><strong>robusto,</strong></span> <span class='ocrx_word' id='word_1_243' title='bbox 775 3433 852 3487; x_wconf 90' lang='lat' dir='ltr'><strong>certe</strong></span> <span class='ocrx_word' id='word_1_244' title='bbox 871 3432 969 3485; x_wconf 73' lang='lat' dir='ltr'><strong>umen</strong></span> <span class='ocrx_word' id='word_1_245' title='bbox 984 3421 1144 3483; x_wconf 89' lang='lat' dir='ltr'><strong>iuveniliter</strong></span> <span class='ocrx_word' id='word_1_246' title='bbox 1157 3422 1286 3500; x_wconf 89' lang='lat' dir='ltr'><strong>vigente,</strong></span> <span class='ocrx_word' id='word_1_247' title='bbox 1313 3422 1343 3483; x_wconf 94' lang='lat' dir='ltr'><strong>in</strong></span> <span class='ocrx_word' id='word_1_248' title='bbox 1364 3420 1461 3482; x_wconf 91' lang='lat' dir='ltr'><strong>medio</strong></span> 
     </span>
     <span class='ocr_line' id='line_1_28' title="bbox 305 3523 1462 3608; baseline -0.001 -24"><span class='ocrx_word' id='word_1_249' title='bbox 305 3525 378 3587; x_wconf 89' lang='lat' dir='ltr'><strong>vitae</strong></span> <span class='ocrx_word' id='word_1_250' title='bbox 393 3534 421 3586; x_wconf 87' lang='lat' dir='ltr'><strong>et</strong></span> <span class='ocrx_word' id='word_1_251' title='bbox 435 3525 527 3587; x_wconf 91' lang='lat' dir='ltr'><strong>laudis</strong></span> <span class='ocrx_word' id='word_1_252' title='bbox 543 3544 628 3588; x_wconf 90' lang='lat' dir='ltr'><strong>cursu</strong></span> <span class='ocrx_word' id='word_1_253' title='bbox 645 3526 830 3608; x_wconf 86' lang='lat' dir='ltr'><strong>interceptus,</strong></span> <span class='ocrx_word' id='word_1_254' title='bbox 847 3525 993 3606; x_wconf 88' lang='lat' dir='ltr'><strong>praeclara</strong></span> <span class='ocrx_word' id='word_1_255' title='bbox 1003 3523 1093 3585; x_wconf 88' lang='lat' dir='ltr'><strong>multa</strong></span> <span class='ocrx_word' id='word_1_256' title='bbox 1107 3524 1226 3604; x_wconf 89' lang='lat' dir='ltr'><strong>agitans,</strong></span> <span class='ocrx_word' id='word_1_257' title='bbox 1242 3523 1462 3585; x_wconf 80' lang='lat' dir='ltr'><strong>excellentibus·</strong></span> 
     </span>
     <span class='ocr_line' id='line_1_29' title="bbox 256 3626 1462 3710; baseline 0.001 -26"><span class='ocrx_word' id='word_1_258' title='bbox 256 3635 285 3685; x_wconf 84' lang='lat'><strong>16</strong></span> <span class='ocrx_word' id='word_1_259' title='bbox 308 3646 363 3708; x_wconf 90' lang='lat' dir='ltr'><strong>quo</strong></span> <span class='ocrx_word' id='word_1_260' title='bbox 385 3626 533 3688; x_wconf 84' lang='lat' dir='ltr'><strong>doetrinae</strong></span> <span class='ocrx_word' id='word_1_261' title='bbox 555 3636 583 3689; x_wconf 90' lang='lat' dir='ltr'><strong>et</strong></span> <span class='ocrx_word' id='word_1_262' title='bbox 605 3628 711 3709; x_wconf 88' lang='lat' dir='ltr'><strong>ingenii</strong></span> <span class='ocrx_word' id='word_1_263' title='bbox 734 3629 827 3710; x_wconf 90' lang='lat' dir='ltr'><strong>copiis</strong></span> <span class='ocrx_word' id='word_1_264' title='bbox 844 3647 933 3709; x_wconf 90' lang='lat' dir='ltr'><strong>quum</strong></span> <span class='ocrx_word' id='word_1_265' title='bbox 953 3626 1056 3690; x_wconf 90' lang='lat' dir='ltr'><strong>littoris</strong></span> <span class='ocrx_word' id='word_1_266' title='bbox 1072 3636 1133 3689; x_wconf 93' lang='lat' dir='ltr'><strong>tum</strong></span> <span class='ocrx_word' id='word_1_267' title='bbox 1150 3626 1328 3689; x_wconf 88' lang='lat' dir='ltr'><strong>universitati</strong></span> <span class='ocrx_word' id='word_1_268' title='bbox 1344 3633 1462 3686; x_wconf 83' lang='lat' dir='ltr'><strong>nostroe</strong></span> 
     </span>
     <span class='ocr_line' id='line_1_30' title="bbox 304 3728 1461 3812; baseline -0.003 -22"><span class='ocrx_word' id='word_1_269' title='bbox 304 3730 463 3810; x_wconf 88' lang='lat' dir='ltr'><strong>plurimum</strong></span> <span class='ocrx_word' id='word_1_270' title='bbox 482 3730 654 3794; x_wconf 87' lang='lat' dir='ltr'><strong>inerementi</strong></span> <span class='ocrx_word' id='word_1_271' title='bbox 673 3733 856 3812; x_wconf 87' lang='lat' dir='ltr'><strong>promittens.</strong></span> <span class='ocrx_word' id='word_1_272' title='bbox 897 3729 1056 3811; x_wconf 78' lang='lat' dir='ltr'><strong>Numquid</strong></span> <span class='ocrx_word' id='word_1_273' title='bbox 1072 3749 1133 3792; x_wconf 90' lang='lat' dir='ltr'><strong>non</strong></span> <span class='ocrx_word' id='word_1_274' title='bbox 1151 3738 1366 3811; x_wconf 87' lang='lat' dir='ltr'><strong>praestaturum</strong></span> <span class='ocrx_word' id='word_1_275' title='bbox 1382 3728 1461 3789; x_wconf 86' lang='lat' dir='ltr'><strong>vido-</strong></span> 
     </span>
     <span class='ocr_line' id='line_1_31' title="bbox 305 3830 1460 3913; baseline 0 -21"><span class='ocrx_word' id='word_1_276' title='bbox 305 3831 389 3893; x_wconf 89' lang='lat' dir='ltr'><strong>hatur</strong></span> <span class='ocrx_word' id='word_1_277' title='bbox 409 3832 472 3893; x_wconf 89' lang='lat' dir='ltr'><strong>eius</strong></span> <span class='ocrx_word' id='word_1_278' title='bbox 495 3832 574 3895; x_wconf 88' lang='lat' dir='ltr'><strong>virile</strong></span> <span class='ocrx_word' id='word_1_279' title='bbox 596 3835 699 3907; x_wconf 90' lang='lat' dir='ltr'><strong>robur,</strong></span> <span class='ocrx_word' id='word_1_280' title='bbox 727 3837 809 3896; x_wconf 88' lang='lat' dir='ltr'><strong>ouius</strong></span> <span class='ocrx_word' id='word_1_281' title='bbox 828 3833 894 3895; x_wconf 89' lang='lat' dir='ltr'><strong>talia</strong></span> <span class='ocrx_word' id='word_1_282' title='bbox 913 3841 1043 3895; x_wconf 81' lang='lat' dir='ltr'><strong>extarent</strong></span> <span class='ocrx_word' id='word_1_283' title='bbox 1065 3852 1153 3913; x_wconf 88' lang='lat' dir='ltr'><strong>opero</strong></span> <span class='ocrx_word' id='word_1_284' title='bbox 1167 3830 1324 3895; x_wconf 75' lang='lat' dir='ltr'><strong>iuvenilia?</strong></span> <span class='ocrx_word' id='word_1_285' title='bbox 1346 3832 1460 3912; x_wconf 88' lang='lat' dir='ltr'><strong>quaesi</strong></span> 
     </span>
     <span class='ocr_line' id='line_1_32' title="bbox 305 3934 1461 4017; baseline -0.001 -22"><span class='ocrx_word' id='word_1_286' title='bbox 305 3934 371 4016; x_wconf 92' lang='lat' dir='ltr'><strong>quis</strong></span> <span class='ocrx_word' id='word_1_287' title='bbox 386 3954 421 3996; x_wconf 84' lang='lat' dir='ltr'><strong>ex</strong></span> <span class='ocrx_word' id='word_1_288' title='bbox 436 3953 505 3997; x_wconf 91' lang='lat' dir='ltr'><strong>vero</strong></span> <span class='ocrx_word' id='word_1_289' title='bbox 522 3937 675 3998; x_wconf 89' lang='lat' dir='ltr'><strong>aestimare</strong></span> <span class='ocrx_word' id='word_1_290' title='bbox 689 3936 763 4009; x_wconf 89' lang='lat' dir='ltr'><strong>velit,</strong></span> <span class='ocrx_word' id='word_1_291' title='bbox 779 3952 841 3996; x_wconf 88' lang='lat' dir='ltr'><strong>non</strong></span> <span class='ocrx_word' id='word_1_292' title='bbox 857 3953 927 3996; x_wconf 91' lang='lat' dir='ltr'><strong>sane</strong></span> <span class='ocrx_word' id='word_1_293' title='bbox 937 3935 1162 4011; x_wconf 86' lang='lat' dir='ltr'><strong>adolescentulo,</strong></span> <span class='ocrx_word' id='word_1_294' title='bbox 1177 3945 1313 4017; x_wconf 81' lang='lat' dir='ltr'><strong>quartum</strong></span> <span class='ocrx_word' id='word_1_295' title='bbox 1329 3942 1359 3995; x_wconf 88' lang='lat' dir='ltr'><strong>et</strong></span> <span class='ocrx_word' id='word_1_296' title='bbox 1373 3934 1461 4014; x_wconf 85' lang='lat' dir='ltr'><strong>trige-</strong></span> 
     </span>
     <span class='ocr_line' id='line_1_33' title="bbox 306 4038 1460 4119; baseline 0.001 -21"><span class='ocrx_word' id='word_1_297' title='bbox 306 4038 414 4099; x_wconf 89' lang='lat' dir='ltr'><strong>simum</strong></span> <span class='ocrx_word' id='word_1_298' title='bbox 430 4056 539 4101; x_wconf 86' lang='lat' dir='ltr'><strong>annum</strong></span> <span class='ocrx_word' id='word_1_299' title='bbox 554 4041 685 4101; x_wconf 92' lang='lat' dir='ltr'><strong>nondum</strong></span> <span class='ocrx_word' id='word_1_300' title='bbox 701 4057 829 4118; x_wconf 85' lang='lat' dir='ltr'><strong>egresso,</strong></span> <span class='ocrx_word' id='word_1_301' title='bbox 844 4038 895 4099; x_wconf 92' lang='lat' dir='ltr'><strong>sed</strong></span> <span class='ocrx_word' id='word_1_302' title='bbox 910 4038 973 4100; x_wconf 90' lang='lat' dir='ltr'><strong>viro</strong></span> <span class='ocrx_word' id='word_1_303' title='bbox 989 4038 1075 4119; x_wconf 87' lang='lat' dir='ltr'><strong>digna</strong></span> <span class='ocrx_word' id='word_1_304' title='bbox 1089 4038 1166 4100; x_wconf 90' lang='lat' dir='ltr'><strong>dicet</strong></span> <span class='ocrx_word' id='word_1_305' title='bbox 1180 4057 1234 4119; x_wconf 87' lang='lat' dir='ltr'><strong>per</strong></span> <span class='ocrx_word' id='word_1_306' title='bbox 1247 4039 1369 4118; x_wconf 91' lang='lat' dir='ltr'><strong>longum</strong></span> <span class='ocrx_word' id='word_1_307' title='bbox 1385 4047 1460 4099; x_wconf 89' lang='lat' dir='ltr'><strong>tem-</strong></span> 
     </span>
     <span class='ocr_line' id='line_1_34' title="bbox 306 4139 1461 4222; baseline -0.003 -20"><span class='ocrx_word' id='word_1_308' title='bbox 306 4159 362 4222; x_wconf 92' lang='lat' dir='ltr'><strong>pus</strong></span> <span class='ocrx_word' id='word_1_309' title='bbox 388 4141 418 4202; x_wconf 92' lang='lat' dir='ltr'><strong>in</strong></span> <span class='ocrx_word' id='word_1_310' title='bbox 440 4141 541 4203; x_wconf 88' lang='lat' dir='ltr'><strong>litteris</strong></span> <span class='ocrx_word' id='word_1_311' title='bbox 563 4140 674 4203; x_wconf 90' lang='lat' dir='ltr'><strong>naviter</strong></span> <span class='ocrx_word' id='word_1_312' title='bbox 693 4149 806 4201; x_wconf 86' lang='lat' dir='ltr'><strong>versato</strong></span> <span class='ocrx_word' id='word_1_313' title='bbox 826 4150 854 4201; x_wconf 89' lang='lat' dir='ltr'><strong>et</strong></span> <span class='ocrx_word' id='word_1_314' title='bbox 874 4159 967 4220; x_wconf 91' lang='lat' dir='ltr'><strong>prope</strong></span> <span class='ocrx_word' id='word_1_315' title='bbox 987 4149 1201 4203; x_wconf 85' lang='lat' dir='ltr'><strong>consummato.</strong></span> <span class='ocrx_word' id='word_1_316' title='bbox 1242 4142 1342 4221; x_wconf 87' lang='lat' dir='ltr'><strong>ltaque</strong></span> <span class='ocrx_word' id='word_1_317' title='bbox 1361 4139 1392 4201; x_wconf 90' lang='lat' dir='ltr'><strong>in</strong></span> <span class='ocrx_word' id='word_1_318' title='bbox 1407 4140 1461 4201; x_wconf 85' lang='lat' dir='ltr'><strong>hoe</strong></span> 
     </span>
     <span class='ocr_line' id='line_1_35' title="bbox 306 4241 1460 4325; baseline -0.002 -20"><span class='ocrx_word' id='word_1_319' title='bbox 306 4243 443 4306; x_wconf 88' lang='lat' dir='ltr'><strong>brevitate</strong></span> <span class='ocrx_word' id='word_1_320' title='bbox 470 4244 543 4305; x_wconf 87' lang='lat' dir='ltr'><strong>vitoe</strong></span> <span class='ocrx_word' id='word_1_321' title='bbox 568 4244 626 4305; x_wconf 86' lang='lat' dir='ltr'><strong>hoc</strong></span> <span class='ocrx_word' id='word_1_322' title='bbox 649 4252 747 4304; x_wconf 69' lang='lat' dir='ltr'><strong>umen</strong></span> <span class='ocrx_word' id='word_1_323' title='bbox 767 4241 813 4303; x_wconf 87' lang='lat' dir='ltr'><strong>illo</strong></span> <span class='ocrx_word' id='word_1_324' title='bbox 833 4243 939 4317; x_wconf 88' lang='lat' dir='ltr'><strong>cllecit,</strong></span> <span class='ocrx_word' id='word_1_325' title='bbox 961 4252 996 4318; x_wconf 43' lang='lat' dir='ltr'><strong>‚ut</strong></span> <span class='ocrx_word' id='word_1_326' title='bbox 1016 4244 1153 4325; x_wconf 83' lang='lat' dir='ltr'><strong>operibus</strong></span> <span class='ocrx_word' id='word_1_327' title='bbox 1169 4262 1230 4304; x_wconf 89' lang='lat' dir='ltr'><strong>non</strong></span> <span class='ocrx_word' id='word_1_328' title='bbox 1246 4244 1302 4305; x_wconf 91' lang='lat' dir='ltr'><strong>cito</strong></span> <span class='ocrx_word' id='word_1_329' title='bbox 1323 4242 1460 4324; x_wconf 83' lang='lat' dir='ltr'><strong>perituris</strong></span> 
     </span>
     <span class='ocr_line' id='line_1_36' title="bbox 304 4344 1462 4427; baseline -0.003 -19"><span class='ocrx_word' id='word_1_330' title='bbox 304 4346 494 4427; x_wconf 89' lang='lat' dir='ltr'><strong>longissimae</strong></span> <span class='ocrx_word' id='word_1_331' title='bbox 522 4366 554 4405; x_wconf 92' lang='lat' dir='ltr'><strong>se</strong></span> <span class='ocrx_word' id='word_1_332' title='bbox 576 4344 754 4425; x_wconf 87' lang='lat' dir='ltr'><strong>posteritatis</strong></span> <span class='ocrx_word' id='word_1_333' title='bbox 778 4346 936 4407; x_wconf 86' lang='lat' dir='ltr'><strong>memoriae</strong></span> <span class='ocrx_word' id='word_1_334' title='bbox 958 4347 1186 4408; x_wconf 87' lang='lat' dir='ltr'><strong>commendaret.</strong></span> <span class='ocrx_word' id='word_1_335' title='bbox 1225 4347 1381 4427; x_wconf 89' lang='lat' dir='ltr'><strong>Superstes</strong></span> <span class='ocrx_word' id='word_1_336' title='bbox 1407 4345 1462 4405; x_wconf 84' lang='lat' dir='ltr'><strong>erit</strong></span> 
     </span>
     <span class='ocr_line' id='line_1_37' title="bbox 304 4447 1461 4529; baseline -0.002 -19"><span class='ocrx_word' id='word_1_337' title='bbox 304 4449 466 4510; x_wconf 73' lang='lat' dir='ltr'><strong>Koiosusu</strong></span> <span class='ocrx_word' id='word_1_338' title='bbox 481 4464 600 4523; x_wconf 87' lang='lat' dir='ltr'><strong>nomen,</strong></span> <span class='ocrx_word' id='word_1_339' title='bbox 616 4448 754 4528; x_wconf 89' lang='lat' dir='ltr'><strong>quamdiu</strong></span> <span class='ocrx_word' id='word_1_340' title='bbox 770 4449 897 4511; x_wconf 84' lang='lat' dir='ltr'><strong>Graecae</strong></span> <span class='ocrx_word' id='word_1_341' title='bbox 911 4457 939 4510; x_wconf 86' lang='lat' dir='ltr'><strong>et</strong></span> <span class='ocrx_word' id='word_1_342' title='bbox 953 4449 1099 4512; x_wconf 87' lang='lat' dir='ltr'><strong>Romanae</strong></span> <span class='ocrx_word' id='word_1_343' title='bbox 1114 4447 1291 4529; x_wconf 87' lang='lat' dir='ltr'><strong>antiquitatis</strong></span> <span class='ocrx_word' id='word_1_344' title='bbox 1306 4448 1403 4511; x_wconf 92' lang='lat' dir='ltr'><strong>studia</strong></span> <span class='ocrx_word' id='word_1_345' title='bbox 1417 4448 1461 4508; x_wconf 91' lang='lat' dir='ltr'><strong>vi-</strong></span> 
     </span>
    </p>
   </div>
   <div class='ocr_carea' id='block_1_4' title="bbox 0 0 1638 5140">
    <p class='ocr_par' dir='ltr' id='par_1_4' title="bbox 0 0 1638 5140">
     <span class='ocr_line' id='line_1_38' title="bbox 0 0 1638 5140; baseline 0 0"><span class='ocrx_word' id='word_1_346' title='bbox 0 0 1638 5140; x_wconf 95' lang='lat' dir='ltr'><strong> </strong></span> 
     </span>
    </p>
   </div>
  </div>
 </body>
</html>
