3222 5148
848 455 1002 555 Q

344 646 385 709 illi
399 646 539 710 lubricam
554 643 761 709 sollertissime
776 651 923 718 exercent,
938 644 970 706 bi
991 642 1028 706 sb
1043 641 1125 706 omni
1141 642 1217 705 ritae
1237 642 1319 707 cultu
1338 645 1445 709 remoti
1461 664 1504 708 sr-
1569 622 1570 687 l

344 748 479 831 tiumque
503 747 637 812 omniurn
664 747 737 809 adeo
770 755 904 827 expertes
929 754 1014 819 suut,
1041 753 1075 807 ut
1099 763 1137 807 ue
1162 751 1240 809 rates
1263 747 1383 828 quidem
1405 766 1504 829 parare
1570 818 1571 827 χ

343 851 468 933 possint,
484 850 591 933 quibus
606 851 637 911 in
652 849 776 912 umnam
792 853 887 911 terrae
902 867 974 910 suae
989 847 1116 910 insulam
1137 848 1290 911 traiiciaut.
1321 848 1504 913 Manifestum
1570 844 1571 861 ³

348 961 395 1014 est
410 953 499 1034 igitur
525 958 635 1016 tantam
652 969 716 1013 esse
732 950 967 1033 interutrosque
988 951 1202 1025 diversitatem,
1223 959 1258 1013 ut
1272 969 1332 1014 uon
1346 952 1504 1033 reprehen-

344 1054 458 1118 dendus
473 1053 526 1129 sit,
547 1056 572 1116 si
588 1053 653 1135 quis
668 1051 817 1114 Hlausenii
830 1053 1007 1115 sententiam
1023 1052 1186 1134 improbet,
1203 1053 1253 1135 qui
1268 1054 1389 1117 Homeri
1404 1054 1503 1135 Cyelo-

341 1176 395 1239 pes
408 1177 446 1219 ex
460 1154 611 1220 Hesiodeis
627 1155 711 1236 quasi
726 1155 853 1217 diffictos
869 1162 898 1216 et
913 1154 1094 1219 deformatos
1109 1174 1173 1219 esse
1189 1156 1322 1232 voluitss).
1359 1157 1441 1221 Hanc
1453 1175 1504 1220 nos
1571 1166 1572 1197 ³

338 1259 397 1342 ipsi
408 1260 479 1323 olim
492 1258 733 1342 improbavimus,
746 1276 842 1338 neque
853 1275 935 1320 nunc
943 1259 1030 1340 plane
1040 1259 1166 1340 probare
1177 1276 1346 1341 possumus,
1358 1260 1426 1322 licet
1437 1279 1505 1339 cog·

342 1372 429 1425 natos
444 1362 665 1443 quodammodo
681 1370 824 1440 utrosque
841 1359 980 1441 Cyclopes
995 1378 1199 1442 agnoscamus.
1230 1360 1304 1424 Nam
1320 1379 1380 1424 non
1396 1362 1504 1426 Home-

342 1466 419 1528 ricos
440 1484 478 1528 ea
492 1465 646 1527 Hesiodeis
661 1464 713 1526 sed
728 1471 870 1543 utrosque
885 1483 921 1526 ex
935 1462 1024 1526 tertio
1039 1463 1168 1545 quodem
1189 1473 1505 1546 generosqusmquum

344 1568 459 1631 diversa
473 1567 604 1640 ratione,
619 1566 764 1647 originem
779 1566 901 1628 traxisse
915 1565 1089 1628 iudicamus.
1120 1565 1221 1648 Neque
1237 1565 1419 1640 dubitamus,
1435 1567 1506 1649 quin

342 1670 385 1734 sic
399 1671 488 1732 etiam
504 1676 571 1731 ante
587 1687 641 1731 nos
656 1668 704 1731 alii
718 1666 926 1744 iudicaverint3
948 1666 1000 1729 sed
1021 1685 1115 1746 quum
1128 1686 1194 1730 rem
1208 1687 1224 1730 a
1239 1670 1321 1732 nullo
1335 1669 1407 1732 satis
1421 1673 1507 1752 plane

341 1772 505 1856 expositam
528 1770 766 1843 meminerimus,
788 1787 850 1832 nou
865 1789 974 1852 paucos
994 1781 1092 1833 autem
1112 1771 1196 1834 aliter
1213 1774 1324 1835 sentire
1344 1773 1506 1851 videamus,

340 1875 396 1938 hau
410 1892 491 1936 nuuc
504 1871 589 1936 nobis
609 1872 747 1955 impositu
766 1872 969 1953 prooemiandi
988 1871 1164 1935 necessitate
1184 1873 1228 1935 sic
1248 1872 1368 1955 defungi
1387 1873 1505 1956 placuit,

340 1986 374 2040 ut
388 1976 486 2040 iudicii
500 1977 595 2038 nostri
609 1976 739 2038 rationes
753 1974 856 2057 paucis
871 1974 966 2038 verbis
981 1975 1203 2057 explicaremus.

426 2078 543 2141 Nemini
563 2079 696 2160 ignotum
718 2087 764 2140 est
782 2078 874 2140 tuisse
895 2078 966 2141 olim
985 2078 1017 2140 in
1031 2077 1150 2140 Graecia
1170 2084 1201 2140 et
1223 2095 1378 2160 superesse
1398 2078 1506 2160 partim

339 2182 489 2263 hodieque
504 2180 633 2264 ingentia
648 2181 765 2245 moenia
779 2180 894 2263 aliaque
908 2181 1037 2243 aedilicia
1054 2180 1267 2253 vetustissima,
1290 2199 1364 2262 quae
1380 2181 1506 2262 cyclopis

340 2284 437 2348 vocari
451 2285 558 2358 solent,
573 2303 634 2347 nou
649 2285 713 2347 sine
727 2302 846 2345 summa
861 2282 1056 2346 admiratione
1071 2282 1143 2345 vela
1156 2283 1303 2346 veteribus
1314 2283 1507 2368 scriptoribus

340 2388 393 2471 qui
407 2405 514 2451 eorum
530 2386 711 2450 mentionem
727 2385 848 2461 iaciunt,
864 2387 908 2448 rel
923 2384 1175 2461 areoentioribus,
1191 2385 1242 2467 qui
1253 2385 1391 2466 reliquias
1404 2404 1506 2449 eorum

341 2470 512 2564 visitarunt,
538 2495 779 2553 commemorata.
820 2487 1007 2551 Huiusmodo
1027 2488 1171 2562 aedilicia,
1193 2507 1285 2570 mum
1305 2489 1409 2551 ultima
1429 2489 1507 2552 auti·

340 2592 452 2675 quitate
472 2592 590 2656 condita
609 2598 711 2654 essent
729 2600 760 2654 et
780 2592 900 2674 quinam
922 2591 1089 2655 conditores
1115 2610 1220 2653 eorum
1242 2591 1368 2655 subsunt
1389 2592 1506 2675 ignora·

339 2703 431 2769 retur,
447 2694 579 2778 lapidum
593 2703 709 2769 autem,
725 2695 833 2778 quibus
848 2702 1116 2769 commodassent,
1138 2703 1218 2758 tauta
1241 2695 1336 2758 moles
1357 2701 1452 2769 esset,
1474 2703 1509 2757 ut

338 2796 476 2863 bumanis
498 2798 608 2860 viribus
630 2796 741 2860 moveri
761 2806 791 2859 et
805 2798 944 2878 componi
961 2798 1042 2860 nullo
1062 2797 1152 2860 modo
1173 2798 1306 2880 potuisse
1327 2798 1507 2871 riderentur,

339 2900 409 2964 bine
423 2899 605 2983 posteriores
620 2899 651 2962 in
666 2918 729 2962 eam
747 2898 916 2982 opinionem
932 2899 1044 2963 inducti
1058 2907 1137 2974 sunt,
1152 2910 1186 2964 ut
1196 2900 1346 2964 fabulosos
1361 2901 1506 2982 quosdam

340 3002 505 3066 conditores
534 3002 832 3066 comminiscerentur
856 3001 967 3065 viribus
988 3002 1054 3084 plus
1081 3021 1168 3084 quam
1193 3003 1333 3066 humanis
1357 3003 1508 3085 praeditos

339 3107 520 3186 omninoque
544 3124 635 3187 supra
659 3106 823 3169 humanum
849 3104 974 3170 modum
998 3106 1144 3188 pollentes
1170 3114 1366 3188 potentesque
1391 3113 1423 3169 et
1451 3106 1507 3168 diis

339 3325 497 3394 obloquitur-3
520 3342 672 3397 quamquam
693 3328 758 3394 qnod
780 3342 885 3381 versum
907 3327 977 3381 illam
998 3327 1135 3381 acratete
1150 3329 1302 3397 sinpliciter
1317 3330 1425 3382 eitstnsr
1442 3329 1506 3389 velt,

341 3410 442 3464 scillcet
458 3414 619 3482 comparandi
635 3414 733 3478 gratia,
749 3414 794 3465 vix
811 3415 915 3481 probari
932 3422 1025 3482 potest
1049 3414 1123 3467 Licet
1143 3415 1210 3467 euim
1227 3415 1333 3467 verbum
1346 3418 1505 3486 aspertus·

340 3503 411 3550 udus
422 3500 454 3550 de
470 3500 577 3553 citandis
594 3500 748 3568 simpliciter
759 3500 824 3552 loeis
837 3516 886 3551 uon
903 3516 962 3552 raro
974 3507 1120 3569 usurpetur,
1132 3501 1157 3553 id
1168 3501 1234 3567 quod
1246 3502 1376 3567 aliquanto
1387 3501 1503 3568 plqribas

339 3598 412 3653 quam
427 3600 490 3653 quae
506 3601 522 3637 a
539 3585 574 3638 ll.
591 3585 731 3638 afferuntur
747 3584 871 3651 exemplis
888 3587 1059 3639 demonstrari
1076 3584 1151 3638 lacile
1167 3594 1265 3653 potest,
1282 3589 1331 3638 boe
1348 3584 1504 3639 homiues

249 3716 253 3721 .
339 3670 420 3722 verba
432 3666 496 3722 sisui
508 3667 609 3723 τούτου
622 3674 808 3739 παρατίθεται
822 3671 966 3737 siguificare
978 3673 1107 3737 videntur,
1119 3671 1248 3726 Cratetem
1259 3675 1326 3725 boue
1338 3688 1442 3726 sennar
1453 3688 1503 3724 aea

339 3756 421 3809 selum
438 3756 546 3821 citasse,
563 3758 607 3808 sed
623 3757 701 3809 etlam
715 3771 761 3822 pro
779 3754 823 3808 illo
842 3756 927 3809 altero
940 3758 1108 3824 recipiendum
1121 3758 1241 3811 suasisse
1266 3757 1362 3826 Nempe
1375 3757 1505 3811 damnavit

337 3842 405 3895 buae
420 3850 569 3911 propterea,
586 3844 651 3910 quod
664 3858 720 3895 eam
733 3858 848 3909 pugnare
859 3844 985 3896 iudicaret
996 3861 1053 3897 cnm
1065 3845 1200 3909 Hesiodea,
1217 3851 1246 3896 at
1257 3844 1359 3910 quidem
1371 3845 1419 3912 ipsi
1430 3844 1507 3897 viue-

340 3928 425 3992 batnr,
437 3930 586 3980 namstlone
597 3929 629 3981 de
642 3926 784 3981 interiectis
793 3930 825 3981 ab
835 3927 954 3997 Apolline
963 3928 1125 3999 Cyelopibas,
1137 3932 1162 3983 id
1173 3932 1237 3999 quod
1246 3931 1401 3983 scholiastae
1410 3927 1507 3981 relatl⁰

338 4012 500 4067 raaoilesturu
512 4012 581 4066 laeit
606 4013 646 4067 Ad
658 4012 804 4066 solvendam
816 4009 942 4084 ἀπορίαν
953 4017 1017 4067 satis
1029 4024 1087 4068 erat
1098 4017 1193 4079 disere,
1206 4010 1250 4067 ὅτι
1260 4014 1331 4068 aussi
1344 4010 1446 4073 suillos
1458 4016 1507 4066 sal

337 4102 463 4171 μέγεθος
480 4103 558 4158 θεοῖς
574 4096 729 4169 ἐναλίγκιοι
745 4091 817 4164 ἦσαν
830 4101 856 4152 b.
872 4116 895 4152 e.
913 4102 1063 4167 theogoniae
1081 4102 1160 4154 verba
1171 4119 1220 4154 non
1232 4100 1307 4154 sliam
1319 4118 1393 4169 quam
1406 4101 1506 4155 tm

338 4202 370 4238 as
385 4186 480 4256 speciei
496 4185 686 4238 similitudinem
702 4170 826 4238 indicares
844 4194 958 4239 ceterum
974 4185 1095 4240 mortales
1111 4188 1227 4254 utrisque
1240 4190 1386 4253 pareatibus
1400 4189 1508 4241 lunae·

338 4273 434 4326 tallbus
447 4272 562 4340 proplgni
575 4286 650 4338 posse
661 4273 737 4325 etlam
750 4269 888 4342 Geryonis,
900 4271 1063 4343 Chrysaoris,
1077 4273 1196 4326 bledusae
1208 4272 1332 4340 exemplis
1340 4275 1372 4328 ab
1384 4276 1440 4342 ipse
1453 4273 1510 4327 He·

338 4359 412 4411 slede
425 4360 451 4410 iu
462 4357 598 4424 mosania
609 4357 811 4409 commemoratis
825 4373 957 4427 apparere.

408 4444 435 4511 b)
452 4442 510 4496 Vld.
522 4442 570 4495 Die
581 4442 727 4497 Abeutmer
738 4443 782 4495 des
796 4443 843 4496 (ld.
856 4460 902 4497 sus
914 4445 1041 4499 Hesiodus
1051 4447 1161 4501 erllirt
1183 4447 1261 4501 Bona.
1275 4445 1350 4499 tuus.
1362 4463 1386 4515 p.
1397 4445 1476 4514 isqq.
