3190 5136
844 410 903 473 ton

292 619 418 681 eumque
437 600 481 662 sic
499 598 653 660 convertit:
679 597 793 660 adhue
815 597 907 659 enirn
931 595 1063 661 fiducie
1086 576 1261 657 divinitus
1289 594 1453 657 immissa

292 711 431 765 cantum
447 701 616 783 inspirat,
636 699 832 781 potentiam
847 717 918 761 oerc
933 707 1029 760 aetas
1046 696 1248 775 congenita,
1268 695 1407 775 additque
1421 696 1452 756 in

291 805 471 886 parenthesi:
492 804 572 885 quia
596 802 699 876 illud,
728 801 820 882 quod
846 809 1061 863 narraturus
1082 819 1171 876 sum,
1196 799 1277 880 ipse
1302 798 1452 861 virendo

291 907 403 989 attigi.
447 905 558 969 Omitto
581 905 772 969 durissimum
795 922 976 984 prorsusque
998 902 1165 965 incredibile
1189 901 1367 982 asyndeton:
1382 918 1452 963 nam

292 1010 416 1073 debebat
430 999 533 1070 ἀλκὰν
549 1003 585 1070 δὲ
599 1001 700 1092 eripe.
718 999 799 1069 αἰών
813 1006 884 1069 dici:
901 1006 1005 1067 omitto
1020 1005 1113 1087 magis
1129 1004 1329 1069 incredibilem
1342 1003 1452 1065 obscu-

293 1113 406 1174 ritatem
426 1110 555 1185 dicendi,
577 1120 609 1173 nt
625 1103 793 1196 σύμφυτος
813 1101 894 1171 αἰών
913 1109 952 1169 sit
973 1108 1064 1169 vitae
1088 1114 1231 1187 tempus
1257 1107 1308 1167 rei
1333 1114 1452 1187 gestae

292 1215 454 1295 aequale3
469 1222 585 1277 tantum
601 1212 636 1275 de
651 1213 779 1295 potentia
794 1213 841 1275 illa
853 1229 1076 1292 quamcumquae
1090 1209 1243 1289 qualisque
1257 1209 1304 1270 sit
1338 1208 1454 1289 Nempe

292 1334 356 1379 eam
372 1316 529 1379 Scbdtzius
554 1314 699 1396 inteiligit,
725 1333 813 1396 quam
839 1314 948 1379 chorus
973 1313 1037 1393 ipse
1063 1312 1159 1394 paullo
1186 1320 1252 1374 ante
1272 1311 1453 1390 significavit,

293 1436 384 1498 quum
399 1418 473 1481 dixit
487 1412 601 1501 κύριος
616 1405 686 1497 εἶμι
701 1416 824 1501 θροεῖν.
869 1416 957 1497 Atqui
970 1416 1028 1477 hoc
1048 1414 1191 1495 siguificat
1205 1412 1303 1495 potius
1324 1414 1377 1474 las
1397 1422 1454 1474 est

293 1540 345 1585 nte
358 1521 490 1595 dicere3
510 1530 560 1583 aut
575 1519 600 1585 si
615 1520 740 1583 marene
755 1527 972 1599 potestatem
989 1516 1145 1598 significari
1160 1517 1252 1591 dieas,
1271 1517 1391 1579 interest
1405 1523 1452 1577 ta-

292 1642 361 1687 men
375 1622 484 1704 aliquid
498 1623 575 1685 inter
589 1630 804 1703 potestatem
824 1630 852 1685 et
870 1620 1082 1702 potentiam,
1104 1639 1199 1700 neque
1218 1638 1347 1700 unquam
1367 1619 1452 1699 quis·

293 1744 395 1806 quam,
416 1726 466 1806 qui
486 1725 602 1805 quidem
617 1744 721 1806 graece
737 1724 823 1798 sciat,
844 1723 989 1789 eiusmodi
1010 1722 1131 1785 canendi
1150 1731 1329 1803 potestatem
1348 1713 1454 1785 ἀλκάν

293 1828 348 1889 dici
363 1827 498 1908 potuisse
513 1826 662 1891 concedet.
706 1828 841 1901 Bothus,
856 1825 1106 1906 quemadmodum
1119 1845 1153 1889 ex
1167 1825 1311 1887 Dindorfii
1325 1834 1452 1889 annota—

293 1928 373 1991 tione
389 1929 486 2002 rideo,
507 1934 588 2007 (nam
603 1929 697 2009 ipsius
711 1928 809 2009 Botbii
824 1927 981 1991 editionem
997 1927 1140 2007 inspicere
1155 1945 1215 1989 non
1230 1928 1344 2007 potui,)
1361 1927 1452 1991 scuibi

293 2031 395 2092 voluit:
411 2022 462 2093 ibt
478 2026 539 2113 yolo
554 2025 684 2093 θεόθεν
698 2022 892 2093 καταπνείει
908 2025 1024 2092 πειθώ
1034 2024 1167 2108 μολπᾶν
1182 2021 1267 2112 ἀλκᾷ
1283 2022 1454 2114 σύμφυτος

292 2123 384 2208 αἰών,
402 2133 488 2212 idque
503 2132 658 2194 convertit:
678 2150 758 2195 narn
773 2134 888 2197 adbuc
906 2132 1043 2195 viribus
1067 2132 1258 2193 coniuncta
1279 2142 1377 2195 aetas
1400 2132 1453 2192 di-

292 2234 432 2296 vinitus
448 2234 604 2314 inspiret
620 2234 786 2297 fiduciam
802 2236 1037 2299 cantieorum:
1057 2252 1152 2314 neque
1166 2234 1248 2296 aliter
1263 2235 1298 2295 Ο.
1313 2234 1453 2295 ldr‘rllerus

292 2336 322 2398 in
335 2336 441 2417 Script.
457 2337 564 2399 minor.
580 2338 594 2399 1
610 2357 638 2419 p.
652 2338 723 2411 277,
738 2338 821 2399 euius
836 2339 908 2401 baec
922 2345 967 2401 est
982 2339 1148 2399 conversio:
1165 2337 1243 2398 dene
1254 2336 1333 2398 noch
1344 2337 1454 2398 heucbt

292 2438 351 2501 mir
371 2439 464 2503 durch
483 2439 662 2502 Gdtterht'rlfe
681 2441 727 2501 die
747 2440 916 2502 Zuversicbt
937 2442 989 2502 der
1003 2440 1108 2502 Lieder
1128 2439 1179 2499 das
1199 2440 1251 2501 der
1268 2439 1352 2501 llrall
1370 2439 1455 2501 nieht

292 2539 465 2623 gestorbene
488 2540 568 2603 Alter
592 2541 649 2603 ein.
697 2541 785 2623 Atqui
805 2541 933 2623 primurn
956 2531 1041 2625 ἀλκᾷ
1068 2534 1234 2623 ξύμφυτος
1261 2533 1342 2602 αἰών
1371 2520 1452 2603 nullo

290 2641 381 2703 modo
397 2642 454 2705 dici
468 2643 564 2722 pontit
578 2651 656 2706 aetas
671 2643 771 2707 senilis
786 2645 882 2707 adhue
895 2644 996 2723 vigens
1011 2642 1130 2716 viribus,
1146 2642 1197 2702 sed
1213 2643 1380 2705 cadomum
1400 2664 1452 2707 ae·

291 2751 344 2820 tas,
360 2742 407 2805 eui
421 2743 513 2807 robur
527 2753 655 2807 natura
670 2764 733 2808 sua
747 2746 867 2808 insitum
879 2755 932 2821 est
947 2745 1040 2826 qualis
1052 2753 1098 2805 est
1110 2744 1247 2818 virorum,
1263 2763 1324 2807 non
1336 2765 1453 2819 serrum,

292 2847 450 2927 exquibus
467 2848 575 2908 chorus
592 2855 714 2910 constat
758 2848 867 2911 Deinde
887 2848 1010 2910 robusta
1029 2855 1106 2909 aetas
1120 2846 1227 2909 ordbrn
1243 2856 1343 2929 potest
1356 2848 1452 2929 inspi-

290 2967 355 3010 rare
370 2949 516 3023 fiduciam,
531 2948 588 3011 nisi
603 2948 704 3013 talium
718 2968 826 3022 rerum,
844 2951 880 3012 ad
895 2969 969 3031 ques
983 2949 1091 3013 robore
1107 2967 1183 3029 opus
1194 2958 1247 3011 est.
1271 2950 1349 3013 Num
1363 2950 1455 3028 igitur

291 3051 399 3113 robore
414 3070 490 3132 opus
507 3059 552 3113 est
566 3051 601 3113 ed
616 3069 715 3115 rerum
730 3052 904 3115 memoriam
920 3059 1008 3114 cantu
1022 3049 1235 3131 repetendam?
1259 3052 1325 3113 Non
1341 3062 1386 3115 est
1401 3073 1451 3114 re-

292 3154 427 3229 rendum,
441 3173 479 3216 ne
494 3153 560 3234 quis
574 3153 712 3217 lateribus
729 3162 826 3217 tamen
841 3154 971 3217 robustis
987 3173 1063 3235 opus
1078 3154 1169 3217 luisse
1185 3154 1261 3216 dicat
1276 3156 1311 3217 ad
1321 3155 1453 3221 laborem

293 3255 415 3318 canendi
430 3256 647 3335 perferendum.
692 3255 786 3319 Porro
803 3257 871 3336 quid
887 3257 942 3318 sibi
963 3257 1023 3318 vult
1045 3254 1113 3318 illud
1128 3251 1278 3320 dedocet
1299 3258 1345 3319 An
1358 3278 1453 3338 pecu-

291 3356 355 3421 liari
372 3358 499 3438 quodem
514 3357 613 3419 divino
629 3357 736 3421 auxilio
754 3377 829 3439 opus
845 3359 899 3421 luit
913 3358 948 3421 ad
965 3359 1050 3421 istam
1068 3358 1215 3432 fiduciam,
1231 3379 1318 3439 quem
1333 3361 1456 3440 quilibet

291 3459 361 3523 satis
376 3459 516 3522 robustus
532 3479 566 3519 er
581 3460 647 3540 ipse
664 3460 772 3522 robore
792 3481 847 3523 suo
864 3480 968 3541 capere
988 3458 1113 3541 posset?
1139 3460 1282 3525 [livinitus
1297 3461 1386 3525 indite
1404 3464 1454 3527 illa

290 3561 389 3642 potius
404 3561 510 3625 liducia
531 3562 688 3638 ridebitur,
707 3563 733 3629 si
750 3563 815 3643 quis
835 3564 942 3645 aliquid
962 3582 1052 3643 supra
1073 3562 1147 3625 vires
1167 3583 1236 3627 suas
1256 3574 1342 3645 atque
1360 3567 1455 3630 robur

290 3670 389 3727 tamen
403 3664 527 3727 fidenter
543 3665 676 3746 suscipit
718 3666 847 3747 [lenique
865 3660 979 3729 estod
994 3661 1128 3744 μολπᾶν
1142 3684 1203 3728 non
1219 3676 1318 3748 potest
1337 3670 1453 3748 signill—

290 3782 356 3827 eare
370 3766 536 3829 fiduciam
552 3767 592 3829 ad
609 3769 817 3830 canendum:
838 3769 1026 3849 nequeenim
1041 3788 1170 3849 unquam
1186 3765 1302 3832 needed
1317 3789 1384 3833 eum
1398 3790 1453 3850 ge·

288 3865 390 3928 nitirio
405 3868 448 3929 rel
463 3868 500 3929 de
515 3868 562 3932 teli
578 3869 682 3933 fiducia
697 3870 813 3944 dicitur,
829 3889 885 3950 qua
900 3871 965 3951 quis
981 3870 1017 3935 ad
1033 3870 1250 3955 suscipiendam
1265 3891 1328 3935 rem
1342 3873 1452 3953 impel-

287 3967 365 4030 litur.
409 3969 509 4050 Neque
529 3968 616 4050 igitur
630 3970 745 4032 Franzii
759 3971 832 4034 ratio
848 3972 967 4052 probari
987 3982 1101 4052 potest,
1123 3973 1172 4054 qui
1187 3970 1303 4037 needed
1315 3971 1454 4055 μολπᾶν

289 4070 396 4133 eodem
412 4090 503 4134 sensu
517 4072 639 4145 dictum,
666 4062 768 4134 ἀλκὰν
788 4082 885 4135 autem
905 4074 941 4135 de
960 4076 1144 4155 expeditione
1161 4075 1262 4139 bellica
1275 4077 1394 4157 accipit,
1418 4087 1455 4139 ut

288 4162 369 4233 αἰὼν
388 4162 474 4257 ἀλκᾷ
494 4167 662 4258 σύμφυτος
682 4173 721 4234 sit
741 4181 857 4259 tempus
876 4176 945 4236 huie
964 4176 1039 4239 bello
1061 4178 1126 4239 letis
1145 4178 1348 4258 praefinitum,
1369 4182 1451 4261 quod

288 4292 377 4352 quunr
397 4275 531 4337 nondum
551 4273 745 4353 praeterierit,
767 4275 837 4340 hinc
858 4277 995 4340 fiduciam
1015 4279 1136 4341 canendi
1157 4280 1278 4343 senibus
1301 4282 1451 4362 inspirari,

288 4375 354 4454 quia
369 4384 489 4457 sperent
503 4375 612 4439 scilieet
626 4375 722 4440 adbuc
737 4378 887 4441 victoriam
908 4388 978 4460 post
993 4387 1105 4443 eertum
1126 4388 1243 4463 tempus
1256 4383 1451 4465 promissam.
