3284 5152
806 468 946 566 *ιε-ι.

304 643 400 730 οὗτος
426 650 488 735 γὰρ
514 644 597 738 ιῖνήρ
618 689 662 702 -
682 641 705 738 ᾖ
731 645 862 734 μάλιστ’
890 645 1072 735 ἓνᾶμναμεν
1099 690 1139 703 -
1167 652 1267 743 λιμήν
1297 653 1467 743 πέφανται

303 758 374 833 τοῖς
396 750 490 837 ἐμοῖς
510 750 739 838 βουλεύμασιν.
759 792 800 805 --
816 750 934 839 Λόγον
955 759 1099 823 eutomiu
1118 759 1136 820 i.
1152 759 1189 824 de
1203 760 1326 825 oonsilio
1340 761 1467 827 dransae

304 859 507 941 aecipiendum
521 878 587 925 esse
599 865 688 940 petet,
703 866 738 923 ut
748 860 780 925 in
789 859 865 925 uod
881 878 908 922 v.
924 859 1002 925 588:
1025 857 1132 936 καλοῖς
1154 855 1182 943 7²
1203 852 1244 930 dv
1261 851 1318 929 οὖν
1333 859 1373 929 σύ
1388 836 1469 946 roid'

303 955 478 1047 ὑπηρέταις
498 955 596 1045 λόγῳ.
640 962 803 1029 diruentes
822 970 924 1029 auum
942 963 974 1027 in
995 982 1031 1025 ao
1046 969 1173 1039 oonstrt,
1200 966 1280 1045 quod
1294 983 1350 1029 nee
1364 964 1468 1048 dpoiio

305 1066 342 1131 de
356 1085 399 1139 re,
415 1083 505 1146 uuam
516 1064 579 1145 ipse
593 1065 715 1129 αεΙεῑεει
730 1064 870 1139 voluerit,
891 1083 1102 1146 responsurus,
1122 1084 1178 1131 nee
1191 1068 1230 1130 do
1244 1067 1388 1133 ministris
1404 1068 1468 1133 eius

305 1169 463 1250 αιεῖεφιεαε
478 1166 607 1233 divisore
621 1185 748 1231 ausurus
761 1168 809 1233 rit
833 1167 956 1249 Quippe,
972 1168 1078 1248 inquit,
1095 1169 1120 1233 si
1134 1169 1166 1232 in
1176 1188 1231 1237 suo
1246 1170 1340 1251 ipsius
1354 1170 1467 1250 tempio

304 1271 409 1354 Apollo
424 1269 645 1352 improbitatem
657 1287 743 1335 suam
758 1271 918 1335 revelatam
934 1270 1049 1342 viderit,
1064 1271 1192 1339 dubitari
1204 1290 1265 1336 non
1278 1280 1379 1354 potest
1392 1274 1468 1355 quin
1605 1283 1607 1287 ’

306 1390 385 1446 oum,
403 1373 457 1454 qui
474 1370 648 1437 betesmon
666 1371 834 1437 natirinium
856 1372 993 1450 ediderit,
1007 1375 1134 1455 muter
1147 1375 1264 1439 ulturus
1284 1375 1332 1439 sit
1375 1373 1468 1455 im‘tur

306 1475 414 1540 deruis
426 1475 465 1538 de
479 1473 601 1541 oonsilio
614 1480 682 1541 tuo:

709 1567 937 1654 ἀπαλλάσσου,
960 1571 1065 1659 γύναι·

528 1679 579 1762 τῷ
599 1674 660 1761 γὰρ
681 1678 757 1762 θεῷ
777 1669 922 1747 τάναντί’
942 1671 981 1742 οὖ
1002 1675 1206 1760 μαντεοτλον.

307 1784 340 1847 in
355 1781 401 1847 his
415 1780 545 1847 murum
559 1780 610 1863 spi
630 1774 706 1863 θεῷ
726 1798 820 1845 nono
841 1776 1036 1861 μαντευτέον
1054 1784 1140 1847 seda
1162 1773 1319 1851 τάναντία
1340 1785 1469 1868 pendere

227 1907 230 1913 ·
307 1886 354 1949 vix
369 1901 445 1966 opus
459 1890 506 1947 est
520 1882 626 1946 dicero.
671 1882 748 1946 Sunt
762 1891 863 1949 eutem
877 1876 1032 1950 τάναντία
1053 1882 1100 1969 τῷ
1122 1882 1195 1970 θεῷ
1208 1904 1271 1951 non
1287 1887 1378 1953 modo
1393 1904 1468 1969 quae

307 1987 463 2061 volonno,
485 1986 647 2053 sedetiam
669 2002 744 2066 quae
764 1986 897 2068 dignitati
916 1995 1004 2068 atque
1024 1987 1132 2053 honori
1145 1989 1209 2053 eius
1223 1989 1368 2055 eouuarta
1382 1997 1469 2062 subtr

307 2084 503 2171 μαντευτέον
518 2096 626 2163 autem,
642 2088 723 2169 quod
736 2088 783 2150 vei
795 2089 832 2153 de
847 2090 961 2155 edendo
977 2089 1022 2153 rel
1035 2091 1074 2153 de
1086 2090 1268 2157 consulendo
1284 2091 1403 2155 oreerrio
1423 2090 1469 2153 di-

307 2194 393 2265 eitur,
407 2200 443 2256 ut
455 2191 578 2257 uerbum
592 2184 829 2270 μαντεύεσθαι,
844 2192 903 2257 boe
916 2193 1036 2274 quidem
1053 2193 1119 2256 loeo
1133 2194 1304 2274 ambiguam
1322 2192 1468 2275 signifiea-

308 2295 421 2361 tionem
434 2295 533 2369 hebet,
550 2311 643 2376 quum
657 2310 718 2357 nou
732 2292 831 2359 solum
844 2294 883 2359 de
899 2295 949 2369 iis,
977 2296 1028 2377 qui
1050 2313 1192 2379 response
1207 2303 1318 2376 petent,
1341 2297 1395 2361 sed
1409 2312 1471 2361 non

308 2398 407 2461 minna
422 2398 510 2460 etiem
526 2397 562 2459 de
580 2397 631 2471 iio,
658 2395 709 2476 qui
727 2411 871 2477 respousa
895 2397 997 2471 edunt,
1026 2397 1231 2479 recipiendum
1254 2396 1302 2460 sit.
1357 2398 1470 2480 Nempe

307 2500 429 2564 inerunt
443 2500 495 2581 qui
507 2505 561 2565 aut
573 2497 820 2565 incantationibus
833 2508 885 2565 out
895 2498 957 2564 eliis
967 2499 1144 2581 quibusdam
1156 2500 1285 2565 artidoiis
1296 2500 1369 2561 deos
1379 2501 1469 2564 eniam

215 2625 217 2628 ⁴
308 2602 415 2669 inritos
429 2602 494 2683 rogi
514 2618 603 2682 posse
621 2600 829 2682 opinarentur,
850 2609 884 2665 ut
903 2618 952 2666 nes
971 2602 1100 2669 oooultas
1117 2601 1289 2667 bominibus
1310 2601 1470 2684 aperirent,

310 2722 398 2785 (prem
413 2703 594 2788 opinionem,
608 2702 820 2785 posterioribus
834 2704 1021 2787 temporibus
1034 2711 1228 2785 pervagatum,
1250 2704 1339 2769 etiam
1353 2704 1470 2786 Euripi·

309 2808 355 2872 dis
370 2814 465 2875 aetate
479 2824 541 2871 nou
555 2806 683 2871 defuisse
698 2804 844 2871 ridemus.
888 2806 932 2873 dd.
956 2807 1112 2887 dutmnitt
1133 2824 1177 2886 gr.
1192 2806 1227 2879 ii,
1244 2826 1273 2888 p.
1289 2805 1362 2873 332.
1406 2806 1472 2873 flue

309 2910 389 2975 enim
404 2909 552 2991 pminent
566 2928 641 2991 quae
657 2916 823 2990 sequuntur·
836 2927 862 2971 ν.
878 2907 956 2975 383:

511 3002 558 3087 ελε
580 3006 643 3096 pdp
663 3013 822 3079 τοσοῦτον
844 3002 995 3092 ἀμαθίας
1018 3004 1177 3090 ἔλθοιμεν
1198 3001 1248 3086 λῖν,

512 3106 542 3176 ελ
562 3109 640 3188 τούς
659 3109 764 3189 θεοῖς
786 3103 925 3188 ἕλκοντας
947 3104 1172 3196 ἐκπονήσομεν

510 3209 649 3300 φράζειν
672 3203 693 3279 λλ
715 3210 760 3299 μή
782 3209 943 3281 θέλουσιν
963 3205 985 3299 ἢ
1006 3208 1221 3298 προβωμίοις

511 3318 674 3404 σφαγαῖσι
696 3313 808 3403 μήλων
827 3307 850 3402 ip*
872 3310 907 3380 δλ
928 3308 1053 3381 οἰωνῶν
1073 3316 1219 3394 usmis.

310 3424 353 3489 uo
367 3422 584 3487 eonrtruotIouo
598 3439 659 3485 non
671 3438 921 3504 superraoeneum
931 3420 1022 3485 fuerit
1033 3437 1155 3484 monem
1166 3413 1391 3503 inmoriemur
1401 3438 1470 3483 enm

311 3525 392 3589 uodo
406 3525 570 3590 εεαιεεείῖνο
593 3520 671 3598 τούς
694 3518 796 3599 θεούς
814 3522 949 3589 oonstrui
966 3522 1048 3586 nulio
1067 3522 1158 3585 modo
1179 3521 1387 3603 pensauren
1402 3529 1471 3589 tan·

311 3636 377 3694 tum
391 3646 460 3693 oum
481 3626 624 3695 infinitivo
644 3619 796 3711 φράζειν,
825 3633 860 3690 ut
877 3625 1060 3691 aoousatirus
1079 3624 1127 3687 iiie
1147 3642 1200 3704 pro
1220 3624 1353 3688 subiecto
1372 3623 1470 3705 posius

311 3728 446 3797 infinitivi
460 3748 549 3811 quem
564 3748 618 3810 pro
634 3727 750 3791 obieeto
765 3725 844 3793 verbi
860 3720 1084 3809 ἐκπονήσομεν
1098 3724 1198 3789 heberi
1211 3725 1327 3791 debent.
1360 3725 1470 3789 Deinde

312 3824 364 3896 δι’
387 3824 513 3895 οἰωνῶν
534 3830 714 3913 πτεροῖς,
737 3828 762 3891 si
776 3829 849 3892 sion
869 3836 955 3911 poete
969 3827 1112 3910 seriptum
1128 3827 1288 3898 oredimus,
1312 3844 1374 3891 uon
1388 3827 1472 3891 diue

311 3936 447 4017 explicari
467 3942 581 4018 potest,
600 3932 657 3996 nisi
677 3940 712 3998 ut
730 3931 860 3995 datirum
879 3930 1013 4012 πτεροῖς
1033 3939 1173 4011 tanquam
1194 3948 1248 4010 pro
1264 3937 1470 4012 epexegemnte

171 4114 180 4121 ,
310 4039 441 4103 additum
456 4056 522 4103 erse
533 4036 675 4101 dimmus.
692 4033 844 4115 bispiieuit
854 4032 912 4097 boo
921 4050 982 4097 non
994 4033 1101 4097 iniuria
1112 4032 1245 4106 Boethio,
1257 4032 1308 4113 qui
1323 4032 1468 4113 πτεριῖν,

309 4148 340 4204 et
354 4140 487 4215 Reiskio,
510 4138 561 4221 qui
574 4137 673 4220 pendo
693 4136 831 4201 audaeiua
850 4130 962 4218 μήλων
984 4134 1128 4220 σφαγαῖς
1149 4125 1179 4218 ή,
1201 4129 1239 4217 νή
1255 4124 1322 4205 At’,
1343 4124 1470 4201 oiossir

310 4243 445 4326 πτεροῖς
465 4240 553 4307 scribi
567 4239 667 4305 voluit.
701 4239 845 4320 Equidem
860 4254 915 4300 neo
929 4237 1043 4300 dualem
1059 4237 1163 4319 probo,
1179 4255 1233 4321 pro
1248 4254 1308 4318 quo
1322 4235 1467 4320 pluralem

308 4346 439 4426 πτερῶν
452 4344 586 4429 positum
600 4342 727 4417 medem,
749 4360 804 4406 nso
824 4340 1086 4429 transpositionem
1099 4340 1286 4405 Reiekiauam
1308 4337 1467 4421 interposi·

308 4459 429 4529 temque
444 4448 686 4520 obtestationem,
702 4465 763 4510 non
779 4446 870 4527 manis,
885 4451 984 4507 tamen
1000 4444 1069 4507 illud
1085 4462 1259 4527 epexegema
1270 4442 1306 4509 rb
1319 4442 1467 4524 Euripidis
