3154 5138
316 1528 634 1624 denuntiatio
650 1530 683 1621 l
697 1528 762 1621 All
782 1527 1013 1624 CICERONIS
1041 1529 1124 1623 ΗΒ.
1148 1530 1207 1620 llll
1222 1527 1328 1621 lat.
1351 1523 1476 1619 DEOB,

283 1847 299 1897 3
397 1816 486 1907 lluod
501 1833 611 1913 aliquot
619 1833 724 1896 abhinc
730 1835 815 1897 annis
830 1855 846 1897 a
860 1853 910 1897 me
924 1837 1032 1897 lactum
1047 1843 1101 1909 est,
1116 1850 1208 1914 quom
1220 1831 1379 1894 Ciceronis
1393 1830 1481 1893 libros

317 1935 355 1997 de
369 1943 471 1999 natura
486 1936 609 1998 deorum
624 1936 752 2010 ederem
767 1945 802 1999 nt
815 1937 851 1999 de
865 1936 1056 1999 emendandis
1072 1934 1249 2016 quibusdam
1265 1933 1353 2011 lotis,
1368 1935 1406 1997 de
1421 1933 1483 2013 qni·

318 2036 373 2099 bns
394 2038 424 2099 in
443 2035 632 2099 annotatione
649 2054 796 2117 exponere
815 2047 937 2118 propter
955 2037 1030 2100 illins
1049 2036 1185 2099 editionis
1200 2036 1366 2099 eonsilium
1381 2034 1483 2116 nequi·

317 2157 429 2215 reram,
449 2140 480 2202 in
494 2139 541 2201 bis
555 2139 658 2201 libellis
678 2140 864 2214 academicis,
885 2140 934 2220 qui
954 2140 1120 2219 complures
1140 2138 1306 2219 quotannis
1322 2138 1399 2201 mibi
1413 2137 1484 2199 scri·

316 2241 403 2304 bendi
428 2250 511 2317 sont,
536 2241 698 2304 accuratius
717 2242 912 2323 disputarem,
930 2240 1006 2302 idem
1025 2241 1112 2303 etiam
1131 2241 1191 2302 hoo
1208 2247 1355 2321 tempore
1374 2240 1487 2311 ladam,

316 2362 407 2423 quum
422 2343 635 2407 alteraillorum
650 2342 792 2406 librorum
810 2344 898 2406 editio
918 2361 1014 2424 nuper
1032 2343 1104 2405 mibi
1124 2343 1256 2406 curanda
1275 2344 1381 2406 buerit.
1418 2342 1487 2403 Nam

316 2446 457 2525 quoniam
475 2446 611 2508 universa
630 2445 767 2508 editionis
787 2449 861 2510 ratio
881 2453 910 2509 et
927 2448 1022 2509 forma
1036 2463 1098 2508 non
1117 2446 1231 2510 diversa
1248 2465 1323 2508 esse
1338 2443 1444 2508 debuit
1457 2441 1490 2505 ab

316 2544 363 2610 illa
377 2549 490 2629 priore,
512 2567 599 2630 mam
615 2548 682 2610 viris
698 2548 924 2629 intelligentibus
942 2550 1012 2611 satie
1027 2547 1172 2630 placuisse
1185 2548 1294 2623 rideo,
1315 2565 1403 2610 nuno
1417 2564 1490 2627 quo-

316 2670 373 2731 que
385 2671 473 2733 opera
492 2670 557 2713 mea
576 2651 606 2713 in
621 2669 656 2712 eo
672 2652 798 2714 maxime
813 2660 924 2714 versata
940 2660 993 2725 est,
1011 2660 1053 2724 ut,
1069 2670 1142 2731 quae
1156 2650 1192 2712 ad
1206 2658 1332 2713 rectam
1347 2650 1491 2729 interpre-

316 2754 455 2816 tationem
469 2753 614 2833 pertinere
632 2753 811 2825 viderentur,
833 2772 920 2835 quam
935 2772 1055 2834 possem
1074 2752 1251 2834 planissime
1271 2761 1305 2815 et
1320 2751 1493 2815 brevissime

316 2874 505 2936 exponerem,
524 2856 759 2917 emendationem
778 2863 873 2918 autem
900 2856 1029 2936 volgatae
1047 2855 1180 2917 lectionis
1199 2854 1361 2919 haetenus
1377 2856 1494 2918 demum

316 2958 488 3036 attingerem
504 2966 647 3037 quatenus
662 2976 782 3020 necesse
796 2965 883 3033 esset,
898 2978 935 3019 ne
950 2958 1019 3039 quid
1034 2957 1262 3038 relinqueretur,
1278 2959 1368 3039 qnod
1385 2966 1438 3020 aut
1450 2957 1494 3018 in·

315 3059 404 3140 telligi
428 3067 504 3121 recte
528 3076 590 3121 non
617 3069 731 3140 posset,
762 3070 811 3123 aot
839 3060 952 3140 legibus
977 3060 1057 3123 latini
1083 3059 1236 3122 sermonis
1272 3063 1495 3125 adversaretur.

316 3162 515 3237 Quamobrem
535 3161 611 3224 siout
634 3163 744 3243 aliquot
765 3163 847 3225 locos
871 3162 957 3225 etiam
982 3172 1085 3226 contra
1110 3162 1252 3225 codicum
1283 3163 1496 3228 auctoritatem

316 3265 461 3353 corrigere
486 3282 548 3327 non
567 3265 707 3337 dubitavi,
727 3266 771 3327 sic
795 3265 842 3327 alii
865 3284 927 3327 non
946 3267 1030 3348 pauci
1045 3266 1143 3329 intacti
1159 3265 1300 3348 relinqui
1323 3274 1498 3349 potnerunt

317 3387 406 3448 quos,
418 3368 444 3430 si
460 3367 549 3430 critici
564 3368 685 3430 editoris
701 3386 857 3447 personam
875 3368 1081 3448 suscepissem,
1095 3369 1196 3448 utique
1212 3371 1395 3435 mutandos
1411 3370 1499 3433 muse

315 3489 377 3532 non
392 3489 440 3532 me
455 3471 576 3551 lugeret.
621 3469 696 3531 Nam
718 3469 832 3531 codices
853 3470 960 3533 borum
979 3470 1137 3544 librorum,
1157 3470 1215 3533 etsi
1238 3492 1280 3535 ex
1303 3493 1374 3538 uno
1397 3489 1500 3536 omncs

315 3573 462 3653 exemplo,
482 3592 576 3652 eoque
596 3590 657 3635 non
677 3572 805 3652 integro,
825 3573 876 3635 sed
895 3573 1027 3637 mutilato
1045 3580 1075 3636 et
1088 3571 1188 3637 multis
1210 3576 1328 3640 modis
1346 3583 1501 3659 corrupto,

313 3675 460 3738 derivatos
475 3693 541 3736 esse
555 3674 651 3755 primo
668 3674 765 3737 statim
781 3686 901 3755 aspectu
909 3687 1055 3758 appareat,
1069 3678 1143 3739 adeo
1156 3684 1270 3743 minen
1287 3681 1414 3762 passim
1429 3681 1502 3744 inter

314 3796 347 3839 se
362 3778 542 3857 discrepant,
563 3784 596 3838 ut
616 3785 709 3839 certas
729 3779 871 3858 quasdam
892 3777 975 3858 quasi
1002 3779 1111 3842 classes
1130 3787 1180 3842 aut
1201 3780 1350 3848 familias
1371 3782 1503 3848 bonitate

313 3880 445 3959 dispares
468 3897 626 3959 agnoscas,
652 3879 681 3941 in
708 3898 831 3960 quarum
852 3881 1003 3955 dissensu,
1023 3881 1072 3943 ubi
1088 3881 1226 3961 graviora
1243 3897 1420 3951 momenta
1434 3886 1503 3949 deii·

314 3980 405 4054 ciant,
431 4000 534 4043 eorum
556 3981 690 4043 codicum
715 3982 870 4045 lectionem
896 3991 1065 4064 praeoptas,
1085 4001 1162 4063 quos
1182 3985 1226 4048 de
1244 3990 1387 4055 meliore
1401 3986 1506 4055 familia

313 4101 379 4144 esse
396 4082 577 4162 cognoveris.
621 4084 729 4145 Verum
743 4084 912 4147 huiusmodi
927 4084 1029 4147 labore
1044 4084 1177 4148 curiosae
1198 4090 1362 4156 codicum
1379 4090 1503 4175 inquisi-

313 4184 415 4257 tionis,
437 4184 561 4246 molesto
582 4184 628 4269 illo
643 4184 788 4265 taediique
802 4185 904 4267 pleno,
923 4186 995 4249 mibi
1011 4187 1127 4273 quidem
1142 4187 1283 4269 impune
1301 4196 1508 4279 supersedere

313 4285 535 4366 licuitpropter
555 4285 690 4348 editionis
710 4288 968 4352 macerationem:
988 4290 1207 4353 exhauriendus
1231 4305 1348 4361 antem
1372 4298 1505 4363 luitriro

313 4387 665 4473 doctissimo,lleiubcldo
673 4388 795 4467 Klotzio,
806 4392 915 4474 quippe
928 4392 979 4473 qui
994 4410 1112 4456 summo
1124 4393 1234 4459 studio
1252 4398 1291 4464 id
1307 4394 1507 4482 potissimrun
