3266 5140
708 492 769 553 415

241 677 303 740 ism
322 676 359 738 ad
379 677 499 740 abcrnm
521 676 693 740 vocobulum
711 676 892 752 accedimus,
912 680 1314 760 metamaucensem,

155 780 215 855 rei,
235 787 269 841 nt
283 779 352 842 Osci
367 778 545 855 scribebant,
564 784 671 851 meuc,
691 785 872 858 meumst)
910 781 977 845 Iiec
995 784 1064 863 quin
1085 785 1257 848 adiectirum
1276 786 1316 849 sit

154 900 245 945 nemo
260 882 385 957 dubitot3
401 882 563 962 significare
577 892 675 945 eutem
689 883 776 963 urigo
791 884 868 946 idem
885 885 1013 948 creditur
1026 887 1106 967 quod
1120 906 1244 970 mopsus
1255 894 1263 931 ¹
1275 888 1314 967 6),

154 1002 219 1047 non
237 985 323 1047 aliem
343 984 382 1045 cb
397 1002 529 1059 cauum,
549 1002 636 1066 qnam
651 986 718 1066 quie
734 986 863 1068 Aequum
876 991 1011 1062 testeum,
1033 988 1145 1051 Samnii
1160 992 1313 1073 oppidum,

155 1088 186 1148 in
199 1087 350 1150 itinerario
365 1088 631 1168 Hierosolymitano
646 1090 775 1171 Asprum
788 1108 928 1170 mapsam
942 1090 1066 1153 dicitur¹
1080 1094 1119 1169 ²).
1145 1094 1233 1173 Atqui
1251 1095 1314 1156 beri

154 1190 234 1253 band
249 1190 336 1252 dnbio
350 1190 459 1271 potnit,
474 1199 508 1253 nt
522 1192 615 1252 eidem
631 1192 742 1272 oppido
756 1192 816 1254 duc
832 1192 1020 1272 cognomina,
1039 1194 1161 1257 aiterum
1178 1195 1214 1257 ab
1228 1195 1314 1259 Oscis

154 1292 278 1355 aiterum
293 1311 310 1355 a
323 1293 442 1368 LatInis,
458 1293 687 1374 imponerentur,
703 1314 776 1375 qnae
790 1303 962 1358 tamennon
977 1296 1109 1359 eiusdem
1124 1298 1313 1377 significatio·

152 1395 201 1457 nis
216 1404 324 1470 essent,
341 1396 392 1457 sed
408 1396 532 1458 atterum
547 1415 563 1458 e
578 1397 778 1476 magnitudine
791 1397 924 1471 inditum,
939 1415 999 1478 quo
1014 1394 1242 1478 distingueretur
1255 1402 1314 1464 hoc

154 1498 299 1579 oppidum
314 1499 349 1560 ab
364 1500 420 1562 alio
435 1500 479 1562 vei
494 1500 557 1563 aliis
572 1498 814 1580 cognominibus,
833 1518 907 1579 quoe
920 1498 1034 1562 minore
1048 1510 1148 1564 essent
1159 1508 1167 1545 ¹
1180 1508 1223 1580 ⁸),
1242 1503 1313 1565 atte-

153 1617 221 1662 rum
235 1610 334 1662 anum
349 1610 472 1682 propter
486 1602 570 1663 eiiam
585 1601 753 1682 quampiam
767 1600 921 1676 rationem,
937 1602 973 1664 dc
987 1618 1045 1682 qua
1060 1604 1130 1684 quid
1145 1604 1216 1667 mibi
1232 1605 1312 1669 vide-

153 1711 233 1778 atur,
252 1712 323 1785 pest
340 1722 495 1785 erponem.
537 1705 635 1784 Itaque
654 1722 745 1784 quum
765 1703 894 1766 verevis
913 1722 948 1766 ex
967 1704 1024 1768 isto
1039 1705 1187 1769 itinerario
1202 1726 1313 1788 nequa·

153 1822 242 1887 quam
269 1817 348 1869 certo
375 1807 514 1887 cognosci
540 1808 649 1886 possit,
676 1806 946 1887 circumspiciamus
972 1806 1071 1887 petius
1090 1809 1199 1889 rebquu
1219 1806 1313 1872 Oscae

152 1908 269 1989 linguae
294 1917 499 1982 monumenta,
527 1910 552 1970 si
572 1909 643 1989 quid
662 1911 737 1970 torte
755 1909 787 1969 in
802 1908 848 1970 bis
863 1910 1053 1990 vesngorum
1068 1910 1311 1992 deprehendatur,

153 2010 260 2091 quibus
275 2012 455 2074 insistamus.
490 2012 526 2073 Et
541 2030 600 2091 qno
616 2011 726 2072 Iecilius
741 2028 788 2071 me
802 2010 925 2073 lectores
940 2028 994 2092 per
1007 2013 1061 2075 bas
1076 2012 1203 2075 salebras
1219 2015 1312 2076 corni-

151 2122 265 2189 tentur,
283 2132 450 2194 proponent
466 2114 578 2188 snum,
595 2130 654 2193 quo
670 2112 743 2174 mibi
757 2112 925 2191 pervenisse
939 2114 1018 2176 visus
1034 2132 1117 2189 sum3
1136 2115 1312 2197 deindeque

152 2216 200 2278 via
207 2216 389 2297 pervenerim
398 2217 542 2279 indicabo.
569 2216 702 2278 Arbitror
709 2215 797 2296 igitur
805 2218 925 2277 teob'cus
940 2215 1114 2278 adiectivum
1128 2235 1193 2279 esse
1207 2235 1224 2280 e
1240 2218 1311 2279 sub·

152 2319 278 2381 stantivo
298 2329 374 2381 teoto
393 2318 552 2380 detiorum:
575 2318 635 2379 hoc
652 2324 763 2391 autem,
789 2335 856 2378 cnm
871 2317 975 2380 Latino
990 2318 1131 2380 ediectivo
1145 2329 1220 2382 tettu
1233 2321 1311 2383 band

153 2420 243 2482 dubie
258 2429 423 2499 cognatum,
438 2423 656 2482 obtundentem
671 2418 831 2499 significare
847 2420 972 2494 ridetur,
987 2422 1182 2504 usurpariqne
1195 2422 1242 2486 rel
1255 2438 1311 2504 pro

154 2526 278 2594 cabitote,
293 2540 384 2602 quom
400 2540 491 2584 sensu
506 2522 655 2583 collective
669 2521 824 2585 universus
839 2522 945 2585 civium
961 2540 1101 2586 nummus
1117 2525 1175 2587 boc
1190 2525 1311 2587 nomine

153 2624 412 2704 comprehenditis
422 2630 430 2667 ¹
442 2626 483 2699 9),
499 2623 645 2684 ueletiam
661 2641 716 2703 pro
732 2634 812 2686 eecce
826 2634 855 2687 et
869 2636 1010 2688 emmeant
1026 2627 1238 2708 todespepcb':
1257 2629 1310 2690 ed·
1328 2642 1343 2690 r

152 2726 289 2787 iectivnm
305 2735 401 2788 entem
417 2726 484 2787 inde
505 2726 623 2786 ductum
650 2725 813 2803 significare
838 2727 979 2807 quidquid
998 2727 1192 2791 univcrsitatis
1211 2736 1258 2791 est
1275 2729 1311 2792 ad

152 2846 279 2908 eamque
297 2828 435 2910 pertinet,
454 2829 611 2890 meddicem
625 2827 712 2907 igitur
726 2832 846 2891 tosticum
859 2829 931 2891 nibil
945 2830 1022 2891 alind
1036 2848 1102 2892 esse
1116 2848 1206 2910 quam
1222 2848 1312 2893 care-

152 2940 246 2994 terem
270 2934 475 2994 univcrsitatis.
495 2965 537 2976 -
563 2929 699 2992 Ceterum
726 2931 865 3010 quonium
890 2931 922 2993 in
941 2931 1066 2994 Bentino
1087 2931 1182 2995 tebniu
1202 2949 1313 2995 nomen

317 3106 504 3114 m»..—

224 3204 264 3271 15)
283 3205 345 3259 Vere
360 3206 472 3259 litteram
489 3208 514 3259 in
530 3209 577 3259 boc
593 3208 715 3260 vocabulo
727 3207 819 3260 babent
835 3207 1013 3275 inscriptiones
1029 3209 1094 3276 apud
1107 3207 1205 3262 Grotai.
1217 3210 1269 3263 tab.
1280 3209 1313 3277 II,

154 3290 177 3356 1,
191 3288 215 3355 3,
228 3291 253 3342 d.

223 3376 263 3441 lb)
281 3372 339 3429 vit.
350 3374 461 3429 FerceII.
475 3392 496 3429 s.
507 3393 532 3429 r.
545 3372 642 3429 Itieaee
655 3378 686 3428 de
699 3377 750 3429 tab.
763 3374 833 3429 bant.
845 3378 870 3430 in
883 3388 969 3446 opusc.
980 3379 1065 3446 philol.
1077 3396 1101 3448 p.
1115 3378 1156 3433 ³4.

223 3462 264 3523 17)
283 3465 413 3530 Aequum,
425 3479 475 3514 von
491 3462 592 3530 Εᾳιιιηιι
609 3462 700 3529 scripsi
718 3476 773 3513 eum
785 3461 876 3513 Servio
888 3464 920 3514 ad
932 3462 1004 3528 Virg.
1020 3463 1083 3515 Aen.
1097 3462 1161 3530 vln,
1172 3465 1197 3530 9,
1209 3473 1314 3534 propter

151 3547 340 3614 inscriptionem
361 3563 400 3615 ap.
421 3547 500 3600 Oreil.
522 3566 563 3600 no.
582 3546 648 3611 1133
667 3555 694 3598 et
710 3548 774 3598 alias
790 3563 887 3614 qnoque
904 3548 977 3599 baius
994 3549 1135 3617 scripturas
1146 3552 1312 3604 auctoritates

150 3632 216 3699 apud
229 3630 426 3697 Wsssetinginn
439 3644 496 3684 esse
508 3634 584 3685 eredo
600 3635 631 3684 sd
644 3632 701 3685 Itin.
715 3633 807 3684 boton.
820 3646 845 3698 p.
860 3631 922 3696 roo,
934 3646 1007 3699 qum
1023 3633 1114 3685 bbrrnn
1127 3636 1252 3703 irrepsere
1264 3653 1312 3687 non

151 3731 262 3784 possum.
285 3718 365 3769 Didici
378 3726 459 3770 umen
477 3733 491 3768 e
509 3718 631 3785 CsIIario,
644 3716 738 3783 (ἔθυεν.
751 3724 803 3769 ant.
813 3715 826 3768 I
837 3734 862 3784 p.
875 3714 938 3783 873,
955 3720 1031 3770 etim
1043 3719 1067 3770 in
1080 3720 1166 3772 tabula
1177 3720 1310 3774 Itinerario

150 3802 211 3853 Ant.
225 3803 322 3855 adiecta
334 3807 453 3871 Aequum
469 3805 589 3871 scripturn
605 3820 670 3856 esse.
705 3802 822 3855 Ceterum
843 3802 898 3855 IalIi
915 3811 1017 3855 veteres
1033 3800 1131 3857 Horatii
1152 3808 1312 3874 interpretes,

151 3888 194 3954 qni
210 3889 257 3939 tce
273 3889 388 3956 oppium
405 3904 421 3941 a
437 3896 512 3955 poeto
529 3889 553 3939 in
571 3890 662 3941 itinere
679 3889 842 3953 Brundisino,
854 3896 903 3941 rat.
915 3888 940 3955 1,
953 3889 981 3958 5,
993 3889 1034 3953 st,
1049 3889 1186 3955 significari
1199 3892 1311 3957 credunt,

151 3972 212 4023 mitt
224 3986 280 4023 enm
291 3973 419 4040 plerisque
432 3973 615 4024 recentioribus
626 3973 701 4041 plane
712 3986 860 4041 persuasori
871 3980 920 4025 est.

221 4056 261 4121 18)
280 4056 510 4109 commemorantur
525 4058 548 4107 in
567 4058 658 4109 vicinia
676 4061 764 4110 Aecus
780 4066 808 4110 et
818 4058 990 4126 Asequrmm,
1008 4076 1071 4128 qnae
1088 4062 1187 4114 nomina
1200 4063 1312 4116 eiusdem

151 4157 207 4194 omn
219 4146 308 4211 Aeque
321 4144 408 4210 stirpis
421 4158 479 4195 asse
490 4144 617 4195 videntur.
641 4143 697 4194 th.
711 4143 805 4195 CeIIar.
817 4142 828 4195 I
838 4159 862 4211 p.
876 4144 935 4196 811.
947 4160 985 4214 sq.

221 4228 262 4291 19)
280 4227 359 4281 Velut
371 4245 445 4296 quum
458 4232 568 4294 theatra,
587 4230 668 4281 studi·
681 4245 709 4280 es
721 4230 744 4280 si
756 4244 804 4297 qna
816 4230 867 4281 adia
879 4238 939 4282 sunt
954 4234 1084 4286 eititstmn
1097 4234 1240 4301 communis,
1254 4238 1313 4286 unt-

149 4314 284 4366 esrss'tetts
296 4328 353 4366 esse
365 4315 490 4381 dicentur,
502 4317 549 4367 bso
561 4315 622 4366 nibil
632 4315 701 4366 aliod
711 4330 783 4383 quun
796 4319 908 4368 01υᾶαή
918 4325 1097 4385 eseeapertara
1109 4326 1157 4371 est.
1180 4319 1238 4372 Vid.
1251 4318 1312 4370 Iret.

149 4398 181 4463 II,
196 4400 217 4465 i,
230 4399 254 4452 6.
280 4400 335 4465 θὶς.
350 4401 372 4466 1,
386 4402 410 4467 8,
425 4403 436 4453 1
451 4419 489 4469 pr.
503 4410 531 4454 et
542 4402 573 4454 Ir.
585 4402 615 4465 ὃς
633 4408 660 4453 st
670 4401 695 4453 in
708 4400 785 4453 uerte
797 4402 852 4467 nte.
865 4402 1015 4469 XXXVIII,
1032 4400 1048 4454 3
1061 4404 1103 4472 qni
1115 4404 1202 4458 Itbsrti
1211 4406 1313 4457 unw-

149 4488 258 4539 aitotum
269 4488 394 4550 dicontur,
406 4502 456 4539 nen
467 4488 511 4541 atii
523 4495 583 4540 sunt
594 4503 666 4557 quarn
677 4489 885 4556 mwucipierum.
