3290 5142
827 469 977 568 ‚ns-s-

321 656 380 721 tim
395 654 425 722 el
438 658 577 724 Muniam
592 658 647 725 sibi
661 664 762 740 erepta
776 674 841 721 esse
856 659 997 740 queritur,
1012 659 1171 742 lovemque
1187 659 1341 742 implorat,
1362 665 1397 723 ot
1414 666 1483 722 tan·
1622 668 1623 693 ³

321 752 389 824 iem
408 758 563 845 aliquanto
583 782 688 827 sorum
707 761 945 826 ulciscendorum
964 760 1135 826 taenaron
1160 763 1353 827 nanciscatur.
1397 762 1483 826 Nune

320 864 410 941 enlm,
424 864 521 948 inquit
535 884 563 928 s.
576 862 648 940 345,

619 967 707 1043 τίσις
729 960 769 1030 οὗ
791 960 1044 1053 quiescentique

521 1060 658 1154 ἀνδρῶν,
682 1060 720 1133 οἳ
737 1061 830 1150 τοίμὰ
850 1060 985 1155 χρήματ’
1008 1062 1121 1147 ἔχουσι
1142 1068 1198 1155 βίῃ

620 1162 818 1255 συλήσαντες
830 1204 883 1232 -.

319 1278 350 1336 el
369 1293 396 1335 u.
418 1272 479 1337 835
500 1273 616 1337 incusat
636 1263 762 1357 ἀνδροῖν
787 1292 825 1335 τε
851 1265 928 1355 βίην
952 1268 1009 1334 καὶ
1032 1266 1151 1354 κέρδεα
1178 1268 1274 1336 δειλὰ
1295 1270 1353 1335 καὶ
1373 1264 1481 1355 ίίμριν,

319 1394 393 1458 quae
408 1394 440 1437 se
455 1370 587 1437 πολλῶν
608 1369 646 1451 έξ
665 1366 806 1457 ἀγαθῶν
826 1365 861 1449 ἐς
880 1364 1030 1459 κακότητ’
1053 1367 1181 1461 ἔβαλον.
1227 1376 1290 1439 Alio
1305 1375 1372 1439 loco
1385 1375 1422 1438 ab
1435 1374 1480 1451 iis,

318 1477 424 1560 quibus
438 1477 529 1540 fidem
543 1476 687 1553 habuerit,
703 1497 736 1541 se
751 1477 905 1558 deceptum
920 1476 1066 1557 bonisque
1081 1484 1203 1541 exutum
1217 1478 1267 1553 ait,
1283 1496 1310 1540 r.
1327 1477 1405 1541 831:

482 1573 599 1643 πίστει
618 1570 755 1665 χρήματ’
777 1570 909 1653 ίίλεσσα,
932 1568 1076 1662 ἀπιστίῃ
1100 1572 1130 1640 δ’
1150 1572 1294 1642 έσᾶωσα.

317 1681 348 1745 h.
363 1700 389 1744 e.
405 1682 476 1744 dum
492 1680 658 1745 diffidebam
675 1681 840 1756 allisione
855 1680 1155 1753 mesconservalsam,
1170 1700 1264 1762 quum
1279 1681 1368 1743 lislem
1388 1680 1480 1743 halse-

314 1802 389 1859 rem,
404 1783 526 1867 perdidi.
555 1783 594 1846 Et
603 1802 688 1864 agros
703 1784 824 1865 quidem
839 1802 872 1846 se
887 1783 1007 1845 absente
1022 1784 1058 1845 ab
1071 1782 1136 1846 allis
1152 1792 1310 1865 occupatos
1325 1802 1390 1847 esse
1406 1802 1481 1865 que·

314 1886 399 1960 ritur,
419 1904 511 1966 quum
532 1884 747 1967 navigationem
768 1887 917 1968 quandam
939 1885 1133 1965 suscepisset,
1154 1884 1480 1967 o.1200,lcnqinquae

315 1994 416 2050 autem
436 1986 687 2070 peregrinationis,
717 1988 748 2050 in
771 2005 830 2068 qua
853 1987 1016 2063 Euboeam,
1043 1988 1190 2069 Spartam,
1217 1988 1345 2052 Siciliam
1365 1988 1479 2065 adierit,

315 2109 377 2153 non
397 2091 488 2153 modo
508 2090 600 2173 ipsius
619 2090 824 2153 testimonium
845 2089 989 2152 habemus
1009 2109 1036 2151 v.
1053 2088 1125 2164 783,
1144 2091 1300 2153 sedetiam
1316 2091 1480 2154 hoedoeu-

315 2200 417 2256 mento
432 2211 497 2255 esse
512 2199 620 2273 potest,
636 2193 715 2274 quod
731 2193 821 2255 Siculi
836 2191 1022 2273 Megarenses
1035 2208 1105 2255 eum
1119 2193 1213 2255 ciram
1227 2208 1316 2255 suurn
1330 2193 1479 2255 lecerunt:

315 2295 359 2357 sic
376 2295 457 2357 enim
478 2294 608 2358 Platonis
628 2296 743 2370 locum,
763 2294 815 2358 ubi
835 2291 975 2378 πολίτης
999 2291 1064 2358 τῶν
1084 2285 1118 2357 ἐν
1138 2291 1275 2379 Σικελίῃ
1295 2288 1481 2378 Μεγαρέων

314 2395 462 2476 Theognis
483 2395 603 2471 dicitur,
627 2397 828 2477 accipiendam
849 2414 914 2458 esse
940 2412 1020 2458 nune
1045 2395 1181 2476 qudem,
1206 2403 1276 2478 post
1300 2396 1480 2460 luculentam

315 2494 460 2560 weicheri
482 2496 728 2581 disputationem,
761 2497 832 2561 satis
859 2505 995 2561 constare
1024 2497 1158 2560 arbitror.
1217 2497 1340 2580 Arabim
1369 2507 1480 2575 autem,

315 2606 417 2661 utrum
436 2598 530 2662 macto
552 2600 675 2681 aplebe
695 2599 881 2680 optimatium
900 2598 1026 2680 imperio
1046 2599 1212 2686 inexilium
1228 2601 1428 2681 Theeqoilem
1442 2602 1479 2663 als

315 2701 487 2765 adversariis
509 2703 629 2784 pulsum
651 2720 732 2777 esse,
752 2720 790 2764 an
811 2720 865 2764 sua
884 2701 1034 2764 voluntate
1053 2707 1082 2764 et
1102 2719 1245 2765 coruum
1265 2720 1367 2766 rerum
1381 2704 1479 2768 uenis

316 2804 495 2885 aliquamdiu
509 2804 726 2887 peregrinatum
742 2822 807 2867 esse
822 2804 934 2867 dicam:
955 2821 1024 2865 nam
1042 2803 1181 2866 alsenam
1195 2805 1243 2868 sui
1258 2806 1336 2871 exilii
1349 2808 1479 2869 menoe-

315 2925 385 2969 nem
399 2925 548 2989 nusquam
562 2907 599 2970 ab
613 2926 650 2970 eo
664 2906 772 2968 laetam
786 2905 883 2968 video
915 2905 1049 2968 Rediisse
1059 2913 1159 2968 autem
1173 2907 1204 2968 in
1218 2908 1353 2988 patriam,
1368 2909 1479 2988 ibique,

315 3016 449 3092 reparato
462 3008 614 3090 paullatim
629 3008 672 3070 rei
682 3007 833 3070 familiaris
845 3008 963 3081 domno,
979 3014 1164 3070 senectutem
1174 3009 1246 3071 satis
1257 3011 1415 3073 commode
1425 3029 1482 3073 nee

315 3113 378 3175 sine
393 3112 539 3176 hilaritate
554 3111 730 3192 transegisse
745 3129 782 3172 ex
796 3111 909 3192 aliquot
922 3109 1072 3172 versiculis
1083 3111 1223 3173 aseniore
1233 3112 1349 3192 scriptis
1361 3112 1475 3193 colligo.

316 3212 391 3275 Nam
405 3214 537 3276 diversae
551 3230 670 3294 quoque
689 3212 792 3275 asans
810 3211 918 3274 indicia
937 3211 968 3273 in
986 3212 1032 3274 luis
1051 3212 1183 3294 reliquiis
1198 3213 1294 3276 inesse
1307 3214 1368 3276 iam
1390 3234 1479 3296 supra

316 3315 428 3379 dictum
443 3318 497 3377 est.
540 3314 688 3377 Florentia
703 3314 807 3377 aetatis
821 3319 892 3376 sunt
906 3330 1008 3377 versus
1023 3313 1095 3376 567.
1112 3314 1148 3377 8:

416 3408 512 3499 Ἥβῃ
534 3408 738 3497 τερπόμενος
758 3407 881 3492 παίζω·
904 3410 1004 3499 δηρὸν
1026 3410 1087 3499 γὰρ
1109 3409 1243 3499 ἔνερθεν

501 3513 562 3602 ’γῆς
582 3508 702 3593 ὀλέσας
721 3512 830 3601 ψυχήν
850 3516 1005 3596 κείσομαι
1026 3508 1112 3581 ὥστε
1131 3510 1240 3594 λίθος.

317 3625 347 3682 et
361 3616 423 3681 983
438 3636 521 3700 sqq:

412 3712 533 3801 Ἡμεῖς
554 3710 585 3782 o'
607 3713 641 3783 έν
661 3712 806 3803 θαλίῃσι
828 3713 928 3803 φίλον
948 3713 1183 3802 μεταθώμεθα
1203 3717 1323 3805 θομέν,

502 3812 574 3907 ὄφρ’
597 3814 648 3884 ἔτι
668 3817 839 3905 τερπωλῆς
861 3812 924 3903 ἕρμ’
946 3815 1098 3905 ἐρατεινὰ
1119 3819 1213 3910 φέρῃ.

416 3910 508 4012 αἶψα
530 3918 591 4004 γὰρ
613 3914 699 3985 ὥστε
718 3917 826 4007 νόημα
846 3917 1048 4007 παρέρχεται
1070 3918 1192 4009 ἀγλαός
1211 3920 1288 4015 ήβῃ,

459 4018 530 4089 οὐδ’
551 4022 669 4088 ἵππων
691 4017 776 4108 ὁρμή
800 4025 944 4108 γίγνεται
966 4018 1122 4114 ὤκοτέρῃ.

208 4212 210 4216 ⁴
315 4127 424 4192 Contra
438 4134 642 4191 senescentem
655 4135 775 4208 poetam
789 4129 919 4211 produnt
932 4148 960 4191 ν.
976 4129 1049 4192 527.
1064 4131 1102 4195 8:

415 4222 442 4294 el
462 4250 525 4312 μοι
545 4223 628 4310 ayss
647 4222 733 4314 ἥβης
755 4227 811 4293 καὶ
832 4224 953 4317 γήραος
977 4222 1180 4315 οὐλομένοιο,

499 4334 560 4397 τοῦ
580 4326 641 4413 μέν
661 4326 889 4418 ἐπερχομένου,
911 4330 971 4418 τῆς
992 4326 1022 4398 δ’
1042 4326 1310 4425 οἲπονισσομένῃς

314 4443 346 4499 et
359 4455 387 4499 v.
405 4434 498 4499 1131.
514 4435 550 4497 λε
