3190 5136
716 430 775 495 111

623 607 713 700 ὄφρα
732 614 867 679 θεοῖσιν

289 712 441 805 ἀνδράσι
461 710 496 781 τ’
519 709 725 804 ἀλφηστῇσιν
746 709 829 801 ἀρῆς
850 708 994 802 ἀλκτῆρα
1015 711 1184 803 φυτεύσαι.

153 828 247 902 „apg
273 825 373 905 inquit
391 822 581 887 normannus
600 838 629 900 p.
650 818 680 894 8,
707 818 868 900 ,nomgoid
889 818 938 880 hio
955 819 992 881 de
1012 837 1118 899 genero
1135 821 1264 883 hnmano
1284 819 1322 883 od

157 932 230 992 deos
240 925 410 1000 evehendo,
424 933 453 986 et
468 923 578 986 nonde
592 922 737 1002 gignendo
749 923 870 984 deorum
886 930 973 1003 atque
983 922 1136 987 hominum
1151 941 1322 1004 propugna-

159 1044 224 1094 tore
244 1030 358 1093 dictum
374 1024 465 1089 est?“
509 1025 623 1087 Dictum
637 1032 694 1099 est,
715 1024 836 1104 opinor,
851 1024 1065 1105 degenerando
1080 1026 1201 1089 homine
1214 1027 1322 1102 divim,

159 1133 254 1216 qualia
278 1129 415 1212 generari
437 1127 496 1189 nisi
511 1147 528 1189 a
545 1128 613 1190 love
635 1145 697 1188 non
720 1125 861 1205 potuerim
883 1133 913 1188 et
936 1145 1055 1190 caueam
1079 1129 1142 1191 eine
1166 1132 1322 1210 generandi

159 1238 240 1299 hano
253 1233 359 1304 inisse,
372 1238 407 1293 nt
420 1228 591 1293 hominibus
605 1228 679 1291 maia
695 1226 857 1307 depelleret
900 1228 990 1291 Movit
1003 1230 1090 1309 igitur
1104 1231 1202 1295 iorem
1217 1234 1322 1296 huma·

159 1358 217 1400 nae
232 1335 338 1399 saisitis
355 1351 439 1395 cura:
459 1349 527 1393 nam
542 1330 622 1410 qood
638 1328 724 1393 simui
740 1329 827 1391 otiam
846 1328 903 1391 diis
922 1321 1001 1415 ἀρῆς
1022 1322 1167 1418 ἀλκτῆρα
1184 1354 1323 1415 generare

159 1438 294 1501 voluisse
312 1435 434 1508 dicitur,
458 1433 537 1514 qnod
555 1432 712 1494 mmiteato
731 1431 767 1492 ad
792 1431 1054 1512 gigantomachiam
1077 1437 1216 1514 pertinet,
1240 1439 1323 1499 ouius

158 1540 320 1605 Herculem
335 1538 452 1599 socium
470 1535 562 1597 hisae
577 1534 689 1597 fabulae
702 1536 812 1607 serunt,
831 1551 892 1595 non
911 1554 999 1616 spero
1015 1555 1031 1598 a
1046 1555 1194 1617 quoquam
1214 1539 1244 1600 in
1258 1557 1323 1601 eam

159 1641 344 1706 mtontim
361 1640 509 1701 detortum
528 1636 576 1709 iri,
596 1636 679 1717 quasi
699 1636 827 1716 alioquin
845 1635 955 1716 Iupiter
974 1636 1126 1701 Herculem
1145 1658 1207 1703 oon
1222 1641 1325 1703 fuisset

156 1753 367 1826 garenceriis.
397 1741 492 1803 Porro
511 1739 547 1800 de
561 1737 709 1801 evehendo
724 1737 760 1799 ad
775 1737 849 1801 deos
868 1757 975 1817 genere
988 1739 1118 1802 humano
1133 1743 1225 1805 iateor
1238 1742 1322 1823 eqari·

155 1848 229 1910 dem
244 1844 322 1908 nihii
335 1843 446 1905 dictum
462 1859 536 1916 ease,
550 1840 661 1903 scilicet
673 1841 700 1902 ei
715 1838 781 1920 quis
801 1840 874 1902 haec
886 1840 950 1921 ipsa
964 1842 1052 1905 rerba
1068 1862 1085 1905 a
1099 1860 1147 1905 mc
1166 1862 1323 1906 common·

155 1948 251 2011 anari
270 1945 411 2027 postulet
455 1943 513 2005 Sed
534 1943 604 2022 qnid
624 1952 669 2005 est
688 1942 809 2003 evehere
827 1942 964 2005 homines
982 1945 1019 2006 ad
1038 1942 1132 2007 deos?
1174 1946 1250 2019 Hoc,
1264 1947 1324 2009 nisi

155 2052 262 2114 failor:
284 2047 423 2118 excitare,
442 2055 476 2109 ut
494 2045 618 2107 deornm
637 2052 778 2123 quantum
797 2044 916 2124 possint
934 2045 1057 2120 similes,
1077 2047 1206 2127 gratique
1224 2048 1279 2109 diis
1294 2056 1323 2111 et
1342 2061 1372 2112 16

154 2153 275 2233 accepti
297 2151 375 2211 fiant
419 2147 452 2209 ld
471 2155 566 2209 aorem
587 2163 641 2224 per
658 2146 776 2219 heroes,
795 2145 916 2208 deorum
937 2147 1027 2221 filios,
1046 2148 1170 2210 efficitur
1183 2168 1229 2223 eo,
1244 2151 1324 2228 quod

154 2255 189 2316 iai
211 2251 352 2332 exemplo
377 2267 432 2311 suo
456 2247 559 2311 ceteris
578 2248 692 2309 virtutm
716 2246 790 2309 riam
815 2257 995 2323 monstrant,
1020 2250 1213 2328 quamobrem
1236 2252 1323 2312 etiam

155 2356 222 2437 ipsi
241 2354 299 2426 dii,
324 2372 341 2414 a
360 2350 466 2431 quibus
487 2350 686 2428 ingene-arom
709 2349 815 2411 heroos
834 2350 969 2412 virtutem
988 2349 1108 2425 habent,
1132 2352 1205 2415 iacto
1220 2371 1324 2415 eorum

155 2457 281 2537 egregia
304 2461 473 2516 montraaae
491 2450 659 2514 hominibus
683 2451 819 2514 dicuntur
837 2470 853 2512 a
872 2460 960 2532 poeta
979 2451 1151 2528 Homerico,
1175 2455 1273 2535 hymn.
1293 2455 1323 2518 io

157 2559 224 2622 Soi
240 2556 349 2629 xxxi,
367 2553 420 2618 18:

333 2648 487 2742 ἡμιθέων
506 2642 551 2716 ὧν
570 2646 602 2717 τ’
623 2646 702 2738 ἔργα
723 2650 803 2718 θεολ
823 2655 998 2740 θνητοῖσιν
1018 2646 1156 2733 ἐλλειξαν,

158 2763 245 2844 qnod
260 2769 343 2823 recte
357 2758 510 2822 Ernestius
524 2757 745 2837 interpretatur:
764 2767 984 2838 proposuerunt
1004 2759 1174 2821 hominibus
1188 2768 1325 2842 tanquam

159 2855 434 2946 παραδείγματα,
449 2860 588 2940 exempla,
602 2861 637 2922 ad
650 2877 724 2940 quoe
737 2878 770 2921 se
785 2867 1004 2940 componerent
1029 2859 1214 2924 Hermannns
1229 2875 1326 2929 autem

160 2986 257 3048 quum
274 2966 397 3028 iateamr
410 2983 440 3044 p.
453 2963 481 3037 7,
495 2961 521 3023 ei
536 2962 600 3041 quis
615 2962 706 3023 homo
721 2961 793 3023 alios
805 2961 908 3024 virtute
919 2962 1043 3024 multum
1057 2964 1244 3043 antecelleret,
1258 2986 1326 3032 eum

22 3114 27 3135 1
163 3070 266 3132 risum
285 3086 354 3129 esse
373 3065 410 3128 ab
429 3066 485 3127 deo
508 3063 652 3142 originem
671 3063 790 3135 dooere,
811 3063 933 3127 debebat
951 3065 1037 3128 etiarn
1058 3084 1110 3128 cor
1128 3067 1157 3129 id
1177 3068 1217 3132 ita
1231 3070 1326 3135 risum

164 3180 247 3234 eeaet
272 3186 419 3249 quaerore
468 3165 580 3246 Nempe
603 3165 669 3246 quia
698 3165 785 3227 infixa
812 3166 884 3229 haec
909 3175 969 3228 erat
993 3167 1137 3232 veteribus
1163 3173 1326 3251 persuasio,

164 3275 329 3335 humanam
347 3276 480 3331 naturam
498 3268 594 3347 ipsam
613 3286 667 3346 por
681 3286 714 3329 ee
733 3285 854 3347 magnae
868 3267 1020 3331 cuiusdam
1036 3279 1065 3332 et
1078 3271 1199 3336 eximiae
1213 3275 1327 3339 virtutis

166 3376 340 3455 incapacem
354 3390 428 3433 esee
473 3370 671 3445 Quamobrem
691 3370 771 3449 quod
786 3370 887 3432 Cicero
908 3370 960 3444 ait,
980 3371 1008 3433 d.
1024 3389 1054 3433 n.
1070 3372 1098 3434 d.
1113 3373 1149 3446 ll,
1165 3374 1216 3450 65,
1231 3379 1326 3440 nemi-

166 3495 235 3541 nem
246 3473 345 3537 virum
360 3489 499 3552 magnum
510 3472 574 3535 sine
587 3472 684 3553 aliquo
699 3472 797 3535 afflatu
808 3472 905 3536 divino
921 3491 1049 3553 unquam
1065 3475 1163 3550 foisse,
1180 3478 1236 3540 hoc
1250 3479 1327 3543 idem

167 3586 281 3641 rueres
295 3576 336 3638 iiii
350 3575 509 3638 sentientes
523 3593 579 3656 pro
599 3575 697 3638 amato
712 3575 835 3656 stirpem
850 3583 937 3656 atque
952 3576 1171 3655 generationem
1185 3579 1327 3645 direnmt

167 3678 229 3741 Neo
242 3678 330 3742 latuit
343 3679 416 3741 haec
429 3677 504 3740 ratio
518 3679 598 3740 viros
614 3677 813 3751 doctissimos,
828 3696 904 3757 quos
918 3678 949 3739 in
964 3677 1041 3741 libro
1059 3698 1126 3742 meo
1142 3699 1170 3760 p.
1189 3682 1249 3745 143
1263 3684 1328 3748 lau·

169 3781 248 3845 dari:
268 3780 376 3862 quodsi
394 3790 494 3845 nmen
513 3779 715 3842 Hermannom
733 3778 828 3855 latuit,
852 3796 912 3841 non
932 3791 1010 3843 certe
1029 3800 1083 3862 ego
1103 3782 1134 3845 in
1149 3785 1232 3866 canpe
1252 3806 1328 3852 sum.

170 3997 261 4073 μόνον
271 3999 304 4052 ea
315 3997 475 4070 ἐπιθυμίαν
486 3997 570 4070 ἐμίγη
582 3999 616 4071 τῇ
627 4000 747 4070 Αἰγίνῃ,
764 3993 826 4052 ἀλλ’
843 4000 890 4054 ἵνα
902 4001 948 4052 aot
965 4000 1112 4075 σπερμήνῃ
1125 4000 1189 4064 τοὺς
1199 4004 1331 4079 ἀρίστους

169 4085 199 4146 ἐξ
208 4081 301 4150 αὐτῆς,
314 4082 435 4145 Αἰακὸν,
449 4086 551 4150 Πηλέα,
565 4079 702 4153 Ἀχιλλέα,
716 4080 926 4156 Νεοπτόλεμον.
958 4074 1043 4140 Οὗτοι
1055 4091 1084 4141 οἱ
1096 4088 1194 4163 ἔρωτες
1209 4087 1328 4165 ἄριστοι,

172 4171 199 4222 οἱ
207 4170 247 4239 μὴ
257 4165 355 4239 μόνον
365 4164 534 4238 ὀρεγόμενοι
544 4170 594 4237 τῆς
604 4164 844 4228 ἀπολαύσωσιν)
855 4172 904 4236 τῆς
914 4165 989 4244 ὥρας
1002 4168 1099 4242 αὐτῆς,
1124 4173 1181 4228 ἀλλ’
1196 4173 1329 4231 ἀποτελε-

171 4252 286 4326 σμάτων
301 4249 458 4323 ἀξιολόγων
467 4254 515 4306 ναὶ
526 4252 615 4328 ἔργων
626 4254 772 4324 ἐπιφανῶν
782 4255 980 4327 νιλεσιονργοί.
1002 4261 1067 4312 Adi.
1076 4276 1140 4328 quac
1153 4264 1184 4314 de
1196 4262 1263 4316 iovis
1275 4278 1330 4315 coar

171 4339 285 4393 Mdv
301 4338 436 4392 comatico
454 4356 487 4391 arr
504 4340 611 4391 Pindaro
628 4340 709 4392 refert
719 4341 825 4392 Ariarici.
837 4349 898 4393 tom.
910 4342 932 4394 Π
943 4359 967 4409 p.
982 4343 1042 4410 142,
1059 4346 1176 4399 landatur
1187 4362 1201 4398 a
1214 4346 1330 4398 Preiiero

171 4423 343 4492 aemam
354 4425 418 4477 no.
431 4433 492 4477 ιιι
504 4423 538 4477 rv
549 4441 575 4493 p.
587 4424 646 4476 era.
