3178 5136
593 436 793 534 Q

110 619 244 711 ψήφους
258 615 389 703 ἔθεντο,
413 622 472 688 ie
489 619 624 711 φδῳὰς
644 615 865 710 ἐψηφίσαντο.
901 623 945 688 lta
958 623 1007 686 lrie
1028 612 1177 709 άδακρυν,
1192 623 1270 705 μοῖ-

109 748 164 810 ραν
182 722 327 812 σχήσεις
346 721 451 814 φόνον
472 727 632 791 ἰδεσνοεεε
661 747 696 790 oo
721 719 826 803 ἀνάξει
847 722 893 812 μὴ
915 722 1103 810 δακρύουσα
1123 722 1267 813 τὸνφά-
1293 743 1322 794 12

110 852 158 895 νον
177 832 225 894 vel
247 828 325 907 πῶς
347 825 481 916 σχήσεις
501 829 620 914 μοῖραν
641 825 700 915 τὴν
720 825 782 914 σὴν
803 822 890 893 tiore
903 825 949 914 μὴ
964 823 1169 913 δακρύουσαν
1184 820 1270 895 εἶναι

109 929 163 997 vvir
182 926 299 1019 φόνον.
342 932 419 997 llam
442 924 585 1016 άδσκρυν
605 931 726 1018 μοῖραν
743 941 862 1014 poetam
877 932 974 994 dicere
988 942 1020 995 ut
1033 935 1170 997 effectum
1184 954 1267 997 oom-

110 1038 266 1117 plertatm,
285 1056 377 1117 quom
395 1037 467 1100 sotis
486 1037 588 1101 luisset
602 1038 699 1100 dicere
714 1031 848 1122 σχήσεις
868 1032 1004 1120 δάκρυα.
1041 1037 1196 1101 Simillime
1211 1038 1268 1101 So-

110 1140 246 1220 qlroclem
260 1141 293 1202 in
306 1140 420 1203 Electra
434 1161 460 1203 v.
477 1141 537 1202 241
555 1133 672 1222 γονέων
693 1133 846 1222 ἐκτίμους
859 1133 999 1220 ἴσχουσα
1013 1135 1178 1225 πτέρυγας
1192 1132 1268 1217 ὀξυ-

111 1237 214 1305 ιάτιον
228 1236 326 1325 γόων.
371 1244 410 1305 Ut
423 1243 587 1324 Euripidcq
599 1236 702 1329 φόνον
713 1245 874 1325 scripserit,
889 1245 928 1307 ita
943 1245 1122 1325 Sophoclem
1136 1245 1269 1325 potuisse

109 1348 194 1409 enam
211 1341 328 1428 γονέας
348 1346 484 1409 seribere.
498 1381 540 1391 -
554 1346 633 1409 llaec
646 1348 707 1409 ille:
725 1364 800 1428 quae
819 1366 874 1428 ego
889 1367 940 1409 me
951 1365 1007 1410 uec
1021 1347 1091 1411 satis
1107 1350 1207 1412 omniu
1220 1350 1268 1412 in-

110 1449 237 1529 telligere
250 1456 283 1511 et
296 1467 371 1529 quoe
385 1449 540 1528 intelligam
555 1468 613 1530 qm
627 1449 741 1512 rationo
755 1451 875 1531 probari
888 1452 1007 1531 possint
1025 1469 1088 1513 uon
1102 1453 1267 1532 perspicere

109 1554 209 1615 amor.
238 1551 349 1631 Figura
363 1552 410 1613 illc
423 1551 547 1625 dicendi,
562 1570 651 1632 quam
666 1553 819 1633 signifieat
836 1572 870 1615 eo
884 1562 938 1628 est,
959 1572 1050 1634 quum
1066 1553 1198 1634 loquutio
1213 1555 1267 1619 cli·

108 1673 213 1735 qmex
226 1654 318 1717 verbo
332 1655 451 1717 etverbi
467 1655 581 1718 obiecto
602 1656 768 1736 composita
786 1657 826 1719 ito
844 1666 1020 1738 usurpatur,
1039 1658 1123 1739 quasi
1145 1658 1184 1719 sit
1202 1660 1266 1739 ipso

108 1759 194 1821 umus
211 1757 296 1819 vernt
308 1758 453 1820 trmsitivi
466 1758 574 1833 instar,
589 1760 717 1839 ideoque
731 1759 807 1822 aliud
823 1759 909 1821 aiom
924 1769 1039 1841 prosim
1057 1760 1126 1823 illud
1142 1762 1221 1842 quod
1235 1760 1266 1823 in

108 1861 168 1941 ipsa
182 1859 360 1939 loquutione
373 1860 433 1923 iam
446 1860 525 1923 inest
539 1860 694 1937 obiectum,
707 1870 738 1924 et
751 1862 870 1943 quidem
885 1862 1049 1927 accusativo
1064 1882 1144 1938 casu,
1160 1864 1266 1927 adiun-

108 1965 192 2043 gitur.
237 1963 287 2025 Fit
300 1971 397 2026 autem
412 1965 472 2026 hoe
484 1964 602 2027 duobos
618 1965 728 2040 modis,
748 1984 876 2045 quorum
894 1966 1049 2046 utriusque
1062 1968 1207 2030 rationem
1220 1975 1265 2029 ot·

109 2086 162 2147 quc
186 2065 321 2128 iradolem
340 2066 434 2145 probe
450 2076 634 2147 perspectum
648 2067 756 2131 habere
771 2076 901 2149 oportet,
920 2077 954 2131 ut
978 2088 1065 2150 quom
1090 2070 1147 2133 lete
1171 2077 1268 2152 pateat

109 2168 252 2250 qmbusve
272 2168 379 2230 tinibus
393 2168 506 2231 inclusa
520 2169 560 2231 sit
576 2169 624 2231 illa
644 2170 736 2251 figura
756 2189 971 2251 cognoscamus
991 2190 1086 2252 neque
1104 2172 1161 2235 dici
1176 2193 1265 2254 poseo

9 2338 11 2341 ,
110 2273 268 2353 opinonem
286 2289 359 2351 quae
376 2271 598 2335 restaurationi
617 2272 818 2336 adversantur.
846 2274 884 2336 Et
899 2273 1028 2354 primum
1039 2274 1157 2354 quidem
1172 2294 1265 2356 genus

109 2375 163 2437 lico
176 2381 239 2448 est,
262 2390 354 2453 mum
369 2372 538 2449 rethicius,
553 2375 633 2454 quod
648 2382 694 2437 est
706 2375 737 2437 in
748 2375 795 2439 illa
808 2375 992 2456 loquutione,
1008 2376 1191 2457 significatio,
1206 2380 1267 2442 sive

9 2532 10 2551 ,
108 2478 178 2541 neec
190 2475 345 2539 transitivo
363 2484 410 2539 est
422 2495 477 2540 sou
490 2476 685 2551 intransitiva,
704 2478 803 2541 addito
822 2478 918 2559 aliquo
937 2480 1059 2544 nomine
1084 2482 1264 2546 substantivo

9 2580 11 2623 l
107 2581 144 2643 ita
156 2580 245 2661 qnasi
259 2587 448 2660 temperator,
461 2587 495 2641 ot
509 2579 614 2643 existat
628 2598 705 2643 nova
719 2582 863 2661 quaedem
882 2583 1005 2647 actionis
1025 2585 1193 2651 transitivae
1207 2605 1263 2649 no-

9 2700 10 2703 *
108 2683 160 2758 tio,
173 2683 225 2746 cui
244 2682 392 2745 obiectum
410 2682 526 2763 oliqootl
546 2683 709 2747 oocusativo
728 2702 798 2747 essu
813 2685 929 2766 adiungi
945 2687 1056 2766 possit;
1076 2689 1151 2752 velut
1170 2690 1202 2751 in
1216 2690 1264 2752 illo

9 2826 10 2847 r
107 2787 184 2866 qood
198 2786 388 2849 annoo
402 2786 554 2866 osmuavit
563 2787 698 2867 Aeschyli
711 2787 844 2868 exenrplo
858 2789 978 2851 verbum
991 2781 1159 2854 τίθεσθαι
1174 2810 1265 2872 quum

106 2890 253 2953 amionem
268 2889 412 2968 significet
425 2889 563 2970 ponendi,
575 2890 646 2952 hoec
656 2889 828 2969 significatio
840 2891 939 2954 oddito
952 2891 1134 2955 substantivo
1149 2891 1266 2980 ψῆφον

105 2992 143 3054 ita
160 2999 345 3074 momatur
362 3002 392 3053 st
411 3010 478 3053 cum
497 2990 671 3055 substantivi
690 2992 812 3055 notione
832 2993 981 3068 coalescit,
1008 3003 1042 3057 ut
1067 2996 1172 3059 existat
1188 3016 1264 3060 novo

108 3096 189 3158 notio
212 3095 339 3158 ιαδοιιίε
363 3094 531 3157 transitivae
555 3085 787 3179 ψηφίζεσθαι,
818 3096 864 3157 cui
890 3099 948 3160 iam
976 3106 1055 3161 recte
1083 3101 1263 3164 accusativus

105 3193 240 3283 φθορὰς
254 3197 374 3278 adiungi
388 3205 495 3277 potest
525 3196 618 3258 Simili
629 3196 742 3259 ratione
756 3191 854 3279 γόους
870 3192 1040 3284 θησόμεσθ’
1055 3189 1078 3262 ά
1093 3198 1264 3284 πάσχομεν

106 3301 259 3382 mdes
276 3299 347 3363 dixit
362 3300 457 3363 Orosi„
473 3319 500 3362 v.
521 3298 614 3372 1119,
630 3300 699 3379 quia
711 3294 846 3362 θέσθαι
861 3302 981 3364 verbum
998 3324 1065 3367 oum
1081 3307 1263 3370 substantivo

106 3398 202 3482 γόους
216 3403 355 3466 coalescit
373 3404 404 3465 in
420 3421 508 3465 mom
526 3402 680 3464 notionem
695 3401 774 3463 verbi
790 3398 953 3483 γοᾶσθαιε
968 3413 998 3467 et
1011 3400 1158 3491 ἐξάρχειν
1172 3428 1262 3490 quom

105 3506 200 3569 solum
215 3507 355 3569 exordiri
380 3505 533 3585 significet,
548 3504 646 3567 addito
662 3511 758 3567 summ
778 3505 961 3569 subsmntivo
975 3506 1107 3594 μολπήν
1126 3512 1201 3575 notio
1220 3513 1258 3575 si·

105 3609 260 3687 grrifioemr
271 3608 356 3671 ouius
370 3607 522 3670 exordium
537 3608 764 3687 fiatutrumquo
778 3608 914 3671 coalescit
927 3609 959 3671 in
973 3613 1127 3675 notionem
1141 3614 1262 3678 actionis

106 3711 273 3774 mmm
291 3709 498 3783 exordimdae,
517 3715 551 3770 ut
570 3709 609 3770 sit
630 3710 826 3771 ιυονάιασευι
846 3729 963 3785 come,
984 3732 1071 3793 quam
1092 3715 1130 3778 oli
1145 3736 1262 3781 oausam

106 3814 263 3895 Aeschylus
277 3813 374 3875 diocte
386 3811 483 3892 poturit
495 3806 626 3896 μολπήν
640 3806 789 3893 ἐξάρχειν
812 3807 919 3890 θεούς,
943 3816 1132 3898 similiterque
1145 3820 1262 3901 Euripi·

107 3916 157 3977 vles
172 3917 270 3979 Orost
285 3935 313 3977 v.
329 3914 406 3977 olo:
420 3908 627 3996 κατάρχομαι
648 3906 827 3996 σεενάγμδν
849 3906 940 3994 teos,
963 3927 992 3980 et
1005 3919 1147 3984 Androm.
1165 3922 1260 3987 1201:

9 4096 10 4099 ρ
108 4013 276 4082 δεσπόταν
297 4011 390 4099 γόοις
410 4010 585 4102 κατάρχειν
606 4018 636 4079 h.
652 4038 677 4080 e.
701 4012 867 4081 δεσπόταν
881 4014 1085 4104 κατάρχοντα
1100 4021 1260 4106 γοᾶσθσι.

9 4104 11 4113 '
110 4118 198 4183 Porro
223 4120 347 4184 verbtrm
367 4113 527 4184 τεθνάναι
549 4121 686 4185 odirmcto
710 4122 892 4185 substantivo
917 4122 965 4208 τῷ
993 4120 1063 4188 δέει
1084 4136 1262 4208 temperatur

112 4220 160 4295 ita,
169 4232 203 4284 ut
213 4224 319 4287 existat
332 4225 416 4287 notio
430 4224 553 4287 timendi
566 4242 660 4305 paene
673 4224 709 4286 ad
724 4234 865 4298 mortem,
882 4228 1076 4307 quomobrem
1091 4230 1149 4293 (liei
1162 4239 1262 4311 potest

114 4319 267 4389 τεθνάναι
287 4323 336 4410 τῷ
359 4322 427 4391 δέει
448 4322 525 4402 τούς
546 4319 737 4407 πολεμίους,
765 4329 929 4391 cuiusmodi
958 4331 1089 4410 exempla
1116 4339 1186 4393 sont
1212 4351 1260 4412 ap.

116 4421 256 4490 ssmostn
274 4429 349 4491 Plril.
365 4429 378 4490 l
392 4448 421 4509 p.
438 4428 490 4503 53,
509 4431 557 4491 10.
573 4430 609 4491 tle
623 4429 686 4493 lsls.
701 4429 754 4508 leg.
771 4450 799 4510 p.
816 4429 891 4506 366,
907 4430 957 4493 25.
974 4432 1181 4510 Solouettium
1198 4434 1260 4495 crit.
