3284 5152
822 425 972 523 Q

318 613 421 677 seltem
448 614 558 678 doloris
582 614 719 679 solatium
744 612 889 676 babuerit.
924 613 1010 687 Quod
1029 622 1128 679 sutem
1150 614 1337 680 Hermonnus
1356 615 1478 696 iusuper
1610 638 1611 687 t

318 718 411 790 addit,
426 716 564 798 trigidum
578 736 644 779 esse
657 716 728 780 illud
743 707 907 799 derepere
922 717 1031 781 Creusa
1044 718 1166 791 buum,
1183 737 1286 785 rerem
1299 736 1337 781 ne
1351 718 1381 780 in
1396 719 1480 782 idem

318 820 362 882 rir
374 837 511 885 summus
526 818 627 882 vitium
643 817 792 892 inciderit,
807 818 887 898 quod
901 817 933 879 iu
947 818 1011 882 eliis
1025 838 1086 883 non
1101 839 1168 885 roro
1181 821 1219 885 ab
1234 821 1299 903 ipso
1313 821 1475 902 repreben-

316 941 383 985 surn
398 922 537 995 memini,
551 920 578 983 si
592 921 671 1000 quis,
686 920 737 1001 qui
752 920 839 985 certis
853 920 1033 1002 argumentis
1047 940 1178 1003 pugnare
1192 923 1338 1007 nequiret,
1354 923 1390 985 od
1404 941 1475 986 sen·

316 1043 383 1087 sum
402 1042 490 1087 suum
511 1022 611 1085 neseio
633 1041 722 1103 quern
743 1031 917 1104 provocaret
931 1028 960 1085 et
974 1022 1090 1103 lrigoris
1105 1033 1155 1087 out
1171 1026 1320 1106 languoris
1335 1026 1473 1090 mimine·

316 1127 395 1189 tione
411 1126 484 1190 isete
498 1125 570 1189 setis
585 1145 618 1187 se
633 1126 739 1188 dixisse
753 1126 895 1189 erederet.
918 1126 977 1189 Cur
987 1134 1086 1189 sutem
1098 1128 1128 1189 in
1140 1147 1191 1191 ore
1203 1127 1329 1191 ssreuune
1338 1121 1475 1208 ὕστερον

313 1226 442 1309 frigeret,
457 1246 512 1290 neo
523 1228 709 1291 Hermennus
725 1229 798 1291 dixit
808 1246 905 1310 neque
916 1248 933 1291 o
944 1246 1094 1310 quoquam
1105 1222 1231 1312 perspici
1241 1249 1328 1311 posse
1338 1230 1473 1295 arbitror.

314 1327 446 1411 benique
466 1337 553 1412 neget
573 1330 661 1393 verbo
675 1332 801 1395 Creusae
821 1339 901 1394 reete
920 1332 1033 1397 adnexo
1051 1351 1132 1398 esse:
1153 1331 1288 1397 debuisse
1307 1332 1387 1395 enirn
1406 1350 1472 1395 eam

314 1433 357 1496 sio
389 1433 489 1514 potius
518 1433 630 1496 dicere:
664 1425 688 1515 'i'
714 1423 748 1514 γ’
775 1425 848 1498 odt'
875 1426 921 1499 ἔτ’
951 1425 1048 1501 detor
1077 1428 1212 1518 deseos
1236 1434 1340 1498 τίκτει
1366 1427 1471 1516 yo'ror.

312 1537 447 1601 Potuisse
460 1555 529 1601 eom
543 1537 586 1601 sio
601 1536 706 1611 dioere,
720 1545 755 1598 ut
769 1528 793 1621 ἥ
805 1538 965 1602 referretur
974 1540 1010 1602 od
1022 1541 1174 1621 superiore
1185 1538 1282 1613 verbo,
1296 1529 1317 1622 ἦ
1332 1534 1472 1600 τεκοῦσα

314 1639 335 1703 d
342 1633 351 1661 ¹
372 1634 492 1718 oiddia,
515 1654 605 1702 nemo
619 1638 750 1719 negabit,
771 1639 907 1704 debuisse
921 1647 1020 1704 nutem
1035 1642 1093 1715 sie,
1107 1628 1175 1723 puis
1188 1642 1310 1705 demum
1324 1641 1471 1705 offirmare

312 1741 412 1808 ausiti
431 1745 528 1807 lmmo
548 1743 573 1807 si
595 1742 731 1805 disertius
752 1743 838 1805 verbo
857 1743 1091 1826 distinguuntur,
1117 1736 1179 1809 osis
1194 1731 1266 1819 ode,
1285 1744 1471 1825 aptissimum

311 1856 358 1910 est
372 1836 446 1920 οὖν,
462 1864 520 1928 quo
534 1846 677 1927 significet
690 1845 799 1908 Creusa
813 1846 950 1910 assentiri
962 1865 995 1908 se
1009 1847 1090 1909 lonis
1105 1847 1215 1921 verbis,
1230 1847 1377 1928 simulque
1393 1847 1470 1909 aliud

312 1950 391 2012 addit
412 1969 471 2030 quo
490 1948 582 2030 magis
601 1947 672 2010 illud
692 1965 760 2010 vere
780 1947 891 2010 dietum
912 1968 978 2011 esse
998 1949 1118 2030 probet:
1142 1949 1271 2012 Misero
1291 1967 1378 2012 sene
1399 1958 1470 2011 est:

311 2050 393 2113 ideo
415 2069 456 2113 ne
476 2058 604 2132 posteo
619 2049 767 2131 quidem
780 2049 1062 2133 oliumpeperit,
1082 2070 1190 2133 nempe
1204 2059 1264 2116 tem
1280 2071 1347 2114 rore
1362 2052 1469 2115 misere

310 2161 366 2226 est
380 2162 415 2217 ut
429 2172 467 2216 ne
481 2154 538 2217 boo
551 2153 670 2235 quidem
686 2154 824 2217 solatium
839 2153 866 2218 ei
881 2153 1045 2233 eontigerit
1076 2154 1225 2217 Potuisset
1238 2154 1326 2217 etium
1343 2149 1379 2234 γέ
1391 2154 1468 2228 eddi,

309 2273 369 2337 quo
386 2256 479 2338 mugio
493 2275 542 2319 res
556 2256 752 2328 extolleretur,
768 2263 798 2318 et
809 2256 894 2321 focile
909 2247 940 2336 y‘
955 2256 1033 2342 iuter
1044 2245 1142 2318 dtu»
1152 2263 1182 2318 et
1192 2248 1326 2340 ὕστερον
1336 2257 1469 2321 excidere

309 2358 441 2441 potuisse
459 2357 648 2422 monilestum
667 2363 723 2420 est.
751 2358 820 2422 Non
837 2359 974 2442 improbo
995 2360 1084 2440 igitur
1098 2359 1281 2423 Bsdmmum
1295 2359 1469 2441 perdendum

308 2458 501 2525 inserentem:
517 2460 711 2525 ueoemeriem
725 2467 824 2524 temen
839 2478 981 2527 essenon
995 2468 1077 2542 puto.
1103 2460 1250 2524 Aduersus
1265 2460 1470 2527 tiermeunon

308 2566 407 2625 sutem
422 2562 511 2625 etism
526 2562 584 2625 boo
596 2562 722 2625 lortesse
735 2571 910 2643 argumento
924 2562 968 2626 uti
982 2562 1092 2636 licebit,
1109 2562 1204 2641 quod,
1217 2562 1244 2624 si
1259 2581 1362 2626 versus
1377 2564 1420 2627 sio
1433 2573 1469 2627 ut

306 2662 354 2727 ille
365 2663 456 2727 voluit
465 2671 704 2745 uamponontur,
715 2663 833 2737 Creusa,
847 2656 887 2728 ori
895 2665 1036 2729 τεκοῦσα
1047 2655 1076 2725 δ’
1088 2654 1314 2739 ddliodioens,
1325 2664 1470 2730 videbitur

307 2764 473 2847 Apollinem
499 2783 561 2830 non
579 2766 676 2829 solum
696 2774 820 2849 propter
838 2768 922 2848 pueri
941 2767 1109 2838 interitum,
1132 2766 1184 2829 sed
1205 2766 1291 2828 etism
1311 2773 1468 2850 propterea

306 2886 452 2940 ademere,
468 2868 547 2949 duod
562 2867 610 2932 illo
624 2868 719 2932 omine
730 2887 784 2933 suo
794 2887 832 2932 ne
843 2876 947 2950 postes
958 2870 1076 2950 quidem
1089 2869 1251 2950 pepererit:
1267 2870 1353 2950 qussi
1362 2870 1468 2952 spone

305 2971 394 3033 etism
413 2970 572 3034 fertilitatis
592 2979 643 3033 aut
662 2971 825 3034 sterilitatis
846 2970 1005 3035 mulierum
1019 2979 1123 3035 enotor
1136 2976 1166 3033 et
1180 2970 1365 3053 dispensetur
1377 2981 1466 3045 essm,

306 3071 385 3153 quod
400 3090 510 3136 munus
524 3073 561 3137 ob
575 3073 639 3137 elus
653 3073 776 3137 numine
790 3073 918 3137 olienum
933 3092 1000 3136 esse
1014 3074 1151 3155 equidem
1167 3074 1264 3136 credo.
1291 3072 1373 3147 Quoe
1387 3075 1466 3138 enim

307 3194 361 3257 pro
377 3176 524 3241 contrario
539 3174 686 3239 sententis
700 3175 804 3257 aliquis
819 3177 906 3239 silere
921 3175 1025 3257 possit,
1042 3176 1113 3239 bseo
1127 3194 1187 3256 quo
1198 3175 1290 3239 modo
1300 3175 1468 3258 recipiendo

305 3278 468 3351 videantur,
482 3277 513 3340 in
528 3277 646 3340 scholiis
660 3277 696 3340 od
710 3297 736 3340 v.
754 3276 815 3339 437
827 3285 878 3340 out
889 3277 949 3341 484
962 3277 1067 3341 dicem.
1090 3277 1175 3340 Nune
1184 3277 1305 3357 quidem
1316 3278 1466 3359 vulgatum

306 3398 445 3443 versuum
459 3380 595 3444 ordinem
612 3379 683 3443 sotis
698 3379 863 3445 defendisse
878 3380 1024 3455 videorll.

391 3483 476 3547 Subit
495 3501 565 3546 mox
584 3481 664 3545 lonis
683 3482 816 3547 animum
836 3483 909 3545 bsee
927 3482 1078 3562 cogitatio,
1100 3482 1200 3545 minus
1221 3490 1323 3545 temen
1341 3482 1467 3546 fortusse

304 3584 439 3667 iniquum
460 3585 625 3666 Apollinem
647 3584 740 3648 luisse
755 3602 844 3666 quom
866 3584 991 3647 Creusae
1006 3584 1145 3649 videatur.
1175 3584 1286 3658 Quid,
1307 3585 1419 3665 inqru't,
1434 3582 1466 3647 si

303 3706 461 3771 puerum
482 3704 554 3751 nou
574 3686 696 3768 perire
720 3687 866 3759 siverit,
885 3686 948 3750 sed
974 3688 1183 3750 servaverit
1200 3696 1235 3749 et
1256 3687 1464 3755 inocculto

302 3786 542 3853 eduooveritl
555 3823 595 3834 -
612 3791 668 3863 tt,
691 3790 808 3871 reponit
822 3790 946 3861 Creusa,
965 3790 1021 3852 sio
1039 3807 1185 3872 quoque
1207 3787 1369 3853 iniustus
1389 3782 1463 3852 diei

301 3892 413 3957 debet
427 3912 453 3952 r.
470 3891 547 3955 372:

522 3989 566 4057 ed
588 3988 683 4058 soced
704 3985 827 4077 χαίρων
850 3987 888 4057 οὐ
911 3989 1030 4058 δίκαια
1052 3992 1115 4078 δρᾷ
1136 3988 1245 4073 μόνος,

301 4099 331 4160 b.
346 4118 372 4159 e.
388 4098 418 4160 si
437 4097 626 4162 communi
644 4095 779 4179 gaudio
799 4098 902 4161 solus
923 4097 1131 4179 perfruitur
1149 4115 1221 4160 non
1236 4097 1460 4161 reeteieeit.

367 4254 393 4317 4)
411 4214 497 4321 Nuper
510 4251 585 4302 etiem
597 4247 700 4313 bellios,
712 4245 826 4300 (irrosus
839 4266 888 4301 ron
901 4249 1024 4314 indoctus,
1037 4248 1063 4300 lu
1074 4248 1213 4301 Pblllstore
1225 4247 1237 4301 1
1248 4264 1271 4315 p.
1283 4248 1343 4313 eol,
1355 4248 1460 4301 emron

299 4336 534 4407 qnonllsrmsunus
543 4332 1203 4403 trenspositlooenrersnumeonmerdrrlmervm
1210 4329 1461 4401 tomensisssorios,

298 4415 692 4491 pmuotmouoeveust.
