3222 5148
647 401 799 500 ...e-sa-

144 582 213 647 dem
235 585 286 666 qui
304 586 352 650 illa
374 594 519 651 conantur
541 589 700 652 obscurum
723 607 787 653 esse
809 595 922 670 potest:
944 605 1033 669 qnam
1054 586 1093 651 oh
1112 605 1176 650 rem
1198 606 1252 668 eqo
1271 586 1303 651 in

143 685 276 759 Quaestt.
287 708 330 769 gr.
341 707 405 773 cap.
423 693 438 752 1
456 708 484 772 p.
501 690 563 751 277
578 692 772 755 certaminum
794 690 831 752 ab
845 690 880 752 iis
895 698 1046 753 motorum
1062 707 1180 752 causam
1194 707 1256 751 non
1271 690 1302 752 in

142 788 215 851 iuris
237 789 346 870 publici
368 793 573 856 incertitudine
598 794 694 875 aliqua
719 801 750 855 et
776 792 965 874 ambiguitate
986 791 1038 854 sed
1058 792 1090 854 iu
1110 792 1300 856 factiosorum

142 891 298 955 hominum
314 894 472 977 cupiditate
486 896 613 976 positam
630 914 697 957 esse
712 896 780 970 dixi,
800 895 851 976 qui
870 903 950 957 certo
969 913 1004 956 ac
1017 894 1147 975 legitimo
1163 894 1225 956 iure
1240 910 1302 957 non

142 997 273 1057 contenti
287 1016 324 1058 ex
337 1014 429 1078 regno
445 998 593 1080 sapienter
605 1007 769 1079 temperato
784 999 925 1080 populare
937 997 1094 1078 imperium
1106 996 1221 1059 efficere
1236 1003 1301 1060 stu·

141 1097 240 1169 deant,
256 1096 287 1159 in
302 1116 362 1178 quo
377 1099 486 1160 scilicet
499 1098 555 1180 ipsi
571 1099 770 1162 dominentur.
798 1100 835 1160 Et
850 1118 908 1179 qno
919 1098 1030 1161 lacilius
1042 1099 1210 1179 imperitam
1222 1100 1302 1162 mul-

140 1199 308 1274 titudinem,
331 1219 406 1282 quae
422 1202 490 1281 quid
505 1209 608 1283 agatur
620 1203 786 1285 perspicere
800 1203 913 1283 nequit,
933 1201 988 1265 sibi
1004 1201 1169 1275 concilient,
1189 1203 1301 1266 artibus

140 1319 176 1363 ac
189 1302 308 1365 iahaciis
324 1304 379 1365 sibi
393 1306 538 1366 utendum
553 1324 617 1367 esse
633 1306 835 1368 decreverunt
858 1303 932 1366 Nam
948 1304 1045 1366 adhuc
1055 1322 1126 1367 sane
1137 1305 1222 1386 longe
1233 1306 1301 1390 plu·

139 1405 209 1467 rimi
223 1405 254 1468 in
268 1413 372 1468 nostro
387 1407 495 1489 populo
510 1426 624 1488 regem,
645 1425 707 1471 non
726 1408 801 1489 regis
821 1407 957 1470 umbram
978 1427 1014 1471 ac
1032 1408 1238 1482 simulacrum,
1258 1408 1301 1470 rei

139 1508 272 1590 publicae
283 1528 358 1591 opus
369 1529 434 1572 esse
445 1512 586 1573 sentiunt.
610 1511 722 1573 llorum
734 1512 822 1592 igitur
831 1511 947 1573 animos
958 1529 1017 1593 quo
1029 1510 1128 1572 minus
1140 1511 1299 1587 offendant,

139 1627 200 1671 non
214 1612 273 1692 regi
289 1632 321 1674 se
337 1614 388 1674 sed
402 1613 479 1695 regis
494 1614 595 1678 amicis
610 1622 640 1676 et
654 1614 827 1677 consiliariis
842 1614 965 1678 inlestos
984 1632 1049 1675 ease
1070 1613 1167 1677 aiunt:
1190 1613 1300 1675 horum
1408 1668 1413 1679 .

139 1712 219 1774 enim
235 1714 344 1777 malitia
359 1715 436 1788 lieri,
463 1724 496 1777 ut
510 1734 561 1778 rer
576 1715 647 1797 quid
662 1716 733 1778 iuris
749 1717 796 1778 sui
810 1725 899 1798 atquo
913 1716 1002 1779 cilicii
1022 1716 1077 1790 sit,
1098 1714 1169 1796 quid
1189 1716 1299 1800 populo

139 1814 262 1895 eiusque
278 1815 403 1878 libertati
417 1816 558 1879 debeatur
572 1835 677 1898 parum
691 1818 839 1899 dispiciat,
861 1821 1000 1901 denique,
1023 1826 1059 1881 ut
1077 1825 1177 1899 aperte
1197 1819 1299 1897 prolo-

140 1934 214 1995 quar
227 1919 308 1997 quod
322 1936 369 1979 res
384 1924 442 1991 est,
462 1919 557 1980 sirum
577 1918 689 1981 bonum
710 1938 775 1982 esse
789 1937 889 2001 regem
903 1939 1010 2002 negare
1024 1938 1086 1982 non
1099 1921 1224 1993 audent,
1245 1920 1297 1982 sed

136 2018 235 2099 paullo
250 2026 350 2082 tamen
363 2020 545 2084 hebetiorem
567 2041 633 2084 esse
652 2021 829 2102 significant,
852 2024 902 2103 qui
920 2023 1057 2105 pessimis
1079 2022 1297 2086 consultoribus

136 2122 225 2185 nimis
240 2122 323 2186 facile
337 2142 438 2187 aurem
454 2123 592 2205 praebeat
611 2125 744 2207 adeoque
764 2144 796 2187 se
817 2126 910 2207 decipi
930 2126 966 2188 ab
989 2125 1025 2188 iis
1044 2127 1186 2207 patiatur,
1207 2132 1242 2186 ut
1260 2142 1297 2187 ne

136 2243 239 2288 earum
262 2225 381 2307 quidem
403 2226 514 2307 legum,
544 2227 651 2308 quibus
673 2227 770 2290 omnis
791 2229 835 2291 rei
856 2227 991 2312 publicae
1012 2235 1108 2291 status
1130 2228 1297 2290 continetur

137 2346 268 2408 quasque
282 2348 315 2391 se
329 2328 550 2392 observaturum
566 2348 631 2392 esse
646 2330 764 2403 iurarit,
786 2348 881 2393 reram
902 2331 960 2393 rim
981 2349 1015 2393 ac
1034 2329 1212 2394 sententiam
1226 2330 1296 2393 satis

135 2429 199 2510 ipse
213 2431 360 2512 intelligat.
384 2433 494 2496 Iustam
507 2433 614 2495 harum
625 2433 895 2514 interpretationem
911 2452 928 2496 a
943 2440 1037 2495 semet
1050 2432 1206 2513 petendam
1222 2451 1295 2506 ease,

136 2550 237 2595 cariun
253 2534 395 2610 inarime,
416 2555 491 2617 quae
506 2536 542 2598 de
557 2536 697 2620 pecuniae
712 2535 844 2616 publicae
858 2534 1111 2598 administratione
1125 2554 1160 2597 ac
1174 2533 1296 2616 dispen-

134 2635 249 2698 satione
265 2636 391 2718 scriptae
406 2646 484 2707 suut.
501 2656 573 2718 quas
584 2638 704 2719 quidem
715 2637 808 2699 lallaci
821 2637 947 2718 quadum
958 2656 993 2699 ac
1003 2653 1125 2719 prorsus
1141 2654 1296 2702 commen·

133 2738 202 2800 ticia
217 2738 331 2801 ratione
345 2740 376 2801 in
390 2742 568 2804 sententiam
589 2759 713 2821 prorsus
733 2742 878 2825 planeque
898 2741 995 2820 legum
1015 2739 1157 2803 latoribus
1177 2748 1294 2803 contra·

132 2840 207 2902 riam
222 2840 397 2920 detorquere
412 2860 473 2905 non
488 2843 727 2906 verecundantur.
764 2840 838 2903 Nam
859 2859 969 2921 paucos
989 2859 1091 2904 eorum
1107 2841 1206 2903 rideas
1221 2842 1296 2901 hanc

131 2942 294 3005 mentiendi
306 2944 518 3027 impudentiam
529 2953 563 3007 ut
573 2945 635 3007 riro
646 2943 754 3006 liberali
766 2943 913 3024 indignam
925 2943 1123 3025 repudiantes,
1136 2944 1186 3024 qui
1196 2944 1294 3023 legum

131 3045 249 3108 illarum
273 3065 349 3128 quae
368 3045 407 3109 sit
427 3064 493 3108 sera
513 3047 556 3108 vis
575 3066 610 3110 ac
628 3047 776 3110 sententia
794 3064 860 3107 sese
875 3062 1032 3127 agnoscere
1046 3063 1107 3108 uon
1122 3045 1294 3117 diffitentur,

129 3148 185 3212 sed
207 3149 284 3211 hanc
306 3150 400 3231 ipsam
422 3147 461 3210 ob
481 3167 597 3213 causam
621 3166 671 3213 eas
691 3148 849 3212 abolendas
871 3148 1001 3231 olimque
1023 3148 1115 3229 magis
1137 3149 1295 3233 populares

128 3251 273 3313 terendas
288 3272 353 3314 esse
368 3253 527 3316 clamitant.

218 3353 296 3415 llaec
310 3353 398 3435 igitur
411 3375 445 3419 ac
459 3354 527 3417 talia
542 3373 634 3436 quum
650 3354 681 3414 in
695 3353 901 3434 quaestionum
921 3353 1180 3434 grammaticarum
1194 3370 1258 3434 cap.
1277 3350 1292 3412 1

131 3473 149 3516 a
170 3472 219 3516 me
239 3456 388 3538 proposita
404 3463 517 3530 essent,
540 3455 680 3535 leopold.
703 3452 899 3516 Schmidtium
924 3454 1071 3517 induxisse
1090 3455 1242 3526 ridentur,
1262 3461 1297 3515 ut

130 3556 341 3619 immemorem
361 3576 474 3632 eorum,
491 3577 565 3639 quae
575 3557 799 3620 Atheniensium
813 3557 935 3619 historia
949 3556 1077 3631 doceret,
1093 3575 1157 3618 eam
1173 3556 1296 3618 civimtis

131 3659 263 3723 formam
283 3658 369 3721 unice
395 3661 466 3722 mihi
481 3661 661 3741 probandam
677 3659 768 3721 rideri
788 3661 912 3733 diceret,
933 3659 962 3722 in
979 3678 1037 3740 qua
1051 3660 1088 3721 de
1102 3660 1224 3739 pecnnia
1239 3677 1295 3742 pu·

130 3762 207 3825 blica
224 3779 278 3824 suo
294 3761 435 3825 arbitratu
450 3762 645 3844 gubernantes
661 3763 716 3825 soli
731 3763 932 3825 decernerent.
962 3762 1023 3843 Ego
1038 3780 1108 3824 rero
1124 3762 1159 3823 de
1174 3760 1296 3844 pecunia

129 3865 207 3928 nihil
221 3863 261 3926 ihi
276 3865 433 3943 separatim
449 3865 564 3927 locutus
579 3883 662 3938 sum,
684 3866 736 3927 sed
759 3867 795 3927 de
809 3865 945 3928 universa
966 3864 1155 3949 reipublicae
1170 3863 1294 3925 admini-

130 3965 284 4039 stratione,
301 3966 466 4047 improbari
480 3977 578 4029 autem
594 3988 659 4030 eam
677 3968 718 4030 rei
733 3969 866 4049 publicae
880 3967 1023 4040 sormam,
1039 3967 1069 4029 in
1085 3986 1142 4046 qua
1156 3968 1230 4029 haec
1244 3966 1296 4028 ad·

130 4068 309 4131 ministratio
331 4070 433 4153 populi
453 4069 588 4144 arbitrio,
611 4071 860 4151 quemadmodum
877 4070 1014 4142 Athenis,
1031 4074 1198 4151 regeretur:
1218 4068 1297 4130 unde

130 4170 190 4233 hoc
203 4188 296 4234 unum
313 4185 447 4255 apertum
463 4173 526 4235 lieri
542 4182 666 4254 poterat,
683 4170 770 4233 etiam
787 4172 927 4256 pecuniae
939 4171 1225 4234 administrationem
1242 4189 1297 4254 po·

131 4272 196 4355 puli
215 4275 314 4337 omnia
333 4275 459 4356 regentis
481 4275 601 4337 arbitrio
622 4276 795 4356 permissam
817 4276 889 4339 mihi
911 4274 971 4334 non
984 4275 1119 4355 probari.
1159 4274 1296 4337 Ceterum

131 4394 193 4458 quo
209 4377 302 4457 magis
313 4377 424 4442 Atticae
438 4379 480 4442 rei
491 4379 624 4460 publicae
635 4396 728 4461 genus
740 4383 893 4462 cognitum
905 4387 991 4457 atque
1003 4383 1187 4505 perspectum
1200 4376 1297 4448 habui,
1362 4404 1367 4411 ·

1036 4474 1076 4535 tl
