3266 5140
838 471 900 531 404

290 659 381 720 modo
398 657 540 718 convenit.
565 653 653 727 Quod
663 671 732 715 vero
743 654 781 715 ad
795 670 933 732 graecum
948 671 1057 715 nomen
1073 644 1235 737 αὐθέντης
1249 643 1448 735 (adsuesces)

290 768 463 841 provocant,
484 758 562 840 quod
583 755 691 838 ajacis
710 754 906 835 scriptoribus
926 773 1138 836 nonnunquam
1159 755 1263 818 eodem
1284 773 1448 835 sensuque

288 861 412 924 latinum
428 872 532 925 auctor
547 862 667 938 dicitiu,
682 867 818 940 apparet,
834 858 956 937 opinor,
972 849 1133 942 αὐθέντην
1153 876 1207 937 pro
1223 865 1343 920 auctore
1358 874 1448 918 usur-

289 965 352 1045 pari
367 982 518 1044 nunquam
534 964 681 1043 potuisse,
701 962 727 1024 si
743 962 853 1023 inesset
872 962 935 1023 sola
949 961 996 1024 illa
1012 979 1089 1042 pars,
1104 979 1191 1041 quam
1207 978 1395 1022 communem
1405 960 1448 1022 ia-

290 1066 350 1128 tino
366 1066 507 1127 vocabulo
525 1083 592 1126 cum
608 1053 711 1144 praeco
727 1083 792 1126 esse
806 1071 918 1143 putant,
934 1082 1027 1144 neque
1039 1063 1174 1125 adiuncta
1188 1071 1267 1125 esset
1281 1063 1383 1136 altera,
1395 1081 1448 1124 cu-

289 1169 335 1229 ius
351 1168 381 1228 in
395 1167 484 1229 latino
500 1166 640 1228 vocabulo
655 1167 763 1229 nullam
775 1166 929 1246 vestigium
945 1175 999 1228 est.
1030 1165 1084 1227 Alii
1098 1166 1133 1227 ad
1150 1158 1296 1250 αὗταίρης
1307 1168 1448 1245 contuge-

289 1271 396 1345 runt⁴i
423 1268 568 1332 rarissimi
593 1286 666 1331 usus
693 1278 722 1331 et
746 1268 872 1331 incertae
891 1269 1012 1349 originis
1034 1267 1218 1343 vocabulum,
1249 1268 1330 1330 cuius
1355 1286 1447 1330 unum

290 1380 439 1434 auctorem
459 1371 602 1433 babemus
624 1372 806 1434 Scholiasten
829 1372 912 1433 Pind.
936 1371 1019 1451 Pyth.
1041 1371 1250 1450 1v‚107,qui
1273 1380 1304 1432 ut
1327 1369 1450 1451 explicat

291 1476 370 1554 quod
385 1474 504 1536 Battum
525 1473 670 1535 Pindarus
690 1466 849 1554 μελίσσας
868 1466 1039 1560 Δελφίδος
1058 1463 1235 1555 αὐτομάτῳ
1251 1468 1381 1556 κελάδῳ
1396 1493 1448 1534 ox-

290 1577 408 1638 citatum
424 1576 502 1649 dicit,
514 1577 586 1638 baec
597 1576 694 1638 habet:
714 1567 772 1638 οὐκ
788 1568 947 1661 ἠρωτήθη
964 1572 1025 1661 γὰρ
1041 1571 1133 1658 παρὰ
1146 1572 1206 1637 τοῦ
1221 1570 1354 1639 Βάττου
1369 1571 1449 1657 περὶ

289 1676 348 1763 τῆς
373 1670 536 1753 ἀποικίας
566 1670 650 1740 ἀλλὰ
676 1674 756 1762 περὶ
784 1675 992 1765 τῆςφωνῆς,
1024 1671 1121 1741 ἔνθεν
1145 1673 1204 1740 καί
1230 1669 1449 1762 αὕσώρηςὸ
1565 1712 1570 1721 =

289 1773 437 1864 τρίπους.
474 1773 701 1860 Καλλίμαχος·
728 1772 902 1865 αὐσώρης
921 1773 987 1843 ὅτε
1004 1781 1135 1845 ταῖσιν
1154 1775 1365 1865 ἐπέφραδε.
1390 1774 1449 1841 καί

290 1878 367 1945 τότε
382 1874 426 1944 αὐ
432 1876 484 1944 ταί
490 1904 556 1967 ρης
570 1874 590 1967 ἡ
606 1878 724 1964 μαύτις
737 1878 881 1965 λέγεται,
899 1878 978 1947 ὅταν
996 1877 1233 1965 βουλευομένου
1248 1878 1351 1957 τινὸς,
1371 1876 1449 1963 περὶ

292 1979 369 2047 ὅτου
390 1980 435 2068 μὴ
459 1977 532 2068 ἥκει
551 1980 810 2066 μαντευσόμενος
825 1978 1087 2070 ἀπαυτοματίζῃ.
1117 1987 1180 2050 Erit
1201 1986 1288 2066 igitur
1303 1976 1450 2069 αὐταίρῄς

292 2089 341 2169 qui
353 2107 405 2150 sua
417 2097 524 2167 sponte
533 2090 778 2169 respondetquod
790 2108 851 2151 non
862 2091 1057 2171 interrogatus
1068 2098 1125 2163 esu
1133 2097 1268 2151 auctores
1276 2088 1449 2167 plerumque

293 2190 472 2270 interrogati,
484 2208 694 2269 saepenumero
706 2193 793 2254 etiam
806 2193 885 2255 inviti
897 2194 980 2255 fiunt.
1010 2193 1144 2253 Ceterum
1160 2191 1209 2271 qui
1221 2190 1290 2253 iilud
1301 2181 1450 2275 αὐταίρης

291 2294 427 2373 arripuit,
456 2293 575 2353 Beierus
595 2293 629 2355 ad
650 2293 707 2355 Cic.
728 2296 763 2356 ir.
784 2314 827 2358 or.
847 2314 903 2375 pro
920 2295 1013 2356 Tullio
1029 2315 1058 2373 p.
1073 2295 1148 2365 246,
1175 2294 1230 2355 hac
1249 2313 1281 2354 se
1303 2291 1448 2372 imprimis

292 2396 406 2457 ratione
430 2404 596 2474 permotum
620 2395 701 2469 dicit,
727 2405 760 2458 ut
779 2416 909 2477 graecam
930 2396 1028 2477 potius
1052 2396 1142 2477 uuam
1170 2396 1288 2457 latinam
1319 2394 1448 2457 nominis

291 2497 435 2577 originem
454 2497 597 2569 crederet,
620 2499 700 2577 quod
718 2508 881 2562 ceterorum
900 2499 1053 2561 nominum
1074 2498 1230 2561 latinorum
1246 2497 1276 2558 in
1291 2507 1339 2559 tor
1353 2516 1368 2558 a
1383 2514 1448 2558 ver·

292 2600 336 2660 bis
363 2600 519 2661 ductorum
545 2600 621 2661 nulia
648 2601 826 2662 substantiva
858 2602 918 2663 sint
948 2602 978 2664 in
1008 2606 1111 2676 oritus,
1139 2600 1386 2682 quemadmodum
1412 2598 1448 2659 ab

292 2712 394 2763 auctor
409 2705 576 2763 contemtos.
606 2701 640 2762 ln
660 2721 718 2783 quo
739 2704 796 2764 boc
816 2720 886 2764 sane
905 2705 1071 2767 mirandum
1090 2712 1147 2776 est,
1166 2705 1197 2764 in
1212 2721 1269 2764 una
1284 2722 1326 2774 re,
1341 2702 1448 2764 leviore

291 2804 369 2865 haud
385 2804 479 2878 dubie,
495 2812 607 2865 tantum
623 2804 771 2885 analogiae
778 2805 880 2868 tribui:
895 2806 927 2868 iu
941 2826 976 2869 eo
984 2816 1093 2880 contra,
1109 2806 1159 2868 ubi
1175 2805 1301 2867 maxime
1315 2803 1447 2866 animad-

291 2905 427 2968 uertenda
449 2914 523 2978 erat,
549 2925 674 2985 prorsus
699 2926 762 2969 eam
783 2908 891 2987 sperni.
927 2909 1030 2971 Restat
1043 2910 1130 2990 igitur
1144 2909 1189 2970 iiia
1205 2907 1374 2986 originum,
1390 2923 1447 2987 qua

291 3010 363 3070 nihil
377 3008 435 3069 veri
450 3007 573 3069 similius
590 3008 711 3071 inveniri
727 3029 818 3089 posse
831 3010 957 3085 videtur,
981 3022 1013 3073 ut
1032 3023 1179 3074 auctorem
1197 3011 1233 3073 ab
1256 3010 1386 3089 rupendo
1401 3008 1447 3069 di·

291 3120 370 3173 ctum
387 3128 452 3171 esse
468 3118 639 3184 statuamus,
656 3112 733 3173 sicut
748 3122 874 3174 actorem
889 3114 925 3175 ab
941 3116 1065 3194 spendo,
1086 3116 1232 3177 doctorem
1247 3132 1263 3174 a
1278 3111 1404 3175 docendo
1420 3120 1448 3172 et

292 3213 404 3275 similia.
434 3212 533 3291 ltaque
552 3213 625 3274 haec
644 3214 786 3276 sententia
805 3224 833 3276 et
851 3216 997 3278 veteribus
1017 3217 1191 3297 quibusdam
1213 3215 1333 3295 placuit,
1352 3224 1381 3277 et
1399 3232 1447 3276 rc·

292 3313 471 3377 certioribus
498 3315 643 3395 plerisque
669 3317 807 3379 omnibus
833 3319 989 3400 probatur:
1019 3336 1116 3399 neque
1145 3337 1202 3381 nos
1231 3338 1295 3381 eam
1324 3335 1447 3398 prorsus

291 3417 487 3496 spernendam
502 3416 592 3477 fuisse
607 3436 774 3493 censemus,
793 3438 885 3500 quum
905 3421 941 3485 ad
960 3442 1027 3485 eum
1047 3421 1097 3501 qui
1116 3429 1202 3501 auget
1224 3420 1446 3500 significandum

291 3519 360 3581 iilud
374 3519 474 3598 ipsum
487 3534 597 3579 nomen
611 3519 726 3582 verbale
740 3540 757 3584 a
775 3523 863 3585 uerbo
883 3542 972 3604 σαμο
992 3524 1115 3586 existere
1129 3543 1164 3586 ex
1179 3522 1290 3604 legibus
1301 3522 1447 3602 analogiae

259 3636 274 3685 5
293 3628 524 3682 consentaneum
538 3621 638 3682 fuerit:
659 3623 710 3684 sed
730 3624 775 3685 vix
795 3634 893 3687 tamen
911 3626 973 3687 fieri
988 3645 1077 3706 posse
1097 3625 1281 3698 arbitramur,
1295 3632 1335 3699 ut
1350 3624 1376 3686 si
1392 3642 1446 3685 αα-

292 3735 399 3786 ctorem
418 3723 536 3802 proprie
556 3740 618 3786 non
636 3724 725 3788 alium
745 3746 811 3789 esse
833 3727 980 3803 dicamus,
1000 3748 1087 3809 quam
1106 3732 1158 3810 poi
1174 3737 1290 3809 espect,
1311 3745 1378 3789 cum
1392 3725 1448 3787 bac

291 3824 436 3906 primitiva
462 3824 671 3905 significatione
692 3827 819 3908 reliquae
839 3848 958 3903 omnes,
984 3849 1058 3911 quae
1076 3831 1234 3893 admodum
1250 3829 1343 3892 variae
1366 3836 1446 3903 sunt,

292 3928 447 3989 commode
462 3926 662 3993 concilientur.
692 3930 819 4005 licente,
834 3930 883 4012 qui
903 3932 997 3994 adbuc
1016 3933 1150 3996 omnium
1170 3950 1319 3995 consensu
1337 3930 1447 4012 optime

294 4100 589 4111 m—-m

291 4202 330 4254 bic
342 4203 423 4254 minus
435 4211 513 4269 recte,
525 4211 553 4255 ut
565 4203 684 4267 arbitror,
697 4195 780 4259 αὐτός
791 4218 824 4254 ex
835 4205 955 4257 adverbio
968 4198 1032 4257 αὖτε
1045 4214 1127 4258 ortum
1139 4220 1196 4257 csse
1205 4205 1273 4257 dicit.
1296 4203 1391 4272 Nempe
1401 4205 1448 4256 boo

292 4289 371 4355 ipsum
383 4290 529 4341 adverbium
541 4282 606 4340 αὖτε
619 4294 701 4338 ortum
714 4294 754 4338 cst
766 4303 799 4338 ox
812 4281 846 4340 αὗ
858 4306 913 4341 cum
925 4291 969 4342 illu
982 4292 1065 4343 radice
1077 4291 1283 4355 demonstrativa,
1293 4305 1355 4357 quae
1368 4292 1392 4341 in
1401 4291 1447 4342 ad-

290 4374 384 4426 verbiis
396 4376 433 4437 ἴε,
448 4376 473 4424 in
483 4372 668 4441 pronominibus
681 4369 728 4429 so}
739 4372 775 4440 ur,
788 4375 853 4425 unde
865 4376 941 4429 etiam
954 4362 1037 4435 οὗτος
1048 4393 1080 4428 cx
1094 4371 1189 4442 d-rdr,
1202 4393 1250 4428 nou
1263 4391 1296 4428 err
1308 4366 1364 4429 ὅτε.

358 4461 382 4526 4)
401 4457 827 4530 ballium-lioseudodoma'niop.
841 4459 900 4513 250.
1232 4466 1237 4471 “
