3164 5138
773 397 975 495 „L

224 576 228 583 ’
296 587 348 661 sit,
368 603 463 665 nsque
481 601 571 647 arma
582 582 721 645 adamum
739 583 843 643 hostes
861 589 1061 660 sumpturum,
1081 582 1137 645 nisi
1158 602 1210 645 eos
1226 580 1257 647 in
1276 597 1349 649 suus
1366 582 1467 668 ipsius

295 706 381 750 nares
401 687 545 767 impetum
565 686 658 747 lacere
678 685 835 766 ignemque
852 682 889 745 iis
911 682 1017 747 inferre
1036 685 1148 748 viderit.
1193 687 1242 749 Sic
1260 689 1349 769 legati
1364 708 1400 751 re
1416 690 1467 751 in-

296 793 368 855 lecta
388 790 519 852 redeunt
563 787 687 850 Postero
708 789 755 851 die
774 785 989 866 redintegratam
1008 788 1167 868 proelium3
1182 790 1365 871 aliquamdiu
1380 793 1465 854 r'erio

294 893 386 957 llerte
399 892 561 965 dimicatur,
576 910 646 953 mox
660 899 758 953 autem
775 888 932 951 vulneratis
946 892 1177 969 Agamemnone,
1194 892 1350 967 Diomede,
1368 894 1465 967 Ulixe,

294 1004 323 1057 et
341 995 444 1059 cedere
462 993 574 1072 proeho
595 994 718 1067 mactis,
744 990 864 1054 Troiani
882 991 1007 1054 victores
1026 992 1058 1054 in
1076 993 1142 1072 ipsa
1162 992 1344 1059 Graecorum
1366 1004 1467 1059 castra

294 1098 461 1177 irrumpunt
484 1114 647 1177 navemque
670 1094 823 1158 Protesilai
847 1093 1015 1156 incendunt.
1069 1096 1112 1157 lta
1141 1096 1259 1159 demum
1285 1097 1465 1179 propinquo

295 1200 423 1281 periurio
434 1198 560 1261 Achilles
573 1199 783 1261 occurrendum
795 1216 860 1258 esse
871 1196 1010 1277 intelligit,
1026 1198 1089 1277 ipse
1104 1206 1200 1261 umen
1215 1210 1248 1262 ut
1262 1219 1347 1262 arma
1363 1211 1467 1263 sumat

295 1322 333 1365 ne
347 1320 427 1367 nunc
446 1301 563 1382 quidem
584 1302 714 1363 animum
733 1299 857 1373 inducit,
876 1298 927 1360 scd
943 1299 1093 1375 Patroclo,
1110 1301 1204 1363 amico
1220 1321 1285 1377 suo,
1301 1304 1464 1383 permittit,

295 1413 329 1469 ut
342 1406 377 1478 is,
393 1404 455 1467 suis
470 1404 561 1465 armis
575 1404 703 1477 indutus,
719 1421 785 1463 cum
801 1401 1031 1482 Myrmidonibus
1045 1403 1161 1465 ohvhm
1175 1403 1313 1467 hostibus
1330 1415 1390 1480 eat,
1407 1408 1466 1468 hac

295 1516 393 1573 temen
407 1506 483 1585 lege,
501 1514 536 1568 ut
553 1506 690 1586 repellere
710 1525 762 1567 eos
781 1524 797 1566 a
817 1506 920 1567 castris
936 1513 1092 1567 contentus
1107 1505 1223 1586 longius
1243 1508 1358 1570 instare
1372 1509 1464 1579 nolit,

275 1609 347 1671 -aed
363 1608 461 1671 statim
477 1608 512 1670 ad
528 1628 562 1670 se
575 1616 743 1681 revertatur,
759 1609 867 1688 partim
883 1607 999 1687 quidem
1015 1608 1101 1671 saluti
1115 1608 1241 1671 Patrocli
1258 1611 1463 1691 prospiciens,

295 1711 419 1773 rirerxime
434 1718 540 1784 autem,
553 1728 605 1783 ne,
620 1710 644 1771 si
660 1710 726 1790 plus
741 1711 875 1771 ellectum
892 1709 967 1772 toret
986 1728 1091 1791 resque
1106 1711 1285 1773 Graecorum
1305 1714 1339 1775 in
1354 1714 1464 1777 melius

294 1814 462 1887 vertissent,
485 1812 579 1892 ipsius
600 1831 687 1892 opera
708 1812 832 1874 minoris
852 1812 1022 1874 aestimetur
1039 1831 1153 1893 suoque
1171 1814 1279 1894 aliquid
1297 1815 1465 1895 derogetur

294 1916 410 1979 honori.
466 1914 617 1977 Patroclus
646 1923 743 1977 tamen
769 1933 910 1977 successu
938 1913 1030 1977 elatus
1061 1916 1136 1977 haec
1164 1917 1300 1978 mandata
1329 1918 1463 1997 negligit,

294 2018 439 2080 Troianos
458 2016 572 2097 longius
592 2018 781 2097 persequitur
799 2025 828 2078 et
847 2018 993 2097 usquead
1013 2016 1118 2083 urbem
1132 2017 1259 2097 repellit,
1280 2018 1380 2081 donec
1393 2028 1462 2082 ten·

294 2121 361 2183 dem
381 2120 417 2181 ab
437 2119 562 2181 Hectore
586 2127 615 2180 et
632 2119 794 2199 Euphorbo
819 2118 1018 2181 obtruncatur.
1066 2120 1151 2182 Nunc
1175 2120 1293 2182 denam
1313 2122 1463 2202 frangitur

293 2221 410 2283 Achillis
436 2222 561 2297 animus,
585 2222 644 2283 hoc
669 2221 841 2301 gravissimo
862 2221 979 2282 vulnere
1000 2230 1133 2301 accepto,
1160 2239 1239 2284 nunc
1263 2223 1460 2302 pertinacium

294 2342 377 2387 stram
398 2324 518 2386 darunat
539 2324 670 2404 nihilque
689 2323 814 2402 amplius
839 2341 927 2402 quarn
946 2341 1026 2385 mma
1050 2333 1079 2384 et
1097 2324 1242 2401 proelium
1262 2326 1375 2403 poscit,
1397 2344 1460 2406 quo

293 2434 420 2489 mortem
434 2425 518 2488 amici
532 2426 698 2490 ulciscatur.
712 2460 754 2470 -
768 2425 821 2485 Est
839 2426 972 2503 prolecto
988 2424 1059 2486 haec
1076 2443 1176 2487 rerum
1192 2426 1282 2489 series
1297 2427 1460 2499 eusmodi,

293 2546 381 2611 mam
396 2527 483 2597 facilev
492 2529 593 2592 credes
607 2528 716 2591 idcirco
732 2527 776 2589 sic
789 2547 806 2588 a
820 2534 907 2607 pocta
921 2536 1086 2589 contextum
1101 2547 1183 2605 esse,
1199 2537 1234 2589 ut
1247 2548 1303 2609 pro
1319 2532 1459 2611 exemplo

291 2640 382 2706 esset,
406 2650 493 2711 quam
513 2630 606 2695 inrisa
625 2629 795 2693 caelestibus
815 2629 1008 2692 immoderata
1026 2628 1073 2692 illa
1091 2631 1260 2693 mortalium
1286 2632 1457 2695 animorum

291 2733 389 2808 elatio,
407 2750 554 2814 quamque
572 2733 645 2813 ipsis
665 2732 852 2814 plerumque,
872 2733 922 2812 qui
940 2733 1064 2795 modum
1083 2734 1266 2809 excederent,
1286 2735 1458 2814 perniciosa

291 2846 382 2913 esset,
397 2845 425 2898 et
440 2844 546 2911 tamen,
560 2836 586 2899 si
600 2854 703 2897 verum
716 2836 812 2898 diomo
825 2834 968 2909 volumus,
982 2835 1013 2895 in
1027 2834 1100 2914 ipsis
1117 2836 1295 2899 carminibus
1310 2845 1362 2900 aut
1376 2838 1456 2900 nulla

291 2949 341 3001 aut
359 2958 500 3020 perparva
518 2939 606 3000 huius
626 2937 668 2998 rei
687 2937 791 2999 indicia
811 2936 1081 3017 deprehenduntur.
1125 2938 1209 3001 Unus
1225 2947 1271 3000 est
1284 2940 1384 3015 locus,
1404 2940 1456 3001 uhi

244 3058 274 3108 13
292 3042 503 3123 implacabilem
525 3039 584 3103 odii
602 3039 788 3103 acerbitatem
807 3039 938 3134 iramque
955 3039 1044 3101 nimis
1065 3040 1243 3121 pertinacem
1257 3042 1423 3122 improbari
1439 3063 1456 3105 a

291 3145 364 3206 diris
380 3154 411 3207 et
423 3144 555 3224 castigari
570 3141 721 3216 audimus,
735 3141 767 3202 iu
781 3140 938 3203 Phoenicis
952 3141 1098 3216 oratione,
1119 3161 1176 3222 qua
1191 3143 1216 3203 is
1231 3142 1373 3206 Achillem
1389 3145 1455 3225 pla·

292 3266 356 3309 care
375 3248 484 3309 trustra
505 3253 637 3319 conatur,
651 3244 700 3319 ill,
715 3245 907 3320 502-5143
921 3252 951 3305 et
965 3245 1076 3323 passim
1087 3245 1132 3305 vel
1146 3244 1176 3305 in
1191 3244 1295 3307 eodem
1310 3246 1387 3308 lihro
1403 3246 1454 3319 tx,

291 3351 333 3411 vel
353 3350 384 3411 in
403 3347 527 3410 Patrocli
548 3344 681 3409 oratione
697 3346 745 3408 lih.
767 3346 838 3421 xvl,
862 3347 1032 3427 obiurgatur
1051 3346 1177 3408 Achilles
1201 3354 1342 3427 tanquam
1361 3349 1454 3410 nimis

291 3454 382 3515 dunas
413 3459 500 3530 atque
528 3449 716 3511 inhumanus.
761 3449 819 3512 Sed
848 3449 927 3511 illum
953 3449 1051 3511 locum
1080 3448 1110 3509 in
1135 3448 1291 3512 Phoenicis
1319 3451 1454 3513 oratione

291 3553 458 3617 Nitzschius
478 3570 573 3631 nuper
593 3557 635 3632 (p.
654 3551 725 3627 129)
745 3551 777 3613 in
797 3551 995 3630 suspicionem
1010 3550 1136 3624 vocarit,
1152 3560 1292 3632 tanquam
1308 3553 1345 3616 ah
1360 3554 1454 3615 inter·

291 3656 424 3736 polntore
440 3653 536 3733 aliquo
552 3653 706 3727 insertum,
720 3652 799 3733 quod
814 3652 839 3713 si
854 3653 893 3714 ita
908 3662 965 3728 cst,
984 3652 1056 3714 nihil
1070 3655 1159 3715 estin
1174 3662 1235 3715 tota
1249 3654 1352 3729 iliade,
1371 3656 1452 3735 quod

290 3759 386 3837 aliquo
407 3757 497 3819 modo
522 3755 648 3818 divinam
669 3753 950 3817 animadversionem
971 3754 1188 3837 castigandique
1207 3757 1325 3819 Achillis
1351 3758 1452 3819 cousi-

291 3861 361 3923 lium
381 3858 543 3939 significare
567 3859 707 3920 dicamus.
756 3856 850 3917 Immo
871 3856 980 3938 Iupiter
997 3857 1063 3938 ipse
1083 3858 1127 3919 sic
1145 3858 1267 3938 loquens
1293 3858 1452 3927 inducitur,

291 3982 325 4025 ac
338 3963 363 4024 si
379 3979 440 4024 non
455 3961 526 4025 satis
542 3961 708 4023 consrdturo
723 3958 841 4019 Achillis
856 3959 964 4021 honori
979 3968 1104 4035 censeat,
1117 3960 1176 4022 nisi
1190 3960 1314 4022 victores
1330 3961 1450 4023 Troiani

290 4065 322 4127 in
342 4074 437 4127 castra
457 4062 530 4127 eded
550 4065 728 4126 Graecorum
752 4061 925 4140 irruperint,
946 4063 1024 4137 vul,
1049 4062 1237 4125 art-477.
1257 4065 1292 4125 ct'.
1312 4062 1377 4137 XV,
1398 4061 1448 4123 63.

289 4168 391 4248 ltaque
405 4168 431 4229 si
445 4166 514 4229 illud
528 4175 626 4229 mmcn
641 4164 761 4244 cogitari
780 4163 818 4225 ah
838 4163 1018 4228 auditoribus
1038 4174 1125 4245 poeta
1145 4164 1251 4238 voluit,
1270 4165 1320 4227 hic
1333 4182 1450 4246 quoque

289 4270 437 4332 reticentia
451 4268 575 4351 quadam
595 4285 661 4329 eum
676 4285 764 4329 usum
783 4286 850 4328 esse
866 4267 1015 4330 lamndum
1034 4267 1098 4328 erit
1141 4267 1276 4329 Forsitan
1295 4275 1392 4329 autem
1407 4266 1450 4327 sie

289 4374 389 4455 potius
405 4391 437 4433 se
452 4391 498 4432 res
513 4369 630 4444 haheat,
650 4378 682 4431 ut
701 4371 846 4433 aetenhus
860 4370 929 4445 illie,
948 4371 997 4450 qui
1012 4369 1099 4449 primi
1118 4369 1191 4431 haec
1204 4370 1332 4431 carmina
1346 4374 1449 4429 canta-
