3154 5138
849 464 910 527 336

300 649 411 729 pressit
425 650 635 714 convertendo:
655 649 706 716 &a
726 648 780 730 bob
800 647 855 728 nui)
875 648 1005 716 demost
1024 650 1160 733 ύιτίὶῐμαῐ
1174 649 1378 736 iberibuiabttt
1391 656 1442 719 utta

300 749 440 837 bufgmtg.
485 752 575 826 Quasi
596 771 664 815 vero
683 752 782 815 bic-
799 751 853 813 ubi
870 753 1064 817 admisceretur
1082 756 1159 818 idem
1178 755 1339 835 significare
1356 754 1445 836 possit

300 864 388 936 atque
401 859 443 917 sic
457 891 499 902 -
512 866 547 919 ut
560 857 783 919 admisceantur.
813 854 916 917 Veram
932 858 1106 920 sententiam
1122 858 1166 920 vel
1179 858 1285 920 Aratus
1298 856 1445 918 ostendere
1555 904 1556 915 ,

299 944 587 1045 poterat‚v.62:2}xc
597 977 660 1043 περ
670 948 969 1042 ἷίκραιΜίσγοιται
979 952 1092 1035 δύσιές
1100 953 1202 1022 τεκαὶ
1212 948 1346 1022 ύντολαί
1354 949 1446 1042 ύλλή-
1555 962 1556 973 ’

298 1054 409 1144 λῃοιν,
431 1061 460 1122 h.
480 1081 507 1123 e.
526 1061 580 1123 ubi
596 1065 722 1124 extremi
741 1080 860 1125 occasus
878 1073 905 1123 et
924 1072 1005 1124 ortus
1021 1066 1063 1140 (s.
1080 1063 1291 1136 extremitates,
1310 1070 1447 1123 extremae

298 1169 397 1240 partes
412 1163 571 1225 ocddentis
586 1172 616 1225 et
630 1163 764 1242 orientis)
780 1183 839 1226 sese
853 1165 1039 1236 miscentem
1054 1164 1117 1227 eius
1132 1173 1215 1227 retus
1230 1165 1384 1244 interpres,
1399 1181 1447 1225 cu·

299 1262 345 1324 ius
360 1263 433 1326 baec
447 1272 493 1327 est
507 1264 673 1345 explicatio:
689 1256 725 1327 orb
747 1259 859 1342 δύσεις
878 1260 936 1328 καὶ
959 1256 1116 1328 ἀνατολαὶ
1137 1260 1375 1352 πλησιάζουσιν
1394 1254 1448 1326 dt-

298 1357 430 1448 λήλαις,
453 1359 599 1450 λήγουσα
623 1358 728 1451 μὲνὴ
757 1358 913 1452 ύνατολή,
942 1356 1101 1453 ἀρχομένη
1130 1362 1169 1432 δὲ
1194 1359 1215 1452 ἦ
1240 1363 1348 1445 δύσις,
1370 1361 1450 1429 κατὰ

299 1461 358 1529 τὸν
377 1465 600 1553 μεσημβρινὸν
621 1463 727 1532 πόλον
748 1459 825 1554 ἤτοι
845 1463 979 1545 κύκλον,
1008 1460 1046 1544 ύς
1072 1462 1145 1533 ἐστι
1165 1463 1365 1550 μεσαίτατος
1385 1461 1450 1530 πύ-

298 1584 360 1653 urps
379 1565 438 1654 τῆς
460 1564 613 1656 σφαίρας.
636 1608 679 1617 -
692 1562 770 1634 —b
794 1565 832 1634 db
853 1568 939 1646 νοῦς·
960 1563 1068 1655 ἐκείνη
1083 1563 1104 1656 ἦ
1118 1564 1281 1657 κεφαλήή
1302 1568 1361 1634 τοῦ
1375 1564 1451 1655 δροί-

298 1690 415 1745 κοντος
439 1667 524 1734 κατὰ
549 1670 646 1736 τοῦτο
669 1669 710 1737 τὸ
735 1667 836 1755 μέρος
865 1666 998 1759 νήχεται
1023 1666 1081 1734 καί
1106 1669 1258 1759 κολυμβᾷ
1284 1664 1373 1758 besor
1397 1666 1451 1734 τού

295 1764 458 1851 ὠκεανοῦ,
484 1769 635 1838 τουτέστι
659 1772 721 1839 τού
743 1766 923 1859 ὁρίζοντος,
950 1768 1181 1858 ἐπιψαύουσα,
1209 1766 1297 1837 ὅπου
1318 1768 1377 1860 ἤτε
1398 1767 1452 1836 δύ-

299 1892 354 1951 σις
374 1870 432 1938 καὶ
453 1867 474 1960 ἦ
497 1867 635 1963 ύνατολή
658 1873 827 1961 ψαύουσιν
848 1869 1010 1963 ἀλλήλοιν,
1034 1871 1187 1963 δηλονότι
1213 1873 1295 1961 περὶ
1321 1872 1379 1940 τὸν
1398 1895 1453 1955 με·

299 1974 479 2063 σημβρινὸν
489 1973 593 2043 πύλον
602 1970 701 2065 ἤγουν
711 1975 837 2043 κύκλον.
867 1980 996 2042 Eandem
1009 1979 1182 2043 sententiam
1194 1979 1323 2042 Avienus
1338 1997 1452 2060 expres·

298 2082 339 2144 sit
351 2082 398 2144 his
413 2082 518 2157 verbis,
534 2102 560 2145 υ.
580 2083 639 2146 164
658 2102 737 2165 squ:
761 2083 796 2145 u
811 2082 917 2146 declive
937 2093 1024 2166 caput
1041 2094 1196 2164 uerteaprce
1219 2082 1367 2163 obliquior
1386 2083 1455 2143 astu

299 2182 365 2246 Hac
379 2188 412 2246 ire
422 2196 509 2266 porte
524 2189 605 2247 socri
614 2187 807 2267 procumbere
818 2190 949 2249 comiacr
961 2190 1037 2257 arcis,
1050 2205 1108 2267 oua
1118 2195 1205 2267 pater
1217 2183 1362 2256 Oceanus,
1376 2182 1457 2245 rutili

297 2299 455 2368 reparator
468 2288 531 2360 Eoi,
548 2289 675 2350 Occasus
688 2299 824 2370 oramque
836 2288 899 2351 sobo
914 2289 1083 2351 moderante
1098 2298 1216 2359 comest,
1232 2286 1269 2349 Bt
1282 2289 1398 2368 pentec
1412 2285 1454 2347 ol-

298 2399 398 2452 teruoe
411 2394 511 2452 miscet
520 2391 646 2453 deborae
659 2401 758 2453 suetae.

383 2492 453 2572 Cap.
469 2492 565 2567 XLIV,
587 2491 653 2553 tta.

502 2594 591 2658 Οαὰιι
601 2607 724 2678 propter
738 2596 855 2658 ίοιυυιιι
868 2614 958 2676 persus
972 2598 1053 2657 οοκιι·
1065 2613 1103 2657 ea
1113 2604 1201 2676 porte
1212 2593 1326 2659 ίοιαιαι

500 2696 616 2759 Parvos
633 2696 774 2778 Veroilias
787 2701 867 2760 tersui
879 2716 944 2760 cum
959 2697 1022 2759 buce
1035 2695 1153 2760 uidebis.

385 2799 418 2862 in
435 2799 571 2880 piurimis
591 2799 745 2863 codicibus
763 2801 835 2863 haee
852 2808 965 2863 tantum
986 2799 1134 2879 teguntur:
1155 2796 1244 2861 θιιίια
1260 2808 1387 2880 propter
1400 2795 1457 2859 iae-

300 2920 372 2963 uum
385 2919 461 2981 percu
475 2904 541 2979 (aut
554 2904 663 2981 pertus)
683 2900 823 2983 Veroilics
837 2906 918 2964 terrui
931 2920 996 2963 sum
1010 2901 1074 2963 iure
1086 2901 1209 2973 uidebis,
1226 2902 1352 2963 omissis
1367 2899 1458 2961 verbis

300 3003 481 3065 intermediis
497 3007 579 3066 omui
590 3039 633 3049 -
643 3022 766 3086 paruos.
801 3004 892 3066 Multo
911 3012 1009 3065 autem
1023 3003 1206 3067 verisimilius
1226 3003 1358 3077 videtin,
1377 3001 1459 3064 veta

300 3105 373 3166 irasc
385 3103 570 3166 librariorum
585 3123 686 3167 errore
700 3106 824 3182 omissa,
845 3123 932 3185 quam
951 3105 988 3167 ab
1008 3106 1106 3187 utiquo
1120 3114 1293 3169 conectere
1307 3126 1343 3169 ex
1359 3104 1459 3183 integri

299 3206 439 3269 carminis
453 3208 588 3287 exempto
603 3207 700 3271 addita
714 3226 793 3270 osse:
814 3207 1004 3288 qtramobrem
1019 3209 1190 3291 pauciorum
1211 3209 1353 3272 codicum
1369 3216 1398 3271 et
1411 3206 1459 3270 ati·

301 3316 375 3389 quot
388 3317 519 3371 veterum
534 3308 697 3371 editionum
711 3310 913 3372 auctoritatem
929 3312 1011 3392 sequi
1026 3310 1124 3377 malui.
1160 3311 1249 3385 Quod
1269 3320 1370 3374 autem
1386 3326 1460 3371 nou·

300 3411 372 3474 nulli
392 3412 520 3474 editores
540 3412 625 3474 etiam
645 3412 682 3474 At
698 3431 753 3492 pro
780 3411 870 3475 Cecim
891 3412 1067 3486 asciverunt,
1087 3414 1271 3487 extorsis,
1293 3432 1322 3475 r.
1338 3414 1395 3487 Ἡ,
1411 3409 1460 3472 sed

300 3523 402 3579 centra
418 3533 521 3578 omnes
537 3515 643 3577 horum
662 3514 804 3577 librorum
824 3515 954 3587 codices,
969 3533 1122 3596 perperam
1136 3516 1245 3578 iactum
1262 3526 1319 3578 est
1365 3514 1461 3593 Neque

299 3617 379 3679 anim
395 3636 472 3699 opus
487 3626 550 3680 erat
563 3615 695 3679 Ciceroni
711 3616 810 3679 omnia
830 3616 935 3679 iisdem
951 3618 1037 3698 plane
1051 3626 1138 3700 atque
1152 3619 1182 3680 iu
1197 3618 1319 3699 integro
1335 3616 1463 3681 carmine

300 3719 395 3781 verbis
411 3728 556 3800 repetere,
575 3728 605 3781 et
623 3720 742 3782 mutarit
762 3719 848 3782 etiam
874 3721 970 3783 statim
995 3721 1131 3800 proximo
1155 3739 1241 3783 versu
1270 3719 1346 3784 lude
1371 3716 1460 3787 rsus

300 3841 392 3902 quum
412 3822 443 3883 in
461 3823 573 3884 Arateis
592 3841 618 3883 r.
640 3821 681 3882 42
701 3823 868 3903 scripsisset
882 3822 1013 3904 Namque
1027 3822 1124 3896 moe,
1144 3833 1173 3885 et
1187 3822 1289 3905 paullo
1305 3832 1379 3905 post
1395 3818 1462 3883 res

299 3924 426 4005 pelidem
444 3943 501 4005 pro
521 3922 618 3996 Ουτοι
636 3923 775 4004 pelidem,
795 3933 824 3985 et
844 3928 862 3998 b
881 3923 940 3985 113
960 3923 1053 3995 Quem
1064 3936 1188 4006 propter
1201 3944 1259 4006 pro
1275 3924 1379 3997 Quam
1391 3940 1458 4007 pro·

296 4036 378 4107 pter:
399 4045 470 4106 quas
491 4027 667 4089 mutationes
686 4035 719 4089 ut
736 4025 881 4104 flagitabat
901 4032 1031 4089 mumius
1051 4027 1206 4089 verborum
1231 4036 1410 4097 cantatus,
1427 4027 1462 4086 ita

301 4127 390 4202 hanc,
412 4147 499 4209 ιμιυιο
519 4138 624 4191 nostro
643 4128 709 4190 loeo
731 4130 835 4190 iactam
857 4127 1005 4201 videmus,
1024 4145 1086 4190 non
1107 4137 1185 4191 certe
1204 4130 1332 4193 vetabat.
1349 4165 1391 4176 —
1407 4123 1462 4201 Qui

299 4231 431 4311 sequitur
444 4249 545 4293 versus
561 4231 597 4291 de
611 4231 681 4292 Fide
695 4250 719 4291 s.
736 4230 809 4309 Lyra
822 4229 908 4309 vulgo
923 4230 966 4292 sic
981 4230 1129 4293 scribitur:

501 4332 573 4395 iude
587 4331 671 4395 Fides
685 4333 786 4396 leviter
795 4336 893 4415 posito
907 4344 934 4395 et
948 4350 1080 4395 souoeaa
1094 4334 1216 4404 uidebor,

301 4454 389 4516 quam
404 4434 578 4515 scripturam
593 4434 726 4498 vitiosam
742 4455 817 4509 esse,
833 4444 949 4515 praeter
962 4435 1115 4498 meliorum
1125 4436 1263 4499 codicum
1280 4436 1462 4505 dissensum,
