3154 5138
655 410 718 472 353
822 446 827 459 .

200 598 266 679 usp.
280 596 405 672 XXXIV,
421 596 472 660 st
507 596 601 659 lolam
622 596 813 679 (llionysiua)
845 617 984 663 mauras
1010 612 1196 682 argenteas
1226 602 1268 664 de
1287 609 1319 661 18

126 699 279 764 omuibus
294 700 453 763 delubris
468 699 577 762 iussit
590 701 739 775 aulerri,
760 702 794 763 in
809 702 937 782 qulbus
952 705 1044 784 quod
1059 722 1156 767 more
1170 712 1269 767 rete-

125 801 168 864 ris
180 802 339 869 Graeciae
352 804 570 883 inscriptum
583 813 682 866 esset
699 805 878 868 Bonorum
898 807 1066 882 Deorum,
1084 807 1137 870 uti
1156 826 1269 870 aceo·

124 923 188 968 rum
203 907 362 971 bonitate
380 908 470 970 selle
490 906 635 969 dicebat
669 908 878 972 Coniunctirus
893 922 990 973 errat
1003 919 1074 991 post
1087 911 1179 991 quod
1195 927 1268 973 cou-

123 1007 288 1073 ionctionem
307 1019 386 1073 recta
402 1010 520 1090 positus
539 1009 661 1084 baean,
678 1011 704 1073 si
720 1011 793 1074 baec
807 1031 842 1073 ex
855 1021 954 1074 moute
968 1013 1097 1093 Dionysii
1113 1013 1189 1075 dicta
1203 1031 1269 1075 ease

123 1117 288 1175 summm:
302 1113 333 1175 id
347 1120 445 1175 autem
460 1113 506 1175 rix
521 1111 671 1192 probabile
685 1123 730 1175 est
744 1122 867 1194 proptor
880 1116 1007 1178 additam
1016 1115 1119 1177 reteds
1135 1114 1270 1177 Graeciae

123 1213 203 1275 moris
222 1218 543 1278 commemorationem.
586 1215 686 1296 ltaque
704 1234 795 1296 quum
814 1216 851 1278 ab
876 1217 943 1299 ipso
963 1217 1108 1298 scriptore
1125 1216 1198 1279 haec
1216 1217 1268 1279 ad·

121 1312 184 1377 iectu
201 1317 291 1379 rideri
310 1317 435 1379 dehent
453 1317 489 1380 ad
508 1317 576 1389 dicti
596 1318 782 1380 occasionem
800 1317 997 1393 indicandam,
1011 1337 1134 1382 necesse
1148 1318 1211 1391 erit,
1226 1352 1268 1364 -

121 1416 170 1479 nisi
187 1420 251 1499 quis
277 1419 465 1482 indicativum
484 1429 561 1482 erat
578 1438 723 1501 reponere
742 1421 823 1495 volit,
843 1421 872 1482 id
893 1423 972 1502 quod
996 1440 1100 1503 parum
1120 1419 1269 1501 probabile

119 1531 323 1602 esseapparet,
337 1556 380 1568 ··-
394 1522 489 1602 quod
508 1522 614 1585 mutari
634 1523 664 1584 iu
684 1540 787 1602 quum
804 1525 952 1604 (quom).
995 1526 1091 1603 Atque
1110 1524 1268 1586 boeotiam

120 1619 248 1703 llsdsigio
263 1625 380 1704 placare
394 1623 479 1685 rideo
493 1623 528 1684 ad
544 1624 574 1685 G.
591 1624 628 1685 de
642 1624 727 1685 Finu.
742 1645 771 1706 p.
787 1626 860 1687 461.

193 1724 261 1806 Cap.
278 1724 394 1799 XXXV,
410 1724 461 1788 84.
504 1724 604 1786 Hunc
630 1725 739 1804 igitur
765 1726 971 1807 (Dionysium)
994 1746 1058 1789 uec
1082 1726 1269 1807 Olympius

119 1821 244 1904 iupiter
264 1827 414 1889 fulmine
436 1827 631 1907 percussit,
650 1844 715 1890 nec
733 1828 967 1909 Aesculapius
983 1829 1113 1891 misero
1126 1830 1267 1891 diutur—

116 1942 223 2007 noque
244 1928 374 1991 morbo
394 1927 636 1990 tabescentem
656 1928 852 2003 interemit,
872 1938 975 2010 atque
1000 1929 1035 1991 in
1055 1949 1118 1992 suo
1134 1931 1268 1993 lectulo

116 2038 271 2093 mortuus
287 2030 325 2092 in
340 2029 570 2110 Tympanidis
585 2048 710 2110 rogum
725 2031 848 2092 illatus
862 2039 926 2092 est.
955 2030 1090 2110 Longum
1102 2040 1148 2093 est
1163 2051 1267 2094 omues

115 2146 279 2195 enumerare
306 2131 500 2205 coniecturas,
528 2132 634 2212 quibus
661 2131 750 2193 critici
776 2131 931 2193 emendare
957 2132 1152 2210 corruptelam
1172 2134 1267 2194 conati

114 2242 184 2295 sunt
228 2234 308 2297 Nam
323 2233 552 2314 'lympanidis
568 2234 687 2314 quidem
702 2252 827 2313 rogum
841 2232 924 2294 nihili
935 2252 1001 2295 esse
1016 2233 1088 2295 satis
1103 2237 1268 2311 constattl.

114 2333 275 2416 diligitur,
291 2336 406 2410 locum,
424 2336 474 2398 ubi
488 2344 624 2398 mortuas
639 2346 717 2397 esset
730 2334 901 2416 Dionysius,
921 2334 1106 2414 designatum
1121 2354 1189 2398 esse
1202 2336 1268 2409 rati,

112 2435 296 2500 coniecerm
311 2436 406 2500 intra
420 2438 590 2518 parietes,
606 2437 641 2499 in
655 2455 777 2516 rogum
793 2470 851 2511 -‚
866 2436 912 2498 alii
927 2437 1035 2509 locum,
1050 2436 1099 2498 ubi
1115 2443 1268 2509 armabas,

112 2534 142 2596 in
155 2538 330 2612 Temeno,
345 2538 392 2600 alii
411 2540 626 2612 conditionem,
642 2538 671 2600 in
688 2558 744 2619 qua
760 2539 876 2614 luisset,
891 2539 927 2600 in
942 2539 1143 2618 tyrannide,
1156 2539 1201 2601 alii
1216 2558 1266 2617 ge-

110 2654 162 2701 nua
179 2641 295 2714 morbi,
319 2642 513 2722 tympanite
533 2648 582 2702 aut
601 2641 632 2702 ri
653 2642 919 2723 tympanitidis3
934 2642 1044 2721 luitque
1059 2643 1131 2703 adeo
1147 2643 1198 2721 qui
1214 2660 1267 2721 ap-

110 2750 238 2818 amram
264 2742 422 2805 funebrem
448 2753 712 2806 commemoratum
735 2744 831 2816 vellet,
854 2743 1055 2824 tyrannidis
1078 2752 1269 2823 pompaaut

107 2842 189 2906 etiam
203 2845 241 2907 in
264 2845 510 2925 tympanidiis,
531 2864 605 2926 quae
618 2844 752 2909 Lambini
770 2844 936 2907 oonieuura
950 2844 1018 2913 taut,
1039 2851 1071 2904 ut
1089 2842 1267 2923 signiticare-

108 2952 151 3007 tur
169 2947 297 3020 scilicet,
318 2947 349 3007 in
368 2948 470 3009 lunare
483 2947 613 3028 Dionysii
632 2956 747 3027 praeter
761 2948 815 3009 alia
834 2947 1027 3008 iustrumenta
1051 2946 1164 3007 musica
1182 2945 1267 3008 etiarn

106 3066 189 3125 parra
204 3060 348 3131 tympana
362 3058 503 3129 usurpata
518 3028 613 3111 rasae.x
635 3049 713 3111 llaec
726 3050 852 3111 reluctare
867 3065 928 3110 non
941 3066 1017 3127 opus
1032 3056 1094 3109 est:
1109 3065 1164 3110 nec
1174 3048 1267 3110 multo

106 3150 238 3225 molera,
259 3169 337 3231 quae
355 3151 444 3213 caten
463 3152 670 3231 excogitarunt
722 3152 844 3213 Codices
863 3149 936 3212 nibil
954 3150 1067 3212 iuvant:
1087 3150 1267 3212 monendum

104 3262 214 3329 umen,
236 3253 490 3335 praepositionem
509 3253 547 3315 in
565 3262 632 3316 onte
651 3272 776 3333 rogum
796 3273 812 3316 a
831 3252 911 3315 nullo
930 3252 1064 3331 agnosci,
1083 3252 1137 3314 aed
1163 3270 1267 3313 omncs

104 3365 151 3419 aut
162 3358 285 3421 nudum
300 3356 497 3420 accusativum
517 3365 568 3419 aut
586 3356 714 3419 dativum
734 3355 849 3418 babere.
893 3354 975 3417 Unus
991 3354 1099 3432 Regius
1113 3354 1201 3416 babet
1216 3354 1288 3415 vi-'

103 3458 310 3541 timpanitis
324 3477 412 3538 rego
427 3458 549 3521 illatus
563 3465 632 3531 est,
648 3458 679 3520 in
694 3477 753 3537 ryuo
768 3457 941 3521 adiectirum
961 3455 1164 3536 impunitus
1178 3456 1267 3518 latero

102 3560 157 3624 um
173 3560 407 3640 Cannegiaterus
422 3569 452 3623 et
467 3560 606 3624 Trillerua
620 3560 760 3641 suspicati
774 3572 856 3623 sunt:
878 3578 912 3620 er
934 3558 1036 3639 priuria
1051 3565 1149 3619 autom
1161 3557 1265 3619 litteris
1287 3565 1318 3615 19

101 3664 148 3725 rit
159 3666 238 3728 alter
253 3665 367 3726 borum
382 3662 621 3726 verumetiam
635 3663 790 3736 extricavit,
805 3662 851 3725 oui
864 3662 962 3725 locuni
982 3679 1043 3722 uon
1058 3678 1125 3722 esse
1139 3666 1267 3738 apparet,

101 3766 171 3830 alter
183 3768 281 3839 rita,
296 3763 508 3845 quodquidam
522 3764 565 3828 sic
579 3765 650 3845 poni
665 3766 745 3827 nullo
760 3765 851 3827 modo
866 3762 969 3845 potuit
1015 3762 1210 3825 Scribeudum
1224 3763 1268 3823 vi-

101 3868 185 3932 detur
199 3878 233 3932 et
248 3867 466 3947 impunitum
482 3883 577 3946 nequo
593 3867 723 3930 oonoedo
739 3867 870 3942 bloscro,
884 3867 943 3929 boo
956 3864 1128 3928 adiectirum
1143 3872 1213 3944 post
1224 3882 1270 3938 ca,

99 3987 173 4065 quae
193 3977 441 4054 praecesserat,
461 3968 590 4031 odorum
610 3984 676 4033 aare
695 3969 812 4032 dicenti
849 3968 924 4031 Nam
945 3968 1059 4031 etinusi
1075 3966 1148 4030 nibil
1162 3986 1198 4030 eo
1213 3966 1271 4029 nisi

99 4081 291 4154 repetes-erm
309 4071 389 4155 quod
408 4078 476 4135 ante
493 4070 603 4135 diuum
621 4080 680 4147 est,
695 4088 791 4153 nequo
804 4070 883 4134 loris
893 4071 1014 4135 fulmine
1027 4088 1202 4152 percussina
1215 4085 1282 4151 neg

102 4224 418 4263 -.....7.............

165 4315 193 4381 3)
213 4314 277 4368 Nisi
292 4314 414 4381 quiscum
425 4310 573 4378 Welciero,
585 4314 610 4364 in
623 4308 653 4364 N.
667 4312 732 4365 blut.
745 4312 824 4367 liban.
837 4312 872 4367 vl
884 4330 908 4382 p.
922 4312 980 4377 399,
998 4312 1178 4381 Tympanidem
1191 4324 1269 4377 queo·

98 4402 154 4454 lu
164 4402 343 4454 witam
355 4399 435 4453 rum
445 4404 536 4461 sumat,
545 4398 590 4463 qul
600 4410 688 4463 mur
699 4399 770 4452 illan
781 4400 936 4452 exemerit.

141 4486 191 4547 ΙΙΙ.
1030 4483 1069 4544 23
