3164 5138
852 440 893 505 26

289 638 386 692 autem
412 629 448 690 de
473 627 528 691 hec
552 635 671 691 nostrae
696 626 791 689 Iliadis
818 627 1033 709 compositione
1059 630 1263 694 Lachmannus
1289 642 1449 712 procerte
1572 642 1573 649 ’

289 731 384 803 habet,
400 748 465 792 earu
480 748 541 793 non
556 749 623 793 esse
636 730 781 793 Pisistrati
795 729 977 810 temporibus
997 734 1210 813 antiquiorem,
1230 733 1312 797 cuius
1333 735 1450 815 qudem

288 833 475 914 praeeipuam
495 833 640 914 quandam
661 850 781 913 operam
800 832 857 893 hac
876 831 907 893 in
921 850 953 893 re
967 833 1059 895 fuisse
1074 835 1144 896 satis
1165 837 1241 897 inter
1257 854 1361 898 omnes
1377 855 1450 898 con-

287 944 358 998 stat:
373 953 467 1016 neque
480 942 579 998 tamen
594 943 749 1016 propterea
762 942 849 1014 negat
863 934 954 996 ullum
968 935 1055 998 etiam
1069 944 1135 998 ante
1149 937 1337 1001 Pisistratum
1352 939 1449 1002 Iliadis

289 1056 400 1118 coquus
414 1036 517 1100 disse.
562 1037 645 1100 Certe
659 1036 836 1118 principales
852 1037 993 1116 quasdam
1008 1045 1107 1117 partes
1122 1040 1159 1100 ad
1173 1039 1313 1102 unitatem
1328 1041 1450 1104 maioris

289 1141 425 1222 corporis
446 1139 584 1220 primitus
604 1141 693 1202 lactas
712 1158 779 1202 esse
793 1140 939 1219 agnoscit,
966 1139 995 1201 h.
1011 1159 1051 1213 e.,
1078 1140 1102 1201 si
1118 1148 1197 1203 recte
1210 1142 1264 1202 viri
1283 1141 1451 1205 acutissimi

288 1243 463 1306 sententiam
481 1243 673 1323 interpretor,
699 1242 792 1304 luisse
818 1250 901 1322 putat
920 1243 1067 1322 quandam
1086 1243 1219 1317 Iliadem,
1245 1243 1306 1306 sire
1332 1260 1450 1307 carmen

289 1347 386 1427 paullo
401 1346 511 1419 maius,
527 1345 579 1407 sed
593 1344 629 1406 ab
643 1346 700 1407 hae
717 1354 820 1406 nostra
839 1343 926 1406 iliade
945 1344 1068 1406 multum
1084 1345 1246 1421 diversam,
1262 1346 1453 1428 partibusque

289 1449 436 1530 plurimis,
456 1466 531 1527 quae
544 1464 625 1509 nuuc
643 1447 758 1522 insunt,
777 1454 932 1510 carentem.
976 1446 1087 1509 flamm
1106 1447 1185 1509 enim
1205 1448 1359 1528 plorasque
1372 1448 1452 1511 Pisi·

288 1551 370 1615 strati
385 1551 504 1613 demum
524 1567 613 1630 opera
632 1550 756 1625 additas,
782 1550 963 1630 omninoque
981 1549 1051 1624 hoc,
1077 1549 1156 1629 quod
1170 1549 1327 1625 hahemus,
1353 1552 1451 1614 iliadis

289 1672 398 1734 corpus
410 1672 466 1734 pro
481 1671 528 1726 eo,
544 1653 623 1733 quod
635 1653 706 1715 olim
718 1653 812 1728 luerit,
826 1651 1034 1731 compositum.
1060 1652 1225 1715 Nitzselrius
1241 1660 1342 1717 contm
1357 1673 1451 1733 mum

288 1758 364 1818 hanc
377 1764 511 1818 nostram
524 1753 642 1816 iliadem
656 1755 744 1833 longe
758 1754 883 1817 maxirna
898 1753 944 1816 sui
958 1761 1040 1834 parte
1054 1754 1166 1817 dudum
1181 1762 1248 1817 ente
1262 1754 1452 1818 Pisistratum

287 1859 376 1921 unius
391 1858 511 1921 llomeri
530 1856 648 1937 ingenio
669 1867 756 1938 atque
774 1865 837 1919 arte
851 1857 1047 1937 compositam
1062 1864 1195 1930 censeat,
1208 1857 1278 1919 huic
1291 1877 1307 1918 a
1320 1857 1451 1938 rhapso-

289 1960 334 2023 dis
350 1960 546 2023 additamenta
560 1960 679 2040 quidem
695 1959 807 2042 passim
821 1959 930 2021 inserta
943 1978 1010 2021 esse
1024 1960 1144 2033 latetur,
1158 1976 1254 2039 neque
1267 1966 1368 2021 tamen
1383 1960 1452 2022 talia

289 2071 339 2126 ant
353 2070 412 2124 mm
427 2064 532 2137 multa,
552 2072 586 2125 ut
599 2081 666 2125 vera
685 2070 771 2143 atque
789 2063 914 2142 genuina
928 2061 1068 2124 carminis
1088 2064 1183 2124 lomna
1197 2078 1323 2141 prorsus
1339 2061 1452 2123 immu-

286 2173 398 2229 taretur
417 2173 468 2228 ant
481 2165 697 2228 obscuraretur.
741 2165 865 2227 Tantam
885 2165 986 2245 potius
1004 2183 1069 2227 esee
1088 2163 1159 2226 artis
1174 2161 1347 2226 Homericae
1361 2182 1453 2243 prae-

287 2270 425 2333 stantiam
452 2286 488 2331 ac
512 2268 735 2349 proprietatem,
761 2274 807 2341 ut,
832 2270 882 2347 qui
908 2267 983 2329 hane
1003 2275 1081 2329 recte
1105 2265 1296 2346 perspexerit,
1321 2266 1453 2329 adhibita

286 2370 459 2452 praesertim
479 2370 566 2432 etiam
591 2369 725 2451 populari
743 2369 789 2430 illa
814 2369 940 2441 ratione,
968 2368 1049 2432 facile
1067 2369 1192 2448 genuina
1216 2367 1253 2428 alr
1278 2366 1453 2430 adulterinis

288 2475 455 2538 discernere
472 2470 579 2555 possit
626 2470 712 2535 lledit
729 2470 819 2550 igitur
839 2488 887 2533 res
906 2471 1004 2533 omnis
1029 2489 1066 2532 eo
1085 2470 1224 2542 maxime,
1249 2477 1284 2532 ut
1309 2469 1381 2549 quid
1402 2490 1452 2534 ars

287 2574 407 2639 Homeri
422 2575 555 2655 ratioque
569 2574 720 2656 popularis
735 2581 839 2654 poscet
854 2581 905 2637 aut
918 2575 1005 2648 leret,
1020 2571 1202 2652 intelligatur,
1217 2578 1304 2652 atque
1318 2572 1364 2634 sic
1379 2573 1453 2653 quid

286 2679 356 2743 lsuic
369 2686 471 2759 aptum
483 2686 570 2758 atque
582 2676 767 2751 conveniens,
781 2676 851 2756 quid
866 2676 998 2757 ineptum
1012 2686 1042 2738 et
1051 2673 1263 2738 inconveniens
1277 2674 1324 2750 sit,
1338 2674 1452 2737 diiudi-

288 2790 376 2845 cetur.
421 2781 480 2841 Sed
499 2781 599 2862 ipsum
619 2780 678 2841 hoc
692 2788 794 2860 aptum
810 2788 839 2841 et
854 2779 1031 2842 conveniens
1046 2795 1107 2840 non
1126 2795 1187 2840 uno
1203 2777 1294 2838 modo
1308 2778 1453 2840 aestima-

286 2893 346 2957 tur,
372 2892 402 2945 et
415 2883 502 2945 habet
520 2882 665 2963 quosdam
686 2882 768 2963 quasi
786 2881 909 2962 padue,
933 2890 968 2943 ut
986 2901 1021 2943 ex
1040 2879 1172 2962 pluribus
1192 2879 1296 2954 rebus,
1322 2898 1455 2960 quarum

286 2985 396 3049 nullam
414 2993 514 3065 aptam
532 2993 561 3047 et
580 2984 802 3046 convenientem
822 3002 888 3045 esse
911 2982 1076 3064 negaveris,
1100 2981 1160 3044 sint
1178 2992 1275 3044 tamen
1295 2982 1370 3043 aliae
1388 2982 1454 3045 aliis

287 3088 353 3170 plns
369 3088 532 3150 autminus
547 3094 631 3168 aptae
642 3094 671 3148 et
685 3086 897 3148 convenientes.
943 3086 1021 3148 Sunt
1034 3084 1140 3167 quibus
1155 3085 1247 3146 careri
1260 3084 1341 3147 nullo
1358 3085 1454 3147 modo

286 3191 396 3274 possit,
422 3209 495 3270 qnae
514 3206 576 3252 non
597 3189 694 3251 solum
713 3195 780 3269 apta
798 3199 828 3250 et
847 3187 1059 3264 convenientia,
1084 3188 1136 3250 sod
1161 3187 1325 3250 necessaria
1346 3188 1454 3268 potius

286 3292 409 3357 dicenda
428 3300 506 3355 sunt
551 3290 613 3353 Alia
639 3290 738 3352 minus
757 3290 875 3372 quidem
894 3291 1072 3365 necessaria,
1100 3290 1152 3352 sed
1173 3289 1253 3352 utilia
1273 3298 1375 3350 mosen
1402 3300 1456 3352 aut

286 3397 322 3459 ad
343 3396 507 3459 ornandum
527 3394 789 3473 illustrandumque
808 3410 927 3456 carmen
947 3393 1094 3474 apposita,
1114 3391 1364 3473 quemadmodum
1382 3411 1454 3454 eor-

287 3498 409 3582 poribns
428 3497 538 3561 nostris
558 3504 665 3558 natura
683 3503 800 3576 praeter
817 3505 914 3576 partes
930 3497 1121 3569 necessarias,
1142 3504 1172 3557 et
1186 3495 1250 3556 sine
1268 3492 1378 3574 quibem
1395 3495 1455 3558 rita

285 3610 387 3665 nostra
407 3608 543 3663 censure
562 3617 623 3661 non
643 3598 753 3680 possit,
767 3598 836 3661 alias
851 3600 962 3662 addidit
981 3599 1081 3662 autad
1096 3598 1222 3677 aliquem
1237 3596 1373 3676 quamvis
1388 3614 1455 3660 non

285 3703 484 3766 necessarium
499 3720 598 3777 usum,
612 3702 764 3764 autetiam
779 3703 816 3764 ad
831 3702 920 3765 decus
932 3703 1044 3764 termae
1059 3709 1087 3763 et
1100 3698 1348 3781 pulchritudinem
1364 3717 1455 3761 com-

183 3837 186 3843 2
286 3814 411 3888 paratas.
455 3805 518 3868 Alia
533 3805 660 3885 denique
673 3823 735 3867 non
750 3804 868 3885 quidem
883 3804 995 3885 inepta,
1016 3802 1067 3865 sed
1082 3802 1228 3865 eiusmodi
1244 3809 1343 3863 umen
1367 3810 1454 3876 sunt,

286 3918 319 3973 ut
338 3926 433 3989 neque
452 3909 489 3970 ad
511 3926 598 3969 usum
613 3927 708 3989 neque
722 3907 758 3970 ad
774 3917 911 3970 ornatum
924 3906 1084 3987 quidquam
1100 3906 1262 3977 conterant,
1282 3903 1335 3964 sed
1351 3903 1454 3966 abun-

286 4012 397 4086 dantia,
423 4030 496 4091 quae
520 4011 545 4073 si
566 4010 664 4072 adsint
680 4010 760 4072 laeile
780 4012 869 4083 ieras,
894 4009 940 4070 sin
962 4007 1072 4083 absint,
1099 4025 1161 4071 non
1180 4005 1338 4068 desideres.
1386 4006 1457 4070 Hoc

286 4133 380 4195 genus
400 4132 462 4176 non
481 4132 573 4194 panca
591 4113 622 4175 in
641 4113 729 4175 iliade
739 4131 805 4174 esse
819 4130 910 4174 nemo
929 4111 1056 4192 negabit,
1077 4128 1152 4192 quae
1170 4117 1269 4171 minen
1289 4115 1393 4170 utrum
1415 4109 1454 4172 ah

285 4218 417 4280 Homero
432 4235 469 4279 an
489 4236 505 4278 a
525 4215 681 4295 rhapsodis
702 4215 833 4294 proiecta
853 4213 913 4275 sint
934 4213 980 4274 rix
1000 4221 1080 4275 certo
1101 4211 1188 4275 statui
1206 4208 1324 4293 poterit
1373 4210 1458 4275 Sunt

286 4327 384 4383 autem
409 4322 497 4381 etiam
522 4317 665 4398 quaedam
691 4316 774 4396 quasi
805 4316 892 4378 medii
912 4315 1042 4396 mitens,
1069 4334 1103 4378 ex
1126 4314 1203 4396 aptis
1228 4326 1314 4398 atque
1337 4315 1455 4398 ineptis

285 4422 388 4495 mixta,
409 4420 529 4501 quaesi
549 4419 614 4499 quis
633 4418 728 4481 obiter
745 4434 801 4481 nco
820 4418 909 4482 nimis
928 4419 1079 4500 diligenter
1099 4415 1247 4497 inspiciat,
1266 4419 1399 4498 eliqnam
1415 4421 1456 4489 ab
