3276 5144
814 454 964 554 —Q

954 633 999 716 αῖς
1019 633 1185 723 μακάριος

496 738 590 820 ὅστις
611 738 647 807 o'
671 735 796 808 δαῖσαι
817 737 1064 830 κάκποιήσεται
1086 739 1189 823 γαλᾶς

497 845 558 911 ταῖν
578 841 681 932 μηδὲν
702 834 801 931 ἧτταν
823 844 916 927 βδεῖν
936 840 1077 910 ἐπειδὰν
1099 836 1222 927 δρδρος
1243 831 1275 930 ᾗ,

307 954 339 1016 in
355 952 460 1033 quibus
476 945 577 1032 γαλᾶς
591 949 726 1011 nonnulli
740 949 915 1031 interpretes
931 950 968 1011 de
981 948 1085 1029 puellis
1100 946 1157 1010 dici
1171 947 1272 1009 solunt
1285 947 1441 1028 aliquando
1456 967 1472 1009 e

307 1056 366 1119 illia
386 1054 589 1138 procreandis,
605 1060 726 1134 propter
740 1052 864 1114 verbum
876 1045 1103 1135 δκνταιήσεται,
1120 1050 1200 1131 quod
1214 1049 1332 1131 proprie
1348 1049 1383 1111 de
1400 1069 1471 1130 pro·

308 1159 455 1222 creadone
474 1155 612 1238 usurpari
626 1154 778 1217 latendum
794 1162 849 1215 cst.
879 1150 1118 1226 retegentem,
1137 1153 1167 1214 b.
1184 1171 1209 1213 e.
1226 1150 1377 1226 mustelas,
1393 1169 1473 1214 nunc

306 1261 419 1343 puellas
439 1259 503 1321 illas
518 1256 673 1339 aliquando
688 1256 885 1336 procreandas
900 1255 977 1319 hanc
991 1255 1030 1315 cb
1047 1272 1166 1318 causam
1182 1253 1239 1316 dici
1253 1261 1373 1334 putant,
1394 1254 1473 1335 quod

307 1370 429 1444 postero
440 1369 586 1446 ternpore,
601 1378 709 1440 nempe
720 1359 771 1421 ubi
783 1358 963 1421 adoleverint
974 1364 1062 1437 atque
1073 1358 1236 1440 nupserint,
1253 1356 1332 1418 idem
1344 1357 1474 1419 facturae

308 1465 377 1539 sint,
394 1464 475 1547 quod
489 1463 642 1535 mustelae,
662 1462 692 1522 h.
708 1482 735 1523 e.
750 1457 843 1540 βδεῖν
859 1455 1000 1524 ἐπειδᾶν
1015 1451 1136 1541 leopos
1150 1447 1181 1546 ᾖ.
1213 1461 1246 1521 ln
1261 1461 1316 1523 hac
1329 1459 1475 1522 sententia

309 1585 401 1647 mum
417 1566 478 1629 σοῦ
499 1561 600 1649 μηδὲν
621 1551 720 1645 ἧττον
740 1560 832 1643 βδεῖν
846 1563 1003 1626 commode
1019 1562 1155 1643 explicari
1170 1570 1306 1643 nequeat,
1321 1562 1473 1624 Porsonus

311 1668 455 1731 excidisse
476 1668 653 1730 versiculum
673 1665 811 1739 coniecit,
832 1671 863 1727 et
887 1667 1035 1745 integrum
1061 1667 1159 1728 locum
1186 1667 1266 1728 bunc
1283 1665 1345 1727 fere
1365 1664 1473 1728 luisse:

312 1765 416 1852 γαλᾶς
439 1768 444 1854 1
470 1767 544 1844 οἵας
572 1762 650 1832 ὅταν
670 1760 755 1830 ποτ’
778 1757 861 1831 αῖσιν
882 1760 1004 1853 δραῖαι
1025 1766 1138 1850 γάμων
1156 1764 1162 1852 l
1181 1769 1241 1829 σοῦ
1262 1761 1365 1851 μηδὲν
1377 1755 1475 1852 ἦττον

308 1869 415 1952 βδεῖν,
437 1872 616 1935 mustelas
637 1888 711 1934 non
730 1872 852 1933 minus
867 1889 974 1951 quam
989 1878 1024 1934 te
1039 1871 1080 1933 ad
1095 1870 1309 1933 visiendum
1324 1887 1473 1951 promp-

307 1983 380 2048 tas,
407 1975 456 2037 alii
477 1982 576 2037 autem
595 1973 668 2035 nihil
688 1974 750 2037 nisi
765 1966 882 2057 ἥττους
902 1992 956 2055 pro
972 1960 1072 2056 ἧτταν
1085 1973 1272 2036 scribendum
1289 1980 1473 2053 putaverunt,

310 2078 457 2140 sententia
470 2078 576 2141 eedem
591 2077 708 2141 brevius
722 2083 840 2139 tantum
855 2095 1002 2158 expressa.
1027 2075 1097 2137 Mihi
1109 2082 1208 2138 tamen
1219 2077 1347 2157 permira
1358 2094 1475 2156 semper

307 2189 340 2242 ot
353 2181 401 2243 rix
415 2180 562 2243 credibilis
577 2180 636 2243 risa
651 2187 697 2242 est
711 2180 806 2242 subita
821 2180 877 2242 isla
891 2179 1084 2242 mustelarum
1102 2196 1156 2260 pro
1170 2179 1276 2260 puellis
1291 2178 1472 2252 substitutio,

308 2300 383 2363 quae
398 2282 572 2363 praesertim
588 2283 676 2344 etiam
691 2282 851 2362 scripturae
866 2282 1061 2344 mutationem
1076 2282 1222 2363 postulet:
1238 2281 1337 2343 minus
1352 2282 1472 2355 mirum,

310 2386 389 2467 quod
405 2385 468 2449 aliis
482 2385 601 2466 placuit,
617 2381 720 2468 γαλῆς
741 2379 779 2447 σὲ
799 2379 902 2468 μηδὲν
922 2371 1019 2470 ἧτταν
1041 2380 1149 2466 βδτῖν,
1171 2402 1299 2465 quorum
1315 2384 1472 2447 verborum

310 2488 487 2551 sententiam
501 2488 573 2550 satis
586 2487 705 2568 planam
720 2505 785 2549 esse
801 2487 938 2550 arbitror.
965 2487 1023 2549 Sed
1038 2488 1133 2551 verius
1147 2495 1248 2549 tamen
1263 2506 1314 2549 eos
1329 2487 1473 2551 iudicasse

312 2596 400 2673 puto,
422 2591 473 2670 qui
495 2590 618 2654 eandem
634 2590 811 2651 sententiam
826 2589 915 2652 etiam
929 2590 1025 2651 verbis
1040 2606 1101 2652 non
1116 2590 1236 2653 mutatis
1252 2590 1374 2653 subesse
1388 2590 1473 2652 rolu-

312 2699 410 2767 ernnt,
432 2693 548 2756 inversa
570 2700 671 2755 tamen
691 2692 859 2755 ioculariter
877 2690 1028 2765 oratione,
1048 2700 1082 2755 ut
1102 2678 1474 2775 praetermitteretur

311 2815 367 2879 pro
398 2815 450 2869 ec,
482 2795 561 2876 quod
591 2795 710 2878 proprie
738 2795 896 2859 dicendum
927 2803 991 2857 erat
1017 2791 1119 2879 μηδὲν
1151 2792 1292 2874 polteo:
1334 2801 1473 2857 muste-

311 2898 365 2961 las
385 2914 459 2960 non
480 2897 602 2958 minus
625 2915 729 2976 quam
751 2905 787 2958 te
807 2915 861 2979 pro
883 2914 956 2959 non
976 2898 1089 2977 magis
1112 2915 1215 2979 quam
1236 2906 1286 2970 te,
1306 2904 1372 2969 aut,
1393 2897 1473 2978 quod

312 3000 423 3063 eodum
438 2999 523 3071 redit,
540 3006 573 3060 te
587 3015 658 3060 non
670 3001 791 3063 minus
807 3018 913 3081 quam
931 3000 1117 3063 mustelas.
1146 3000 1211 3062 Hoc
1224 3018 1316 3079 genus
1331 3001 1474 3064 inversio-

310 3102 357 3166 nis
372 3106 396 3163 ἀ
418 3102 531 3165 comico
551 3119 689 3164 sermone
709 3120 770 3166 non
790 3103 948 3166 abhorrere
968 3104 1097 3178 videtur,
1117 3104 1269 3185 utiturque
1283 3103 1388 3166 eodem
1405 3122 1431 3165 en
1447 3122 1473 3167 c

308 3206 399 3269 ctiam
414 3204 546 3276 Plautus,
562 3204 671 3285 Captis.
686 3205 736 3279 111,
753 3206 783 3280 5,
800 3204 855 3268 80:
876 3223 920 3268 ne
939 3207 1000 3287 qui
1022 3206 1186 3269 deterius
1207 3207 1292 3269 huic
1306 3207 1356 3268 sit
1370 3224 1475 3286 quam

310 3309 369 3371 cui
382 3323 555 3390 pessume
569 3314 639 3381 est,
656 3326 711 3389 pro
726 3326 761 3369 eo
778 3309 858 3389 quod
871 3310 990 3390 proprie
1005 3309 1161 3375 dicendum
1177 3316 1255 3391 erat:
1271 3327 1314 3371 ne
1329 3309 1389 3390 qui
1404 3328 1474 3372 me·

309 3410 382 3474 lins
402 3410 486 3472 huic
505 3410 613 3473 sit-
628 3412 779 3473 autetiam
796 3428 853 3484 ne,
874 3413 932 3474 cui
951 3413 1114 3492 pessimo
1134 3419 1206 3484 est,
1228 3413 1397 3474 deterius
1416 3411 1473 3473 sit

316 3546 359 3559 -
374 3512 487 3586 Quodsi
507 3513 573 3594 quis
593 3520 693 3576 umen
712 3514 744 3575 in
758 3512 847 3576 verbo
868 3507 1087 3598 ἐκποιήσεται
1105 3514 1232 3587 haereat,
1256 3514 1335 3596 quod
1351 3532 1422 3577 sane
1437 3514 1474 3576 dc

309 3616 512 3696 procreatione
534 3615 724 3696 potissimum
745 3615 800 3677 dici
821 3621 945 3687 constat,
961 3615 1064 3696 quidni
1078 3615 1210 3679 dicamus
1224 3626 1343 3699 poetam
1358 3625 1475 3697 praeter

311 3720 544 3801 expectationem
565 3719 721 3792 adiecisse,
741 3719 822 3799 quod
844 3736 906 3780 non
927 3719 1046 3798 quidem
1070 3719 1105 3782 ad
1127 3720 1219 3800 ipsam
1240 3720 1475 3801 procreationem

309 3820 482 3902 pertineret,
497 3820 549 3884 sed
564 3831 644 3883 essct
656 3829 758 3884 tamen
773 3839 841 3883 cum
852 3820 1012 3901 generandi
1023 3828 1090 3884 aotu
1100 3821 1319 3902 quodammodo
1331 3823 1474 3885 coniunc-

313 3919 406 3987 tum?
436 3924 544 3987 Verum
558 3960 599 3971 -
615 3925 740 4006 sapienti
755 3924 815 3987 sat!
894 3967 905 3985 .
1537 4004 1544 4016 .

400 4027 432 4089 V.
449 4028 510 4089 273
526 4027 557 4089 in
571 4027 696 4109 phallica
710 4027 853 4089 cantilena
868 4026 1048 4108 Dicaeopolis
1063 4027 1142 4108 pacis
1157 4027 1274 4092 delicias
1289 4047 1475 4092 commemo-

311 4146 382 4192 rans
398 4130 456 4193 huc
470 4130 561 4192 refert
575 4130 662 4192 etiam
678 4148 766 4209 quam
782 4128 950 4191 delectabile
965 4129 1005 4191 sit

413 4227 471 4315 τήν
491 4226 731 4314 Στρυμοδώρου
756 4227 906 4315 Θρᾷτταν
921 4222 957 4293 ἐκ
978 4227 1038 4293 τοῦ
1060 4227 1202 4317 φελλέως

412 4327 515 4417 μέσην
536 4325 675 4412 λαβόντ’
698 4324 822 4416 δῖραντα
843 4327 1073 4412 καταβαλόντα
1095 4336 1377 4421 καταγιγαρτίσαι.

314 4436 415 4517 quaeri
430 4443 529 4498 autem
545 4443 652 4518 polest,
668 4430 804 4522 φελλεύς
818 4452 929 4500 nomen
943 4444 1042 4498 utrum
1059 4438 1264 4520 appellativum
1279 4439 1318 4502 sit
1329 4455 1367 4501 an
1378 4445 1475 4504 certae
