3164 5138
876 483 922 548 36

804 570 1004 582 -υι-

322 667 440 751 lpngius
465 685 582 729 carmen
607 687 761 730 erasurum
789 669 892 729 luisset
916 686 972 729 nec
996 669 1076 730 facile
1105 676 1202 729 mente
1223 667 1476 748 complectendum

326 761 562 847 (εὐσύνοπτον),
583 770 643 832 sive
658 772 750 850 quod,
770 770 883 831 etiamsi
899 788 1037 832 mensura
1052 770 1214 842 modicum,
1230 770 1365 831 rametate
1380 779 1477 832 umen

323 873 411 933 nimia
426 872 591 934 intricatum
607 873 691 946 foret,
708 878 805 952 (atque
820 872 863 933 sic
877 890 980 933 rursus
1006 889 1068 933 non
1088 863 1307 948 εὐσύνοπτον).
1351 872 1480 951 Apparet

323 974 412 1054 igitur
429 974 559 1035 Homero
585 973 692 1053 ahquid
717 975 842 1054 amplius
867 973 955 1035 tribui
975 982 1089 1053 praeter
1106 974 1226 1035 unitatis
1247 992 1361 1047 curant,
1380 990 1478 1052 quam,

322 1085 434 1137 utnon
454 1076 583 1154 ignotam
602 1075 759 1137 lectoribus
780 1084 808 1137 et
829 1077 886 1137 iam
906 1093 995 1155 supra
1009 1077 1204 1155 praedicatam
1221 1080 1258 1153 (o.
1276 1075 1319 1150 8),
1339 1075 1477 1136 hocloco

322 1178 427 1240 iterum
440 1179 546 1239 diserte
561 1178 785 1238 commemorari
801 1196 862 1239 non
877 1196 997 1239 necesse
1012 1179 1078 1239 luit:
1095 1178 1146 1239 sed
1161 1186 1317 1239 esttamen
1333 1177 1376 1250 id,
1398 1176 1477 1256 quod

322 1298 402 1341 nnnc
416 1281 445 1341 in
459 1299 494 1340 eo
509 1279 651 1353 laudatur,
666 1299 734 1341 cum
749 1280 795 1341 illa
810 1280 928 1341 unitatis
945 1298 1012 1341 cura
1024 1279 1169 1340 artissime
1181 1280 1379 1341 coniunctum.
1403 1277 1478 1338 Nam

322 1389 355 1443 nt
380 1381 491 1460 percipi
519 1381 614 1443 unitas
635 1383 772 1443 carminis
789 1382 824 1444 ab
846 1381 1030 1443 auditoribus
1050 1382 1154 1461 possit
1173 1400 1294 1443 necesse
1319 1388 1364 1442 est
1383 1398 1479 1459 neque

321 1484 439 1563 longius
465 1485 523 1544 hoc
546 1502 625 1557 esse,
650 1503 738 1563 quam
757 1484 836 1565 quod
857 1484 920 1545 sine
945 1484 1077 1545 molestia
1102 1484 1240 1563 cognosci
1262 1491 1357 1545 totum
1384 1489 1479 1562 queat,

321 1603 415 1664 neque
430 1584 518 1647 nimia
532 1603 631 1646 rerum
647 1590 781 1647 varietate
795 1585 956 1664 impletum,
972 1604 1054 1665 quae,
1069 1586 1155 1646 etiam
1172 1585 1197 1645 si
1212 1603 1272 1646 non
1288 1593 1400 1664 pugnet
1411 1602 1478 1644 cum

322 1687 442 1757 unitate,
457 1687 540 1747 facile
554 1696 650 1749 tamen
667 1707 730 1749 eam
753 1687 890 1748 obscuret
909 1695 937 1748 et
956 1688 1063 1748 officiat
1082 1688 1245 1748 intellectui.
1289 1686 1372 1747 llanc
1390 1686 1478 1764 igitur

322 1789 360 1849 ob
375 1807 493 1851 causam
509 1788 655 1851 Homerus
671 1808 757 1852 unam
772 1797 886 1850 tanturn
901 1798 1013 1868 partem
1024 1788 1090 1849 belli
1100 1789 1219 1850 Troiani
1231 1787 1286 1849 sibi
1298 1788 1479 1850 tractandam

321 1890 495 1971 sumpsisse,
510 1892 545 1952 de
561 1891 663 1952 ceteris
679 1900 776 1953 autem
791 1890 921 1970 episodia
937 1891 1048 1971 passim
1063 1889 1222 1952 internisse
1237 1874 1353 1952 dicitur:
1370 1892 1428 1951 νῦν
1443 1882 1481 1950 δὲ

323 1983 359 2054 ἓν
379 1986 477 2073 μέρος
499 1984 681 2073 ἀπολαβών
703 1985 912 2067 ἐπεισοδίοις
934 1988 1088 2076 κέχρηται
1109 1984 1210 2053 calceri
1236 1987 1384 2067 πολλοῖς,
1408 1977 1481 2053 οἷον

321 2090 402 2155 νεῶν
426 2088 598 2178 καταλόγῳ
623 2088 681 2155 καὶ
708 2085 820 2169 ἄλλοις
844 2086 1067 2169 ἐπεισοδίοις,
1095 2081 1146 2167 οἷς
1172 2087 1395 2174 διαλαμβάνει
1421 2087 1482 2175 τὴν

320 2188 467 2279 ποίησιν.
513 2197 713 2275 opponuntur
737 2197 840 2257 deinde
860 2196 989 2257 Homero
1010 2196 1096 2257 ceteri
1114 2205 1231 2275 poetae:
1269 2186 1302 2256 οὶ
1324 2186 1356 2255 δ’
1382 2185 1480 2255 ἄλλοι

320 2292 400 2379 περὶ
423 2290 479 2358 ἕνα
501 2296 651 2374 ποιοῦσι,
674 2292 731 2358 καί
753 2293 832 2380 περὶ
855 2292 913 2359 ἕνα
933 2291 1055 2381 χρόνον,
1078 2293 1135 2358 καί
1156 2289 1236 2377 μίαν
1262 2291 1387 2379 πρᾶξιν
1415 2316 1481 2359 πο-

320 2395 452 2482 λυμερῆ,
479 2385 550 2461 οἷον
577 2391 595 2461 ὁ
621 2395 665 2459 σοὶ
691 2392 829 2481 Κύπρια
855 2394 1004 2481 ποιήσας
1029 2394 1086 2460 καί
1111 2394 1170 2482 τὴν
1194 2392 1317 2481 μικρὰν
1339 2389 1480 2459 Ἰλιάδα.

320 2500 355 2561 ln
370 2499 417 2561 his
432 2500 500 2580 quid
516 2501 554 2562 sit
575 2495 654 2582 περὶ
669 2493 725 2562 ἕνα
741 2500 861 2578 ποιεῖν,
876 2518 937 2562 non
951 2500 1110 2563 obscurum
1120 2510 1178 2562 cst:
1194 2501 1386 2581 designantur
1401 2500 1480 2562 enim

321 2601 372 2674 illi,
393 2602 554 2681 dequibus
574 2621 637 2681 cap.
659 2601 677 2662 8
697 2601 808 2664 dictum
828 2610 887 2677 est,
904 2596 979 2665 ὅσοι
1005 2605 1071 2665 τιῦν
1097 2598 1246 2685 ποιητῶν
1269 2593 1482 2688 Ἡρακληίδα

320 2699 377 2764 καί
408 2699 561 2788 Θησηΐδα
587 2699 645 2765 καὶ
674 2699 717 2765 τοὶ
743 2705 884 2765 τοιαῦτα
910 2699 1084 2788 ποιήματα
1115 2697 1340 2787 πεποιήκασι,
1373 2705 1481 2785 quibus

320 2806 506 2880 carminibus,
522 2825 611 2886 quum
627 2806 750 2867 varietas
767 2825 866 2867 rerum
881 2806 960 2867 nubo
975 2806 1090 2868 interno
1105 2806 1220 2867 vinculo
1235 2805 1406 2882 cohaereat,
1427 2807 1481 2869 sed

320 2927 354 2968 eo
368 2916 480 2970 tanturn
493 2916 690 2979 connectatur,
704 2908 783 2987 quod
794 2908 882 2969 unius
894 2907 1023 2969 hominis
1035 2926 1081 2969 res
1094 2916 1171 2983 sunt,
1183 2926 1280 2969 reram
1293 2916 1322 2968 et
1332 2909 1482 2988 poeticam

319 3010 461 3072 unitatem
481 3011 583 3072 deesse
603 3019 731 3090 apparet
773 3010 831 3071 Sed
851 3010 888 3071 de
906 3011 1048 3089 proximis
1068 3011 1163 3072 verbis
1184 3009 1331 3088 ambigere
1351 3013 1482 3073 sortasse

320 3112 422 3191 aliquis
437 3112 541 3192 possit,
557 3120 654 3173 utrum
671 3111 873 3192 coniungenda
883 3112 943 3173 sint
954 3112 984 3173 in
995 3114 1075 3175 hunc
1085 3113 1215 3185 modurn,
1229 3120 1262 3173 ut
1272 3120 1378 3192 poetae
1390 3114 1480 3175 unius

319 3216 462 3293 temporis
479 3214 622 3276 actionem
639 3232 727 3275 unam
743 3215 793 3291 sed
809 3215 998 3294 multiplicem
1014 3222 1136 3276 tractare
1151 3215 1296 3289 dicantur,
1316 3234 1352 3276 an
1375 3224 1483 3277 contra

320 3316 377 3389 sic,
404 3325 436 3376 ut
455 3316 500 3376 alii
515 3316 586 3388 sint,
613 3316 672 3396 qui,
691 3336 764 3396 quae
783 3335 843 3376 uno
864 3317 1005 3396 temporis
1025 3318 1120 3397 spatio
1135 3317 1296 3389 evenerint,
1319 3327 1481 3398 propterea

272 3433 300 3482 11
320 3418 407 3479 etiarn
427 3418 580 3496 complecti
600 3418 698 3477 omnia
722 3418 808 3479 velint
826 3417 1006 3480 necessariae
1025 3428 1075 3480 aut
1088 3419 1248 3497 probabilis
1273 3438 1375 3479 rerum
1402 3421 1481 3481 inter

319 3540 351 3580 se
366 3519 565 3580 cohaerentiae
580 3536 682 3596 parurn
699 3519 816 3593 curiosi,
832 3556 873 3565 —
893 3521 1142 3599 quemadmodum
1163 3520 1259 3601 paullo
1275 3528 1343 3582 ante
1363 3541 1427 3582 non
1443 3523 1480 3583 εδ

318 3621 505 3681 historiarum
527 3621 619 3682 instar
642 3629 777 3701 poemata
797 3622 885 3683 scribi
905 3621 1009 3683 dehere
1029 3622 1156 3695 monuit,
1177 3658 1218 3667 -
1233 3623 1280 3684 alii
1294 3632 1407 3699 autem,
1428 3624 1479 3704 qui

317 3741 406 3784 unam
421 3723 538 3802 quidem
554 3724 709 3797 actionem,
724 3724 775 3785 sed
791 3742 855 3785 eam
870 3723 1068 3804 multiplicem,
1084 3720 1275 3808 (πολυμερῆ)
1294 3734 1479 3804 proponant.

316 3825 380 3886 lloc
394 3824 471 3886 haud
491 3824 577 3887 dubie
592 3843 692 3887 rerum
714 3835 771 3900 est;
793 3825 937 3905 siquidem
957 3826 987 3886 in
1007 3826 1093 3889 unius
1116 3826 1256 3906 temporis
1277 3826 1395 3889 actione
1419 3847 1480 3890 una

316 3926 468 4007 multiplici
482 3945 543 3988 non
558 3937 635 3988 certe
649 3927 719 3988 illud
734 3927 908 4005 reprehendi
922 3934 1030 4007 potest,
1045 3928 1125 4007 qnod
1139 3928 1227 3989 unius
1241 3930 1401 4007 temporis,
1425 3931 1479 3991 sed

316 4030 374 4090 boc
394 4038 519 4103 tantum,
540 4029 618 4109 quod
639 4028 788 4108 multiplex
808 4028 854 4090 sit.
899 4029 973 4090 Nam
992 4030 1028 4090 ad
1049 4028 1172 4091 actionis
1187 4030 1328 4092 unitatem
1345 4032 1370 4091 si
1387 4033 1481 4093 etiam

316 4129 458 4210 temporis
485 4132 581 4194 unitas
600 4130 722 4203 accedit,
748 4130 777 4192 id
797 4129 873 4191 laudi
892 4131 991 4211 potius
1012 4150 1100 4210 quam
1114 4132 1183 4193 vitio
1208 4133 1380 4194 vertendum
1409 4152 1481 4195 esse

315 4242 445 4314 apparet.
479 4233 580 4314 Neque
599 4232 773 4313 requirenda
794 4242 840 4295 est
858 4233 1038 4314 praepositio
1054 4227 1133 4315 περί
1152 4242 1218 4296 ante
1231 4226 1312 4314 μίαν
1333 4229 1478 4315 πρᾶξινε

313 4354 381 4397 nam
396 4356 430 4397 ea
445 4334 607 4396 necessaria
624 4334 678 4396 luit
692 4334 770 4413 apud
791 4328 847 4396 ἕνα
868 4330 982 4419 χρόνον
996 4344 1047 4397 aut
1062 4328 1119 4397 ἕνα
1139 4327 1355 4421 (ἄνθρωπον),
1377 4356 1479 4417 quan-

313 4438 469 4518 doquidem
492 4446 578 4519 poeta
601 4454 664 4499 non
683 4436 781 4519 ipsum
801 4447 919 4518 tempus
935 4446 986 4500 aut
997 4438 1097 4518 ipsum
1113 4438 1265 4503 hominem
1283 4439 1400 4503 ποιεῖν
1419 4441 1481 4505 dici
