3154 5138
680 424 742 488 329

130 616 257 679 ceddam
270 613 360 688 acie,
375 625 404 678 et
415 616 447 677 td
459 615 589 677 mceime
603 612 731 674 hibernis
744 612 814 693 fieri
827 611 1012 693 ramponem,
1028 613 1105 694 peod
1117 631 1226 694 nopae
1240 617 1285 677 ete

130 718 236 780 colom
250 729 347 781 terrm
363 720 497 780 cavernis
512 719 703 787 contineater,
719 733 807 797 cepoe
822 714 912 777 diens
926 719 963 777 rit
976 715 1101 790 dmnor,
1117 715 1152 777 od
1168 732 1286 797 compca

128 839 248 883 mam
262 821 391 884 cederem
403 823 524 882 detritam
536 822 569 880 io
584 822 670 880 terris
685 822 829 880 contineat
839 820 972 881 ereti'cec.
1005 817 1152 893 Videmus,
1168 820 1285 901 opinor,

127 924 183 986 hoe
198 932 330 998 tanturn,
352 941 457 1003 aquam
473 940 507 983 ex
523 920 619 1002 puteis
639 920 759 982 calidam
780 920 870 996 trahi,
891 939 964 1001 quae
977 929 1075 983 antem
1095 940 1183 984 causa
1197 921 1284 986 huius

16 1036 20 1051 ¹
127 1025 167 1087 rei
181 1026 234 1101 sit,
256 1023 391 1087 neniam
406 1023 553 1099 ridemus,
568 1022 598 1085 h.
613 1042 639 1083 e.
654 1040 746 1084 sensu
760 1021 947 1102 percipimus,
963 1023 1015 1085 sed
1030 1022 1145 1086 aliunde
1159 1024 1286 1088 sonasse

129 1136 316 1209 compertum
331 1127 474 1189 habentus
488 1125 609 1207 physica
623 1124 744 1186 ratione.
788 1123 949 1186 Peccarnnt
963 1124 1059 1205 itaque
1074 1125 1197 1201 fibrarii,
1212 1145 1284 1189 con·

127 1231 273 1293 iunetiros
301 1234 496 1300 contineater,
523 1232 574 1300 eit,
602 1231 744 1290 comireect
763 1226 938 1303 scribentes,
963 1229 1046 1308 quasi
1072 1230 1144 1293 haec
1168 1248 1286 1311 qnoque

127 1333 261 1396 membra
277 1332 466 1413 penderenta
481 1330 570 1393 verbo
588 1331 731 1405 videmos,
750 1338 885 1411 recteque
903 1331 970 1392 fecit
989 1331 1172 1395 Heindortius
1189 1350 1280 1414 quum
1299 1341 1314 1391 t

127 1435 303 1498 indicativos
314 1435 446 1510 restitnit,
460 1434 526 1498 licet
540 1434 647 1495 horum
663 1449 755 1494 unam
769 1433 987 1507 tantummodo,
1007 1437 1182 1506 camdeno,
1202 1435 1285 1497 codi-

127 1556 194 1600 cnm
215 1537 302 1618 Glog.
322 1547 352 1599 et
370 1538 498 1600 duorum
516 1537 750 1599 Moserianomm
770 1535 926 1598 auctoritas
950 1536 1061 1610 firmet,
1080 1536 1216 1611 alterum,
1241 1538 1285 1619 fit,

127 1640 202 1702 dnae
216 1648 334 1702 tantum
351 1648 461 1703 veteres
476 1640 628 1712 editiones,
637 1636 724 1701 diarsi
739 1646 768 1699 et
782 1638 944 1713 Thanneri,
959 1638 1076 1702 tertium
1092 1647 1199 1714 samm,
1214 1658 1285 1702 core

128 1746 205 1816 ta‘net,
221 1743 321 1805 nullus
335 1743 410 1806 liber
425 1744 534 1805 oderat
579 1743 685 1803 Verum
704 1740 736 1802 in
754 1741 924 1803 huiusmodi
943 1759 975 1802 re
993 1759 1056 1803 non
1074 1741 1218 1805 librorum
1232 1761 1287 1805 aa·

127 1846 278 1908 ctoritates
294 1846 346 1907 sed
361 1846 482 1908 rationis
498 1852 647 1906 momenta
661 1845 818 1924 spectanda
834 1852 912 1919 sunt,
925 1862 1021 1925 neque
1035 1863 1091 1924 ege
1105 1862 1185 1908 nnnc
1199 1846 1285 1926 quid·

129 1967 215 2029 qnam
237 1949 365 2029 amplius
384 1949 420 2010 de
439 1948 575 2011 hocloco
592 1947 732 2022 dicerem,
751 1947 808 2009 nisi
827 1966 875 2009 me
896 1956 1025 2010 moveret
1044 1948 1125 2009 Bakii
1143 1949 1286 2028 quaedam

128 2051 279 2114 adnotatio
295 2051 330 2113 ad
346 2051 377 2113 C.
395 2053 430 2114 de
445 2051 532 2131 Legg.
552 2052 580 2125 t,
596 2053 625 2125 4,
645 2050 682 2110 tn
697 2068 728 2131 p.
745 2049 817 2111 301.
860 2049 934 2111 Nem
953 2051 1032 2130 qnod
1046 2050 1180 2112 Moserus
1194 2050 1225 2111 in
1239 2050 1285 2113 ed.

128 2154 208 2230 min,
223 2172 318 2235 quum
333 2154 409 2216 dnos
423 2153 625 2215 coniunctires
640 2153 805 2233 corrigeret,
819 2152 937 2214 tertium
948 2160 1055 2227 tamen,
1071 2156 1224 2225 condocet,
1239 2152 1286 2214 in·

14 2292 15 2297 1
129 2266 238 2319 mum
258 2256 387 2337 reliquit,
408 2255 488 2318 nudo
508 2254 628 2329 iudicio,
654 2257 706 2319 sed
725 2274 808 2318 mero
828 2272 941 2327 errore,
961 2263 991 2316 et
1009 2256 1138 2336 permira
1159 2254 1285 2335 quidem,

130 2360 240 2421 tadnm
260 2369 315 2421 est
359 2359 465 2421 Bakius
488 2367 600 2433 antem,
618 2360 738 2422 servatis
757 2358 895 2420 omnibns
915 2357 1119 2432 coniunctim,
1133 2377 1188 2439 pro
1204 2366 1284 2421 certo

14 2484 15 2529 i
128 2462 263 2534 affirmat,
278 2478 445 2541 pronomen
460 2481 549 2543 eapite
562 2480 625 2524 non
636 2462 673 2524 ad
684 2470 800 2537 terrem,
814 2478 851 2523 ne
862 2479 916 2541 per
926 2460 1143 2540 grammaticam
1158 2461 1284 2542 quidem,

129 2582 218 2644 posse
233 2565 350 2638 reterri,
369 2565 420 2626 sed
440 2565 476 2627 ad
494 2565 554 2626 rim
574 2565 690 2640 caloris,
709 2583 783 2644 quae
804 2563 898 2624 hieme
917 2563 1037 2625 densior
1056 2564 1085 2625 h.
1106 2584 1131 2625 e.
1147 2564 1286 2627 intentior

129 2685 193 2727 esse
207 2666 333 2728 dicatur.
375 2667 476 2747 Atqui,
499 2675 533 2729 ut
550 2686 617 2729 vera
632 2667 670 2729 sit
684 2666 756 2729 haec
770 2665 984 2746 interpretatio,
999 2665 1089 2728 nihilo
1105 2667 1197 2745 magis
1212 2686 1286 2729 con-

129 2768 248 2831 innctiri
262 2767 311 2829 isti
327 2769 437 2830 terendi
452 2779 550 2844 erunt,
572 2777 693 2850 propter
707 2768 845 2843 eandem,
865 2786 952 2848 qnam
972 2767 1069 2848 paullo
1089 2777 1157 2830 ante
1170 2787 1285 2832 merne-

129 2872 202 2946 ravi,
235 2870 389 2933 rationem.
433 2873 486 2934 Est
510 2880 607 2934 antem
626 2872 824 2953 interpretatio
849 2871 927 2951 ipsa,
947 2888 1013 2931 meo
1034 2870 1151 2951 quidem
1169 2870 1287 2947 indicio,

130 2972 360 3053 perversissima.
404 2974 520 3056 Quippe
545 2974 712 3037 densiorem
737 2974 813 3036 illam
835 2993 859 3035 s.
881 2973 1089 3036 condensatam
1108 2973 1167 3035 vim
1182 2973 1286 3038 caloris

131 3094 231 3137 vereor
247 3083 280 3137 ut
293 3074 460 3139 Stoicorum
476 3077 595 3159 physica
614 3084 764 3157 agnoscat,
785 3094 858 3157 qnae
878 3095 969 3158 quum
983 3076 1088 3139 caloris
1103 3094 1222 3140 cansam
1237 3097 1286 3141 ae-

133 3177 212 3240 thera
225 3196 293 3239 esse
307 3178 462 3254 staureret,
473 3199 508 3241 ex
528 3179 615 3242 huius
630 3188 729 3242 autem
748 3179 978 3242 condensatione
996 3197 1090 3240 aerem
1107 3179 1208 3257 fieri³)
1237 3181 1287 3261 qm

25 3358 27 3387 s
133 3279 255 3360 frigidus
269 3287 314 3341 est
335 3281 408 3359 (rid.
429 3300 502 3362 quae
521 3282 604 3344 citavi
619 3283 655 3344 ad
670 3283 710 3355 Π,
729 3281 780 3356 10,
796 3281 845 3343 27.
863 3280 917 3356 33,
934 3282 1002 3359 84),
1018 3281 1143 3345 calorem
1159 3299 1286 3363 quoqne,

24 3396 25 3407 ¹
132 3402 189 3463 qno
206 3382 391 3461 densiorem,
405 3402 440 3444 eo
455 3383 533 3446 haud
549 3384 637 3446 dubie
651 3385 811 3459 minorem,
830 3401 892 3447 non
912 3393 1009 3447 numm
1023 3385 1211 3447 intentiorem
1225 3386 1287 3447 deri

132 3486 236 3548 dehere
251 3485 368 3549 diceret
406 3485 491 3560 Quod
507 3494 604 3549 autem
618 3497 704 3568 negat
717 3488 834 3571 Baiias,
849 3505 938 3569 capue
952 3486 988 3548 ad
1001 3494 1106 3550 terram
1120 3488 1221 3551 reterri
1235 3506 1289 3568 per

131 3587 350 3669 grammaticam
365 3606 469 3669 posse:
486 3607 572 3669 qnam
588 3590 635 3651 iiie
651 3589 728 3653 dieat
742 3587 961 3670 grammaticam
972 3588 1084 3663 neseio,
1100 3589 1158 3651 nisi
1172 3590 1231 3652 hoe
1243 3590 1287 3652 ri-

14 3710 16 3755 t
131 3691 196 3765 deo,
212 3708 276 3754 nen
297 3690 386 3753 nimis
401 3692 498 3770 magni
513 3710 577 3754 eam
592 3692 802 3756 aestimandam
818 3711 896 3768 esse,
911 3709 999 3771 quae,
1014 3710 1106 3772 quum
1120 3691 1190 3755 iilud
1206 3699 1288 3766 vetet,

132 3795 260 3873 patiatur
275 3802 373 3855 tamen
387 3791 556 3857 Ciceronem
572 3794 616 3858 sio
629 3795 724 3876 loqui,
740 3804 772 3858 nt
786 3814 923 3875 magnam
937 3795 996 3857 dm
1010 3794 1124 3865 caloris,
1140 3813 1213 3875 qnae
1227 3803 1288 3858 ter·

130 3914 180 3959 rae
196 3897 329 3959 caremis
346 3896 538 3969 contineatur,
557 3898 723 3961 densiorem
743 3899 805 3961 tieri
821 3899 1004 3979 caloremque
1022 3898 1143 3961 insitum
1158 3897 1188 3960 in
1200 3898 1288 3960 terris

129 3999 241 4062 arctim
257 3998 408 4060 continere
423 3999 507 4061 dicat.
536 4000 649 4082 Nempe
663 4020 772 4083 mappa
784 4005 829 4063 vis
844 4001 951 4063 coloris
964 4000 1036 4063 nihii
1050 4001 1126 4063 alind
1141 4008 1186 4063 est
1200 4018 1288 4081 mam

14 4098 15 4101 ’
123 4100 386 4186 pammcator.
429 4100 528 4183 Itaque
547 4103 626 4166 mlor
644 4105 690 4167 ille
703 4106 848 4186 plurimus
863 4112 893 4166 et
906 4102 1104 4166 conenebitnr
1117 4104 1182 4185 ipse
1198 4112 1290 4168 terrae

127 4204 263 4270 crimnis
279 4201 354 4265 etin
370 4201 430 4277 his,
448 4203 474 4265 si
490 4204 545 4266 diis
559 4206 666 4286 placet,
682 4208 802 4270 densior
816 4208 878 4281 det,
899 4196 1182 4287 qunmpoe'dansior
1196 4206 1288 4269 tactas

197 4436 224 4503 3)
243 4434 275 4488 cf.
290 4434 366 4488 odd
379 4431 441 4484 Met.
454 4430 513 4498 XV,
525 4430 588 4482 250:
601 4429 675 4499 ignia
686 4436 753 4484 mdia
764 4430 874 4485 maon
884 4434 1014 4500 speratae
1025 4433 1052 4482 r'n
1063 4444 1127 4482 aare
1137 4430 1239 4482 ίνωιείἐ.
