3164 5138
675 408 716 472 73

600 498 798 510 ---—-—--

115 619 145 663 ea
163 596 288 662 11331133
307 597 489 679 logaoediois
510 596 660 677 dupliciter
678 599 824 682 dactylicis
842 601 995 684 dupliciter
1019 603 1176 668 trochaicis
1197 612 1275 668 cata-

117 699 234 773 lecticis,
248 699 357 762 tertius
371 701 557 782 compositus
568 722 602 765 ex
616 704 722 765 eode'm
737 703 904 782 logaoedico
920 724 986 768 oum
1003 707 1075 769 dact
1091 716 1273 789 pentametro

121 803 283 866 catalectico
298 801 331 865 iu
345 804 532 885 disyllabum,
547 814 580 868 ut
593 806 705 868 maiore
719 826 786 869 curn
801 807 912 888 impetu
924 810 1041 890 longius
1057 813 1209 892 superiore
1223 831 1273 873 er·

121 915 226 979 currat,
248 907 278 968 id
302 908 382 986 quod
399 907 487 970 nohis
507 928 523 970 3
541 918 627 989 33313
648 909 801 990 aptissimo
819 920 848 973 31
865 910 970 977 eximia
997 932 1066 974 oum
1085 922 1146 976 arte
1165 917 1273 1013 laptum

9 1096 11 1109 Ι
122 1029 184 1071 esse
202 1009 328 1072 31113133.
346 1045 390 1056 -
405 1011 441 1073 13
460 1012 597 1090 proximo
619 1031 705 1074 versu
724 1014 802 1092 quod
818 1014 933 1076 codices
952 1017 1080 1078 ollerunt
1094 1007 1275 1100 ἀθάμβησε

9 1134 11 1153 ³
123 1123 297 1193 corruptum
322 1133 388 1176 esse
417 1124 550 1196 apparet,
577 1116 800 1196 repositamque
827 1117 857 1177 in
883 1118 945 1180 eius
974 1118 1071 1181 locum
1101 1111 1276 1204 ἑθάμβησε

121 1219 261 1284 333133
282 1217 390 1280 miticis
409 1219 593 1298 repudiatum
613 1227 667 1281 est.
711 1219 811 1301 Neque
831 1240 902 1282 vero
928 1213 1138 1307 ἀθομβεΐησι
1162 1223 1276 1304 placere

122 1334 233 1407 potest,
270 1324 352 1405 quod
389 1324 575 1385 llermannus
609 1323 775 1404 rescripsit,
810 1332 860 1385 aut
895 1315 1161 1412 ἀθαμβοσάνησι,
1195 1328 1274 1406 quod

120 1431 274 1493 llritlerrrm
301 1428 462 1490 coniecisse
480 1426 719 1489 Schneidewinus
745 1436 963 1490 commemorat.
998 1427 1073 1490 Nam
1099 1448 1159 1491 non
1179 1431 1275 1491 solum

121 1535 213 1597 leuius
230 1540 277 1595 est
292 1551 347 1613 pro
362 1532 404 1593 rei
424 1531 591 1593 conditione
605 1529 791 1601 uocabulum,
815 1530 866 1591 sed
886 1549 1010 1612 prorsus
1030 1531 1116 1593 etiam
1135 1532 1276 1612 ineptum,

122 1640 156 1700 de
169 1636 299 1700 nurnine
313 1642 504 1715 praepotente
517 1641 546 1695 et
564 1632 609 1695 cui
629 1632 701 1695 nihil
715 1650 778 1694 non
796 1640 908 1711 pareat,
925 1633 984 1695 hoc
1002 1634 1177 1714 praedicari,
1197 1628 1275 1715 quod

121 1741 154 1803 ah
168 1741 285 1820 impetu
300 1738 331 1799 in
345 1739 496 1799 hominem
510 1737 640 1798 iaciendo
652 1736 732 1798 nullo
748 1755 781 1797 se
797 1743 917 1815 stupore
927 1746 977 1800 aut
992 1747 1103 1799 terrore
1114 1738 1276 1818 praepediri

121 1846 206 1906 sinet
228 1842 306 1903 Nam
317 1840 389 1902 nihil
404 1838 481 1902 aliud
497 1841 527 1902 in
541 1838 630 1902 verho
645 1829 820 1922 ἀθαμβείη
835 1839 940 1911 inesse,
956 1841 980 1902 si
992 1841 1051 1902 ucri
1063 1860 1127 1902 esse
1139 1841 1277 1914 volemus,

121 1947 202 2009 lateri
218 1943 401 2008 debebimus.
430 1943 548 2023 ilequin'
562 1952 658 2006 autem
674 1942 760 2003 nohis
775 1942 888 2003 videtur
898 1943 1067 2005 adiectivum
1083 1943 1207 2023 aliquod,
1218 1964 1276 2024 quo

121 2052 247 2131 mytilus,
274 2049 381 2122 dmm,
405 2051 524 2109 r'mma'tr's
542 2046 635 2111 Amor
656 2046 781 2117 dicotur,
808 2045 891 2125 quale
909 2044 1005 2125 aptius
1025 2045 1136 2108 nullum
1157 2047 1277 2108 inueniri

121 2173 211 2234 posse
227 2169 384 2214 censemus
400 2169 486 2229 33333
504 2141 681 2234 ἀστεμφής,
704 2148 783 2229 qnod
806 2156 835 2209 et
851 2147 962 2209 litteras
982 2146 1105 2210 intuenti
1120 2167 1181 2210 non
1197 2169 1278 2228 mag-

121 2274 235 2336 nopere
253 2255 291 2316 ab
315 2254 365 2315 illo
382 2245 563 2337 ἀθάμβησε
582 2253 741 2315 abhorrere
760 2261 894 2332 apparet,
910 2259 938 2311 et
954 2251 1104 2330 quomodo
1119 2251 1149 2312 in
1166 2242 1279 2330 ἀθαμ-

9 2436 10 2445 η
120 2352 191 2441 plaja,
218 2356 303 2418 unde
326 2374 431 2417 rursus
459 2345 641 2438 ἀθάμβησε
662 2354 763 2428 extitit,
788 2360 932 2416 mutatum
953 2353 1004 2427 sit,
1030 2352 1173 2415 rationem
1193 2354 1278 2415 nohis

122 2461 248 2522 reddere
267 2477 361 2538 posse
378 2457 519 2519 videmur.
563 2456 677 2519 Scilicet
695 2456 788 2519 rarius
810 2464 838 2518 et
857 2456 956 2518 miuus
982 2464 1085 2518 notum
1106 2458 1278 2520 vocabulum

119 2561 294 2642 glossemati
310 2560 398 2621 cessit
411 2560 447 2621 ad
462 2559 665 2639 explicandum
681 2560 828 2639 apposito,
845 2559 943 2641 inepto
959 2559 1078 2639 quidem
1093 2560 1132 2622 illi
1146 2558 1177 2621 in
1191 2560 1278 2623 huius

9 2682 10 2689 ¹
120 2666 175 2728 loci
190 2671 343 2729 contexto
360 2665 411 2724 sed
428 2663 507 2743 quod
521 2662 692 2724 tralaticium
709 2663 801 2725 luisse
812 2663 973 2743 Hesychius
989 2663 1124 2737 ostendit,
1136 2664 1233 2725 tomi
1249 2682 1278 2743 p.

9 2746 10 2797 1
121 2768 184 2831 582
200 2759 387 2849 ἀστεμβής·
411 2757 580 2850 despicula,
596 2755 768 2847 ἀτάραχος.
813 2767 849 2827 Et
864 2767 982 2828 luerunt
995 2765 1072 2827 haud
1094 2764 1179 2827 dubie
1197 2765 1279 2826 multi

9 2880 10 2907 ³
120 2872 306 2951 scriptorum
321 2869 387 2942 loci,
402 2869 432 2930 in
448 2888 523 2948 quos
538 2869 611 2930 haec
624 2868 773 2948 explicatio
790 2869 951 2949 quadraret,
968 2877 996 2931 et
1016 2859 1182 2952 ἀστεμβής
1203 2877 1281 2930 recte

120 2974 176 3036 ud
191 2979 302 3053 posset
320 2971 399 3032 idem
419 2978 504 3050 atque
525 2960 687 3053 ἀθομβής
708 2970 751 3031 331
766 2960 930 3054 ἀταραχος
944 2989 1024 3044 esse;
1043 2989 1144 3032 verum
1160 2972 1279 3051 propria

118 3074 338 3155 significatione
351 3072 438 3152 longe
453 3072 529 3135 aliud
544 3079 603 3145 cst,
619 3090 713 3151 neque
728 3072 874 3135 diversum
890 3068 926 3134 ab
946 3063 1129 3158 ἀστεμφής,
1149 3073 1279 3135 eiusdem

118 3179 224 3259 stirpis
240 3173 393 3247 vocabulo,
408 3175 486 3255 quod
502 3175 538 3237 ob
554 3174 620 3254 ipso
635 3173 779 3256 Hesychio
796 3176 952 3255 explicatur
973 3169 1105 3258 τραχύς,
1128 3170 1280 3254 χαλεπός,

119 3271 286 3363 ἀκίνητος.
335 3275 477 3338 Nimirum
505 3267 672 3359 ἀστεμβής
692 3296 715 3338 s.
739 3267 910 3362 ἀστεμφής
931 3277 1051 3357 proprie
1073 3286 1119 3339 est
1137 3282 1280 3350 33313133,

117 3390 150 3445 ut
165 3380 248 3461 apud
264 3378 427 3441 Homerum
441 3378 519 3439 iliad.
535 3377 582 3451 111,
599 3377 674 3439 219:
691 3373 860 3462 σκῆπτρον
874 3370 1040 3464 ἀστεμφὲς
1056 3371 1181 3459 ἔχεσκε,
1202 3381 1281 3460 quod

118 3484 222 3548 solsol.
244 3481 316 3543 133.
332 3482 364 3543 A.
379 3491 408 3543 et
422 3480 554 3543 Eustath.
577 3481 721 3560 explicant
744 3470 918 3566 ἀστρεφές,
941 3472 1185 3566 ἀμετακίνητον,
1209 3482 1279 3545 (133-

117 3596 245 3667 tumque
258 3603 328 3647 esse
342 3584 474 3646 docento
491 3577 633 3663 στέμβω,
648 3601 759 3654 moveo,
776 3586 915 3657 concutio,
933 3584 968 3645 cl.
980 3583 1105 3664 Etpmol.
1118 3585 1154 3646 hl.
1166 3605 1196 3665 p.
1213 3585 1280 3657 158,

117 3688 169 3752 30.
200 3687 276 3750 lnde
291 3685 426 3748 etiamad
442 3684 571 3746 animum
588 3686 718 3758 relertur,
732 3693 766 3746 ut
780 3684 857 3747 lliad.
873 3684 906 3759 ll,
922 3684 997 3747 344:
1014 3677 1096 3763 ἔχων
1111 3678 1283 3771 ἀστεμφέα

116 3784 307 3875 3933131313.
334 3808 359 3849 e.
386 3777 634 3871 ἀμετακίνητον,
658 3778 806 3867 βεβαίαν,
829 3795 862 3849 31
886 3786 960 3868 expl.
985 3788 1082 3850 Schol.
1106 3786 1175 3850 Ven.
1198 3790 1231 3851 Β.
1254 3799 1282 3852 31

116 3891 254 3954 Eustatla.
298 3889 392 3951 Porro
416 3889 554 3959 13313133,
583 3888 789 3960 13333331ἰὶ3,
818 3892 948 3961 immitis,
979 3899 1010 3952 ut
1035 3891 1065 3953 in
1091 3892 1280 3953 Anacreontis

119 3993 287 4072 fragmento
309 4009 355 4071 33.
380 3989 478 4052 Schoh
498 3990 568 4051 1133.
583 3988 617 4050 A.
640 3992 676 4052 ad
698 3990 778 4052 iliad.
801 3990 848 4066 111,
870 3992 946 4054 219:
968 3990 1007 4056 σύ
1030 3989 1090 4077 γὰρ
1112 3981 1150 4079 ἧς
1172 3986 1280 4076 ἔμοιγ’
1298 4006 1314 4056 9

9 4160 11 4177 5
121 4084 304 4180 ἀστεμφής.
339 4091 434 4155 Etiam
454 4099 558 4172 333133
580 4090 716 4155 insuaves
739 4100 768 4154 ot
790 4093 855 4157 duri
871 4087 1050 4180 ἀστεμφοῖς
1071 4090 1129 4158 καὶ
1148 4091 1281 4179 σκληροὶ

9 4190 11 4289 η
122 4194 260 4257 dimntur
286 4195 322 4257 ab
344 4193 541 4273 Aristophane
565 4193 642 4273 apud
670 4195 849 4257 Athenaeum
876 4195 939 4276 13.
968 4196 1067 4260 311οε
1097 4191 1154 4259 τὸν
1178 4186 1282 4279 Ἀθη-

125 4288 224 4357 ναίων
245 4292 351 4381 δῆμον
373 4286 450 4358 olivo
474 4293 630 4379 ποιηταῖς
652 4288 802 4379 ἥδεσθαι
822 4293 974 4382 σκληροῖς
997 4294 1055 4360 καὶ
1081 4290 1284 4381 ἀστεμφέσιν

26 4436 36 4563 q
126 4389 198 4461 οὔτε
210 4392 399 4483 Προμνίοις
421 4391 609 4481 σκληροῖσιν
630 4388 744 4473 οἴνοις.
778 4399 908 4480 lienique
921 4399 951 4462 io
966 4399 1082 4463 Doridis
1096 4398 1204 4462 Elaitae
1217 4414 1282 4458 uer-
