<?xml version="1.0" encoding="UTF-8"?>
<!DOCTYPE html PUBLIC "-//W3C//DTD XHTML 1.0 Transitional//EN"
    "http://www.w3.org/TR/xhtml1/DTD/xhtml1-transitional.dtd">
<html xmlns="http://www.w3.org/1999/xhtml" xml:lang="en" lang="en">
 <head>
  <title>
</title>
<meta http-equiv="Content-Type" content="text/html;charset=utf-8" />
  <meta name='ocr-system' content='tesseract 3.04.00' />
  <meta name='ocr-capabilities' content='ocr_page ocr_carea ocr_par ocr_line ocrx_word'/>
</head>
<body>
  <div class='ocr_page' id='page_1' title='image "./opusculaacademi00schogoog_0464.png"; bbox 0 0 3266 5140; ppageno 0'>
   <div class='ocr_carea' id='block_1_1' title="bbox 216 1342 1277 1442">
    <p class='ocr_par' dir='ltr' id='par_1_1' title="bbox 216 1342 1277 1442">
     <span class='ocr_line' id='line_1_1' title="bbox 216 1342 1277 1442; baseline 0.005 -7"><span class='ocrx_word' id='word_1_1' title='bbox 216 1345 276 1435; x_wconf 81' lang='lat' dir='ltr'><strong>lili</strong></span> <span class='ocrx_word' id='word_1_2' title='bbox 307 1342 527 1440; x_wconf 81' lang='lat' dir='ltr'><strong>BOGISLAO</strong></span> <span class='ocrx_word' id='word_1_3' title='bbox 559 1345 718 1442; x_wconf 81' lang='lat' dir='ltr'><strong>MAGNO</strong></span> <span class='ocrx_word' id='word_1_4' title='bbox 750 1346 1041 1442; x_wconf 76' lang='lat' dir='ltr'><strong>romulum</strong></span> <span class='ocrx_word' id='word_1_5' title='bbox 1073 1346 1277 1442; x_wconf 75' lang='lat' dir='ltr'><strong>rrimus</strong></span> 
     </span>
    </p>
   </div>
   <div class='ocr_carea' id='block_1_2' title="bbox 167 1678 1319 1968">
    <p class='ocr_par' dir='ltr' id='par_1_2' title="bbox 167 1678 1319 1968">
     <span class='ocr_line' id='line_1_2' title="bbox 313 1678 1173 1727; baseline 0.003 -5"><span class='ocrx_word' id='word_1_6' title='bbox 313 1679 342 1722; x_wconf 82' lang='grc' dir='ltr'><strong>ΙΝ</strong></span> <span class='ocrx_word' id='word_1_7' title='bbox 358 1678 581 1722; x_wconf 66' lang='lat' dir='ltr'><strong>cucurrerimus</strong></span> <span class='ocrx_word' id='word_1_8' title='bbox 596 1679 763 1725; x_wconf 72' lang='lat' dir='ltr'><strong>BXTlNCTAB</strong></span> <span class='ocrx_word' id='word_1_9' title='bbox 778 1682 888 1726; x_wconf 68' lang='lat' dir='ltr'><strong>nucum.</strong></span> <span class='ocrx_word' id='word_1_10' title='bbox 904 1683 973 1727; x_wconf 75' lang='grc' dir='ltr'><strong>ΡΟΙ.</strong></span> <span class='ocrx_word' id='word_1_11' title='bbox 989 1683 1057 1726; x_wconf 74' lang='lat' dir='ltr'><strong>ffl-</strong></span> <span class='ocrx_word' id='word_1_12' title='bbox 1073 1682 1173 1725; x_wconf 75' lang='lat' dir='ltr'><strong>sacris</strong></span> 
     </span>
     <span class='ocr_line' id='line_1_3' title="bbox 167 1798 1319 1847; baseline 0.007 -8"><span class='ocrx_word' id='word_1_13' title='bbox 167 1798 207 1839; x_wconf 77' lang='grc' dir='ltr'><strong>ΑΒ</strong></span> <span class='ocrx_word' id='word_1_14' title='bbox 226 1798 403 1842; x_wconf 75' lang='lat' dir='ltr'><strong>ncrnrrrrt</strong></span> <span class='ocrx_word' id='word_1_15' title='bbox 424 1799 677 1845; x_wconf 74' lang='lat' dir='ltr'><strong>cnrrflrsvruu.</strong></span> <span class='ocrx_word' id='word_1_16' title='bbox 707 1804 766 1846; x_wconf 79' lang='grc' dir='ltr'><strong>ΜΕ</strong></span> <span class='ocrx_word' id='word_1_17' title='bbox 786 1804 854 1847; x_wconf 76' lang='grc' dir='ltr'><strong>ΧΙΧ.</strong></span> <span class='ocrx_word' id='word_1_18' title='bbox 875 1804 980 1847; x_wconf 72' lang='grc' dir='ltr'><strong>ΙΕΝΒ.</strong></span> <span class='ocrx_word' id='word_1_19' title='bbox 997 1803 1064 1846; x_wconf 72' lang='lat' dir='ltr'><strong>{llb-</strong></span> <span class='ocrx_word' id='word_1_20' title='bbox 1085 1803 1319 1847; x_wconf 67' lang='lat' dir='ltr'><strong>mmccccxxx.</strong></span> 
     </span>
     <span class='ocr_line' id='line_1_4' title="bbox 580 1921 905 1968; baseline 0.009 -4"><span class='ocrx_word' id='word_1_21' title='bbox 580 1921 775 1967; x_wconf 74' lang='lat' dir='ltr'>INSTAURATIS</span> <span class='ocrx_word' id='word_1_22' title='bbox 790 1925 905 1968; x_wconf 75' lang='lat' dir='ltr'><strong>marra,</strong></span> 
     </span>
    </p>
   </div>
   <div class='ocr_carea' id='block_1_3' title="bbox 166 2163 1360 4588">
    <p class='ocr_par' dir='ltr' id='par_1_3' title="bbox 166 2163 1352 2874">
     <span class='ocr_line' id='line_1_5' title="bbox 265 2163 1352 2255; baseline 0.002 -12"><span class='ocrx_word' id='word_1_23' title='bbox 265 2163 496 2243; x_wconf 79' lang='lat' dir='ltr'><strong>Recens-adhue</strong></span> <span class='ocrx_word' id='word_1_24' title='bbox 513 2176 618 2239; x_wconf 84' lang='lat' dir='ltr'><strong>animis</strong></span> <span class='ocrx_word' id='word_1_25' title='bbox 636 2178 747 2239; x_wconf 85' lang='lat' dir='ltr'><strong>nostris</strong></span> <span class='ocrx_word' id='word_1_26' title='bbox 766 2178 897 2241; x_wconf 73' lang='lat' dir='ltr'><strong>inhaeret</strong></span> <span class='ocrx_word' id='word_1_27' title='bbox 914 2199 1016 2243; x_wconf 89' lang='lat' dir='ltr'><strong>eorum</strong></span> <span class='ocrx_word' id='word_1_28' title='bbox 1036 2181 1150 2243; x_wconf 90' lang='lat' dir='ltr'><strong>dierum</strong></span> <span class='ocrx_word' id='word_1_29' title='bbox 1165 2182 1318 2255; x_wconf 88' lang='lat' dir='ltr'><strong>memoria,</strong></span> <span class='ocrx_word' id='word_1_30' title='bbox 1337 2198 1352 2245; x_wconf 81' lang='lat' dir='ltr'><strong>a</strong></span> 
     </span>
     <span class='ocr_line' id='line_1_6' title="bbox 167 2280 1322 2362; baseline 0.003 -19"><span class='ocrx_word' id='word_1_31' title='bbox 167 2298 258 2360; x_wconf 84' lang='lat' dir='ltr'><strong>quum</strong></span> <span class='ocrx_word' id='word_1_32' title='bbox 278 2288 402 2361; x_wconf 82' lang='lat' dir='ltr'><strong>propter</strong></span> <span class='ocrx_word' id='word_1_33' title='bbox 418 2280 581 2343; x_wconf 73' lang='lat' dir='ltr'><strong>restitutam</strong></span> <span class='ocrx_word' id='word_1_34' title='bbox 600 2288 671 2360; x_wconf 84' lang='lat' dir='ltr'><strong>poet</strong></span> <span class='ocrx_word' id='word_1_35' title='bbox 688 2280 791 2361; x_wconf 77' lang='lat' dir='ltr'><strong>longas</strong></span> <span class='ocrx_word' id='word_1_36' title='bbox 810 2281 949 2345; x_wconf 86' lang='lat' dir='ltr'><strong>tenebras</strong></span> <span class='ocrx_word' id='word_1_37' title='bbox 968 2284 1148 2362; x_wconf 75' lang='lat' dir='ltr'><strong>euangelicam</strong></span> <span class='ocrx_word' id='word_1_38' title='bbox 1172 2283 1322 2346; x_wconf 86' lang='lat' dir='ltr'><strong>doetrinae</strong></span> 
     </span>
     <span class='ocr_line' id='line_1_7' title="bbox 167 2382 1320 2465; baseline 0.003 -20"><span class='ocrx_word' id='word_1_39' title='bbox 167 2383 263 2446; x_wconf 87' lang='lat' dir='ltr'><strong>lucem</strong></span> <span class='ocrx_word' id='word_1_40' title='bbox 281 2391 542 2463; x_wconf 79' lang='lat' dir='ltr'><strong>conservatumque</strong></span> <span class='ocrx_word' id='word_1_41' title='bbox 562 2399 615 2462; x_wconf 82' lang='lat' dir='ltr'><strong>per</strong></span> <span class='ocrx_word' id='word_1_42' title='bbox 632 2382 688 2444; x_wconf 86' lang='lat' dir='ltr'><strong>tria</strong></span> <span class='ocrx_word' id='word_1_43' title='bbox 708 2384 823 2446; x_wconf 87' lang='lat' dir='ltr'><strong>saecula</strong></span> <span class='ocrx_word' id='word_1_44' title='bbox 842 2384 971 2464; x_wconf 85' lang='lat' dir='ltr'><strong>purioris</strong></span> <span class='ocrx_word' id='word_1_45' title='bbox 988 2385 1136 2465; x_wconf 80' lang='lat' dir='ltr'><strong>religionis</strong></span> <span class='ocrx_word' id='word_1_46' title='bbox 1162 2386 1320 2461; x_wconf 82' lang='lat' dir='ltr'><strong>veritatem,</strong></span> 
     </span>
     <span class='ocr_line' id='line_1_8' title="bbox 169 2484 1321 2564; baseline 0.003 -18"><span class='ocrx_word' id='word_1_47' title='bbox 169 2486 310 2548; x_wconf 82' lang='lat' dir='ltr'><strong>solemnia</strong></span> <span class='ocrx_word' id='word_1_48' title='bbox 326 2504 407 2548; x_wconf 88' lang='lat' dir='ltr'><strong>sacra</strong></span> <span class='ocrx_word' id='word_1_49' title='bbox 432 2487 491 2547; x_wconf 89' lang='lat' dir='ltr'><strong>boe</strong></span> <span class='ocrx_word' id='word_1_50' title='bbox 508 2485 574 2564; x_wconf 83' lang='lat' dir='ltr'><strong>ipso</strong></span> <span class='ocrx_word' id='word_1_51' title='bbox 599 2484 665 2547; x_wconf 90' lang='lat' dir='ltr'><strong>loco</strong></span> <span class='ocrx_word' id='word_1_52' title='bbox 688 2485 866 2548; x_wconf 75' lang='lat' dir='ltr'><strong>celebrantes</strong></span> <span class='ocrx_word' id='word_1_53' title='bbox 886 2488 1085 2550; x_wconf 81' lang='lat' dir='ltr'><strong>convenimus.</strong></span> <span class='ocrx_word' id='word_1_54' title='bbox 1126 2487 1232 2550; x_wconf 85' lang='lat' dir='ltr'><strong>Omnia</strong></span> <span class='ocrx_word' id='word_1_55' title='bbox 1251 2496 1321 2550; x_wconf 90' lang='lat' dir='ltr'><strong>tunc</strong></span> 
     </span>
     <span class='ocr_line' id='line_1_9' title="bbox 167 2586 1320 2670; baseline 0.003 -22"><span class='ocrx_word' id='word_1_56' title='bbox 167 2587 240 2649; x_wconf 86' lang='lat' dir='ltr'><strong>laeta</strong></span> <span class='ocrx_word' id='word_1_57' title='bbox 259 2595 346 2668; x_wconf 83' lang='lat' dir='ltr'><strong>atque</strong></span> <span class='ocrx_word' id='word_1_58' title='bbox 364 2587 457 2649; x_wconf 84' lang='lat' dir='ltr'><strong>hilara</strong></span> <span class='ocrx_word' id='word_1_59' title='bbox 474 2586 614 2660; x_wconf 81' lang='lat' dir='ltr'><strong>vidimus,</strong></span> <span class='ocrx_word' id='word_1_60' title='bbox 634 2595 754 2649; x_wconf 88' lang='lat' dir='ltr'><strong>ornatos</strong></span> <span class='ocrx_word' id='word_1_61' title='bbox 774 2588 897 2650; x_wconf 85' lang='lat' dir='ltr'><strong>iloribus</strong></span> <span class='ocrx_word' id='word_1_62' title='bbox 916 2598 1018 2669; x_wconf 82' lang='lat' dir='ltr'><strong>postes</strong></span> <span class='ocrx_word' id='word_1_63' title='bbox 1037 2601 1066 2652; x_wconf 88' lang='lat' dir='ltr'><strong>et</strong></span> <span class='ocrx_word' id='word_1_64' title='bbox 1080 2590 1220 2670; x_wconf 81' lang='lat' dir='ltr'><strong>parietes,</strong></span> <span class='ocrx_word' id='word_1_65' title='bbox 1236 2608 1320 2652; x_wconf 90' lang='lat' dir='ltr'><strong>reeo-</strong></span> 
     </span>
     <span class='ocr_line' id='line_1_10' title="bbox 166 2688 1322 2765; baseline 0.001 -14"><span class='ocrx_word' id='word_1_66' title='bbox 166 2698 271 2753; x_wconf 82' lang='lat' dir='ltr'><strong>nantes</strong></span> <span class='ocrx_word' id='word_1_67' title='bbox 295 2690 405 2752; x_wconf 78' lang='lat' dir='ltr'><strong>festivis</strong></span> <span class='ocrx_word' id='word_1_68' title='bbox 428 2688 617 2752; x_wconf 78' lang='lat' dir='ltr'><strong>concentibus</strong></span> <span class='ocrx_word' id='word_1_69' title='bbox 640 2689 741 2765; x_wconf 85' lang='lat' dir='ltr'><strong>aedes,</strong></span> <span class='ocrx_word' id='word_1_70' title='bbox 762 2691 859 2753; x_wconf 83' lang='lat' dir='ltr'><strong>vultus</strong></span> <span class='ocrx_word' id='word_1_71' title='bbox 883 2692 1015 2754; x_wconf 90' lang='lat' dir='ltr'><strong>omnium</strong></span> <span class='ocrx_word' id='word_1_72' title='bbox 1042 2691 1121 2754; x_wconf 78' lang='lat' dir='ltr'><strong>reim</strong></span> <span class='ocrx_word' id='word_1_73' title='bbox 1139 2691 1322 2754; x_wconf 82' lang='lat' dir='ltr'><strong>felicissimae</strong></span> 
     </span>
     <span class='ocr_line' id='line_1_11' title="bbox 167 2791 1319 2874; baseline 0 -20"><span class='ocrx_word' id='word_1_74' title='bbox 167 2792 416 2871; x_wconf 77' lang='lat' dir='ltr'><strong>victoriaegaudio</strong></span> <span class='ocrx_word' id='word_1_75' title='bbox 425 2792 604 2865; x_wconf 86' lang='lat' dir='ltr'><strong>renidentes,</strong></span> <span class='ocrx_word' id='word_1_76' title='bbox 615 2791 701 2853; x_wconf 84' lang='lat' dir='ltr'><strong>rerba</strong></span> <span class='ocrx_word' id='word_1_77' title='bbox 711 2791 837 2873; x_wconf 87' lang='lat' dir='ltr'><strong>denique</strong></span> <span class='ocrx_word' id='word_1_78' title='bbox 846 2793 968 2856; x_wconf 87' lang='lat' dir='ltr'><strong>laetitiae</strong></span> <span class='ocrx_word' id='word_1_79' title='bbox 977 2814 1012 2857; x_wconf 84' lang='lat' dir='ltr'><strong>ao</strong></span> <span class='ocrx_word' id='word_1_80' title='bbox 1019 2794 1216 2874; x_wconf 74' lang='lat' dir='ltr'><strong>gratulationis</strong></span> <span class='ocrx_word' id='word_1_81' title='bbox 1227 2794 1319 2874; x_wconf 86' lang='lat' dir='ltr'><strong>plena.</strong></span> 
     </span>
    </p>

    <p class='ocr_par' dir='ltr' id='par_1_4' title="bbox 168 2893 1321 3283">
     <span class='ocr_line' id='line_1_12' title="bbox 253 2893 1320 2976; baseline 0 -19"><span class='ocrx_word' id='word_1_82' title='bbox 253 2894 339 2957; x_wconf 88' lang='lat' dir='ltr'><strong>Nunc</strong></span> <span class='ocrx_word' id='word_1_83' title='bbox 353 2903 450 2958; x_wconf 87' lang='lat' dir='ltr'><strong>autem</strong></span> <span class='ocrx_word' id='word_1_84' title='bbox 471 2912 558 2975; x_wconf 85' lang='lat' dir='ltr'><strong>quam</strong></span> <span class='ocrx_word' id='word_1_85' title='bbox 578 2893 691 2955; x_wconf 85' lang='lat' dir='ltr'><strong>diversa</strong></span> <span class='ocrx_word' id='word_1_86' title='bbox 713 2903 782 2957; x_wconf 88' lang='lat' dir='ltr'><strong>sunt</strong></span> <span class='ocrx_word' id='word_1_87' title='bbox 797 2896 908 2958; x_wconf 90' lang='lat' dir='ltr'><strong>omnia:</strong></span> <span class='ocrx_word' id='word_1_88' title='bbox 929 2914 1017 2976; x_wconf 88' lang='lat' dir='ltr'><strong>quam</strong></span> <span class='ocrx_word' id='word_1_89' title='bbox 1032 2904 1142 2958; x_wconf 88' lang='lat' dir='ltr'><strong>mutata</strong></span> <span class='ocrx_word' id='word_1_90' title='bbox 1156 2896 1250 2975; x_wconf 81' lang='lat' dir='ltr'><strong>ipsius</strong></span> <span class='ocrx_word' id='word_1_91' title='bbox 1264 2897 1320 2957; x_wconf 91' lang='lat' dir='ltr'><strong>loci</strong></span> 
     </span>
     <span class='ocr_line' id='line_1_13' title="bbox 168 2997 1321 3078; baseline 0.001 -18"><span class='ocrx_word' id='word_1_92' title='bbox 168 2998 265 3061; x_wconf 79' lang='lat' dir='ltr'><strong>iacies</strong></span> <span class='ocrx_word' id='word_1_93' title='bbox 286 2997 438 3077; x_wconf 75' lang='lat' dir='ltr'><strong>Lugubres</strong></span> <span class='ocrx_word' id='word_1_94' title='bbox 453 2997 543 3059; x_wconf 88' lang='lat' dir='ltr'><strong>modo</strong></span> <span class='ocrx_word' id='word_1_95' title='bbox 559 3015 644 3060; x_wconf 85' lang='lat' dir='ltr'><strong>aures</strong></span> <span class='ocrx_word' id='word_1_96' title='bbox 658 3004 776 3060; x_wconf 88' lang='lat' dir='ltr'><strong>nostras</strong></span> <span class='ocrx_word' id='word_1_97' title='bbox 791 3008 1008 3078; x_wconf 85' lang='lat' dir='ltr'><strong>personuerunt</strong></span> <span class='ocrx_word' id='word_1_98' title='bbox 1022 2999 1123 3061; x_wconf 84' lang='lat' dir='ltr'><strong>fidium</strong></span> <span class='ocrx_word' id='word_1_99' title='bbox 1139 3018 1173 3062; x_wconf 83' lang='lat' dir='ltr'><strong>ac</strong></span> <span class='ocrx_word' id='word_1_100' title='bbox 1186 2998 1321 3061; x_wconf 86' lang='lat' dir='ltr'><strong>tibiarum</strong></span> 
     </span>
     <span class='ocr_line' id='line_1_14' title="bbox 169 3099 1321 3181; baseline 0.001 -19"><span class='ocrx_word' id='word_1_101' title='bbox 169 3109 285 3163; x_wconf 84' lang='lat' dir='ltr'><strong>contus:</strong></span> <span class='ocrx_word' id='word_1_102' title='bbox 302 3100 365 3181; x_wconf 89' lang='lat' dir='ltr'><strong>ipse</strong></span> <span class='ocrx_word' id='word_1_103' title='bbox 380 3099 429 3161; x_wconf 88' lang='lat' dir='ltr'><strong>bic</strong></span> <span class='ocrx_word' id='word_1_104' title='bbox 444 3106 598 3180; x_wconf 78' lang='lat' dir='ltr'><strong>suggestus</strong></span> <span class='ocrx_word' id='word_1_105' title='bbox 618 3106 681 3162; x_wconf 83' lang='lat' dir='ltr'><strong>atro</strong></span> <span class='ocrx_word' id='word_1_106' title='bbox 695 3099 836 3161; x_wconf 84' lang='lat' dir='ltr'><strong>velamine</strong></span> <span class='ocrx_word' id='word_1_107' title='bbox 855 3099 1011 3162; x_wconf 84' lang='lat' dir='ltr'><strong>obductus:</strong></span> <span class='ocrx_word' id='word_1_108' title='bbox 1027 3100 1198 3179; x_wconf 84' lang='lat' dir='ltr'><strong>sepulcralis</strong></span> <span class='ocrx_word' id='word_1_109' title='bbox 1212 3118 1321 3163; x_wconf 88' lang='lat' dir='ltr'><strong>mouu-</strong></span> 
     </span>
     <span class='ocr_line' id='line_1_15' title="bbox 168 3200 1321 3283; baseline 0.002 -20"><span class='ocrx_word' id='word_1_110' title='bbox 168 3201 259 3263; x_wconf 90' lang='lat' dir='ltr'><strong>menti</strong></span> <span class='ocrx_word' id='word_1_111' title='bbox 279 3202 394 3264; x_wconf 86' lang='lat' dir='ltr'><strong>titulus:</strong></span> <span class='ocrx_word' id='word_1_112' title='bbox 414 3202 528 3263; x_wconf 79' lang='lat' dir='ltr'><strong>funesta</strong></span> <span class='ocrx_word' id='word_1_113' title='bbox 542 3201 636 3263; x_wconf 90' lang='lat' dir='ltr'><strong>luctus</strong></span> <span class='ocrx_word' id='word_1_114' title='bbox 651 3200 774 3281; x_wconf 77' lang='lat' dir='ltr'><strong>insignia</strong></span> <span class='ocrx_word' id='word_1_115' title='bbox 790 3201 882 3263; x_wconf 89' lang='lat' dir='ltr'><strong>oculis</strong></span> <span class='ocrx_word' id='word_1_116' title='bbox 897 3201 1009 3264; x_wconf 89' lang='lat' dir='ltr'><strong>nostris</strong></span> <span class='ocrx_word' id='word_1_117' title='bbox 1028 3201 1136 3283; x_wconf 90' lang='lat' dir='ltr'><strong>ubique</strong></span> <span class='ocrx_word' id='word_1_118' title='bbox 1160 3204 1321 3282; x_wconf 83' lang='lat' dir='ltr'><strong>preposita.</strong></span> 
     </span>
    </p>

    <p class='ocr_par' dir='ltr' id='par_1_5' title="bbox 168 3303 1360 4508">
     <span class='ocr_line' id='line_1_16' title="bbox 253 3303 1323 3384; baseline 0.001 -18"><span class='ocrx_word' id='word_1_119' title='bbox 253 3305 293 3367; x_wconf 85' lang='lat' dir='ltr'><strong>lto</strong></span> <span class='ocrx_word' id='word_1_120' title='bbox 312 3306 393 3367; x_wconf 89' lang='lat' dir='ltr'><strong>hunc</strong></span> <span class='ocrx_word' id='word_1_121' title='bbox 410 3304 487 3367; x_wconf 86' lang='lat' dir='ltr'><strong>diem</strong></span> <span class='ocrx_word' id='word_1_122' title='bbox 506 3313 540 3366; x_wconf 93' lang='lat' dir='ltr'><strong>ut</strong></span> <span class='ocrx_word' id='word_1_123' title='bbox 557 3303 737 3366; x_wconf 81' lang='lat' dir='ltr'><strong>celebremus</strong></span> <span class='ocrx_word' id='word_1_124' title='bbox 756 3312 785 3365; x_wconf 91' lang='lat' dir='ltr'><strong>et</strong></span> <span class='ocrx_word' id='word_1_125' title='bbox 803 3304 949 3367; x_wconf 87' lang='lat' dir='ltr'><strong>maiorum</strong></span> <span class='ocrx_word' id='word_1_126' title='bbox 970 3304 1064 3384; x_wconf 85' lang='lat' dir='ltr'><strong>pietas</strong></span> <span class='ocrx_word' id='word_1_127' title='bbox 1079 3305 1164 3366; x_wconf 90' lang='lat' dir='ltr'><strong>iussit</strong></span> <span class='ocrx_word' id='word_1_128' title='bbox 1179 3314 1208 3366; x_wconf 90' lang='lat' dir='ltr'><strong>et</strong></span> <span class='ocrx_word' id='word_1_129' title='bbox 1221 3313 1323 3367; x_wconf 84' lang='lat' dir='ltr'><strong>noster</strong></span> 
     </span>
     <span class='ocr_line' id='line_1_17' title="bbox 168 3405 1322 3486; baseline 0 -18"><span class='ocrx_word' id='word_1_130' title='bbox 168 3425 225 3469; x_wconf 89' lang='lat' dir='ltr'><strong>nos</strong></span> <span class='ocrx_word' id='word_1_131' title='bbox 244 3408 358 3470; x_wconf 85' lang='lat' dir='ltr'><strong>animus</strong></span> <span class='ocrx_word' id='word_1_132' title='bbox 378 3415 489 3469; x_wconf 88' lang='lat' dir='ltr'><strong>monet.</strong></span> <span class='ocrx_word' id='word_1_133' title='bbox 521 3405 594 3480; x_wconf 81' lang='lat' dir='ltr'><strong>Quis</strong></span> <span class='ocrx_word' id='word_1_134' title='bbox 613 3405 691 3467; x_wconf 87' lang='lat' dir='ltr'><strong>enim</strong></span> <span class='ocrx_word' id='word_1_135' title='bbox 710 3422 772 3466; x_wconf 92' lang='lat' dir='ltr'><strong>non</strong></span> <span class='ocrx_word' id='word_1_136' title='bbox 791 3405 886 3485; x_wconf 76' lang='lat' dir='ltr'><strong>lugeat</strong></span> <span class='ocrx_word' id='word_1_137' title='bbox 904 3405 1021 3467; x_wconf 89' lang='lat' dir='ltr'><strong>illorum</strong></span> <span class='ocrx_word' id='word_1_138' title='bbox 1040 3413 1207 3486; x_wconf 84' lang='lat' dir='ltr'><strong>temporum</strong></span> <span class='ocrx_word' id='word_1_139' title='bbox 1222 3425 1322 3468; x_wconf 89' lang='lat' dir='ltr'><strong>recor·</strong></span> 
     </span>
     <span class='ocr_line' id='line_1_18' title="bbox 169 3506 1324 3590; baseline -0.003 -18"><span class='ocrx_word' id='word_1_140' title='bbox 169 3512 265 3583; x_wconf 87' lang='lat' dir='ltr'><strong>datus,</strong></span> <span class='ocrx_word' id='word_1_141' title='bbox 284 3528 411 3590; x_wconf 86' lang='lat' dir='ltr'><strong>quorum</strong></span> <span class='ocrx_word' id='word_1_142' title='bbox 430 3509 480 3571; x_wconf 87' lang='lat' dir='ltr'><strong>hic</strong></span> <span class='ocrx_word' id='word_1_143' title='bbox 493 3508 582 3571; x_wconf 90' lang='lat' dir='ltr'><strong>nobis</strong></span> <span class='ocrx_word' id='word_1_144' title='bbox 602 3507 664 3570; x_wconf 88' lang='lat' dir='ltr'><strong>dies</strong></span> <span class='ocrx_word' id='word_1_145' title='bbox 678 3507 851 3569; x_wconf 82' lang='lat' dir='ltr'><strong>memoriam</strong></span> <span class='ocrx_word' id='word_1_146' title='bbox 866 3516 991 3581; x_wconf 82' lang='lat' dir='ltr'><strong>revocat,</strong></span> <span class='ocrx_word' id='word_1_147' title='bbox 1006 3506 1111 3587; x_wconf 83' lang='lat' dir='ltr'><strong>qrribus</strong></span> <span class='ocrx_word' id='word_1_148' title='bbox 1127 3508 1254 3570; x_wconf 87' lang='lat' dir='ltr'><strong>tristiora</strong></span> <span class='ocrx_word' id='word_1_149' title='bbox 1268 3526 1324 3569; x_wconf 87' lang='lat' dir='ltr'><strong>neo</strong></span> 
     </span>
     <span class='ocr_line' id='line_1_19' title="bbox 168 3607 1323 3693; baseline -0.003 -20"><span class='ocrx_word' id='word_1_150' title='bbox 168 3613 240 3674; x_wconf 79' lang='lat' dir='ltr'><strong>vidit</strong></span> <span class='ocrx_word' id='word_1_151' title='bbox 252 3630 383 3693; x_wconf 86' lang='lat' dir='ltr'><strong>unquam</strong></span> <span class='ocrx_word' id='word_1_152' title='bbox 399 3612 491 3693; x_wconf 72' lang='lat' dir='ltr'><strong>panis</strong></span> <span class='ocrx_word' id='word_1_153' title='bbox 509 3629 605 3692; x_wconf 86' lang='lat' dir='ltr'><strong>neque</strong></span> <span class='ocrx_word' id='word_1_154' title='bbox 623 3608 720 3691; x_wconf 86' lang='lat' dir='ltr'><strong>potuit</strong></span> <span class='ocrx_word' id='word_1_155' title='bbox 732 3608 836 3670; x_wconf 83' lang='lat' dir='ltr'><strong>ridere.</strong></span> <span class='ocrx_word' id='word_1_156' title='bbox 866 3607 981 3671; x_wconf 88' lang='lat' dir='ltr'><strong>lacebat</strong></span> <span class='ocrx_word' id='word_1_157' title='bbox 999 3609 1172 3671; x_wconf 87' lang='lat' dir='ltr'><strong>Pomerania</strong></span> <span class='ocrx_word' id='word_1_158' title='bbox 1186 3627 1248 3671; x_wconf 90' lang='lat' dir='ltr'><strong>non</strong></span> <span class='ocrx_word' id='word_1_159' title='bbox 1263 3626 1323 3670; x_wconf 90' lang='lat' dir='ltr'><strong>uuo</strong></span> 
     </span>
     <span class='ocr_line' id='line_1_20' title="bbox 169 3710 1325 3792; baseline -0.005 -15"><span class='ocrx_word' id='word_1_160' title='bbox 169 3714 287 3777; x_wconf 83' lang='lat' dir='ltr'><strong>vulnere</strong></span> <span class='ocrx_word' id='word_1_161' title='bbox 300 3713 418 3788; x_wconf 85' lang='lat' dir='ltr'><strong>afflicta,</strong></span> <span class='ocrx_word' id='word_1_162' title='bbox 439 3714 490 3776; x_wconf 87' lang='lat' dir='ltr'><strong>eed</strong></span> <span class='ocrx_word' id='word_1_163' title='bbox 510 3714 608 3776; x_wconf 89' lang='lat' dir='ltr'><strong>multis</strong></span> <span class='ocrx_word' id='word_1_164' title='bbox 624 3721 710 3792; x_wconf 86' lang='lat' dir='ltr'><strong>atque</strong></span> <span class='ocrx_word' id='word_1_165' title='bbox 725 3710 871 3772; x_wconf 89' lang='lat' dir='ltr'><strong>continuis</strong></span> <span class='ocrx_word' id='word_1_166' title='bbox 888 3710 1016 3773; x_wconf 80' lang='lat' dir='ltr'><strong>cladibus</strong></span> <span class='ocrx_word' id='word_1_167' title='bbox 1032 3711 1104 3772; x_wconf 85' lang='lat' dir='ltr'><strong>adeo</strong></span> <span class='ocrx_word' id='word_1_168' title='bbox 1120 3718 1276 3792; x_wconf 85' lang='lat' dir='ltr'><strong>prostrata,</strong></span> <span class='ocrx_word' id='word_1_169' title='bbox 1293 3720 1325 3771; x_wconf 90' lang='lat' dir='ltr'><strong>ut</strong></span> 
     </span>
     <span class='ocr_line' id='line_1_21' title="bbox 168 3812 1360 3897; baseline -0.008 -20"><span class='ocrx_word' id='word_1_170' title='bbox 168 3834 320 3897; x_wconf 86' lang='lat' dir='ltr'><strong>nunquam</strong></span> <span class='ocrx_word' id='word_1_171' title='bbox 338 3816 485 3879; x_wconf 83' lang='lat' dir='ltr'><strong>rideretur</strong></span> <span class='ocrx_word' id='word_1_172' title='bbox 501 3834 592 3895; x_wconf 84' lang='lat' dir='ltr'><strong>posse</strong></span> <span class='ocrx_word' id='word_1_173' title='bbox 609 3831 769 3894; x_wconf 81' lang='lat' dir='ltr'><strong>resurgere.</strong></span> <span class='ocrx_word' id='word_1_174' title='bbox 800 3813 894 3886; x_wconf 82' lang='lat' dir='ltr'><strong>Quem</strong></span> <span class='ocrx_word' id='word_1_175' title='bbox 916 3812 1004 3892; x_wconf 81' lang='lat' dir='ltr'><strong>igitur</strong></span> <span class='ocrx_word' id='word_1_176' title='bbox 1022 3821 1092 3875; x_wconf 90' lang='lat' dir='ltr'><strong>tunc</strong></span> <span class='ocrx_word' id='word_1_177' title='bbox 1106 3814 1251 3875; x_wconf 85' lang='lat' dir='ltr'><strong>maiorum</strong></span> <span class='ocrx_word' id='word_1_178' title='bbox 1266 3830 1322 3873; x_wconf 92' lang='lat' dir='ltr'><strong>no·</strong></span> <span class='ocrx_word' id='word_1_179' title='bbox 1344 3819 1360 3867; x_wconf 84' lang='lat'>4</span> 
     </span>
     <span class='ocr_line' id='line_1_22' title="bbox 169 3915 1324 3995; baseline -0.002 -17"><span class='ocrx_word' id='word_1_180' title='bbox 169 3927 300 3981; x_wconf 89' lang='lat' dir='ltr'><strong>strcrum</strong></span> <span class='ocrx_word' id='word_1_181' title='bbox 319 3919 410 3980; x_wconf 86' lang='lat' dir='ltr'><strong>luisse</strong></span> <span class='ocrx_word' id='word_1_182' title='bbox 430 3917 547 3980; x_wconf 89' lang='lat' dir='ltr'><strong>creditis</strong></span> <span class='ocrx_word' id='word_1_183' title='bbox 568 3917 716 3989; x_wconf 90' lang='lat' dir='ltr'><strong>dolorem,</strong></span> <span class='ocrx_word' id='word_1_184' title='bbox 736 3932 828 3995; x_wconf 87' lang='lat' dir='ltr'><strong>quum</strong></span> <span class='ocrx_word' id='word_1_185' title='bbox 843 3922 979 3994; x_wconf 86' lang='lat' dir='ltr'><strong>tanquam</strong></span> <span class='ocrx_word' id='word_1_186' title='bbox 996 3915 1090 3976; x_wconf 86' lang='lat' dir='ltr'><strong>orbati</strong></span> <span class='ocrx_word' id='word_1_187' title='bbox 1105 3917 1275 3995; x_wconf 84' lang='lat' dir='ltr'><strong>parentibus</strong></span> <span class='ocrx_word' id='word_1_188' title='bbox 1289 3915 1324 3977; x_wconf 92' lang='lat' dir='ltr'><strong>li·</strong></span> 
     </span>
     <span class='ocr_line' id='line_1_23' title="bbox 170 4016 1323 4101; baseline -0.002 -21"><span class='ocrx_word' id='word_1_189' title='bbox 170 4020 247 4094; x_wconf 90' lang='lat' dir='ltr'><strong>beri,</strong></span> <span class='ocrx_word' id='word_1_190' title='bbox 263 4021 394 4101; x_wconf 88' lang='lat' dir='ltr'><strong>sepultos</strong></span> <span class='ocrx_word' id='word_1_191' title='bbox 414 4019 545 4082; x_wconf 82' lang='lat' dir='ltr'><strong>viderent</strong></span> <span class='ocrx_word' id='word_1_192' title='bbox 555 4038 608 4081; x_wconf 88' lang='lat' dir='ltr'><strong>eos</strong></span> <span class='ocrx_word' id='word_1_193' title='bbox 624 4036 742 4091; x_wconf 87' lang='lat' dir='ltr'><strong>omnes,</strong></span> <span class='ocrx_word' id='word_1_194' title='bbox 762 4017 792 4078; x_wconf 92' lang='lat' dir='ltr'><strong>in</strong></span> <span class='ocrx_word' id='word_1_195' title='bbox 808 4034 935 4096; x_wconf 88' lang='lat' dir='ltr'><strong>quorum</strong></span> <span class='ocrx_word' id='word_1_196' title='bbox 954 4016 1011 4077; x_wconf 80' lang='lat' dir='ltr'><strong>rita</strong></span> <span class='ocrx_word' id='word_1_197' title='bbox 1031 4035 1115 4078; x_wconf 87' lang='lat' dir='ltr'><strong>suam</strong></span> <span class='ocrx_word' id='word_1_198' title='bbox 1130 4019 1187 4099; x_wconf 86' lang='lat' dir='ltr'><strong>ipsi</strong></span> <span class='ocrx_word' id='word_1_199' title='bbox 1203 4018 1323 4080; x_wconf 83' lang='lat' dir='ltr'><strong>salutem</strong></span> 
     </span>
     <span class='ocr_line' id='line_1_24' title="bbox 169 4118 1323 4201; baseline -0.002 -19"><span class='ocrx_word' id='word_1_200' title='bbox 169 4130 256 4201; x_wconf 90' lang='lat' dir='ltr'><strong>atquc</strong></span> <span class='ocrx_word' id='word_1_201' title='bbox 269 4122 497 4185; x_wconf 80' lang='lat' dir='ltr'><strong>incolumitatem</strong></span> <span class='ocrx_word' id='word_1_202' title='bbox 520 4121 648 4201; x_wconf 89' lang='lat' dir='ltr'><strong>positam</strong></span> <span class='ocrx_word' id='word_1_203' title='bbox 668 4119 758 4182; x_wconf 87' lang='lat' dir='ltr'><strong>luisse</strong></span> <span class='ocrx_word' id='word_1_204' title='bbox 778 4118 982 4197; x_wconf 79' lang='lat' dir='ltr'><strong>intelligebant.</strong></span> <span class='ocrx_word' id='word_1_205' title='bbox 1012 4120 1055 4180; x_wconf 77' lang='lat' dir='ltr'><strong>tc</strong></span> <span class='ocrx_word' id='word_1_206' title='bbox 1074 4137 1144 4181; x_wconf 86' lang='lat' dir='ltr'><strong>eane</strong></span> <span class='ocrx_word' id='word_1_207' title='bbox 1164 4121 1189 4181; x_wconf 89' lang='lat' dir='ltr'><strong>si</strong></span> <span class='ocrx_word' id='word_1_208' title='bbox 1207 4138 1323 4182; x_wconf 89' lang='lat' dir='ltr'><strong>omnem</strong></span> 
     </span>
     <span class='ocr_line' id='line_1_25' title="bbox 169 4220 1326 4299; baseline -0.002 -17"><span class='ocrx_word' id='word_1_209' title='bbox 169 4225 319 4287; x_wconf 83' lang='lat' dir='ltr'><strong>vetustatis</strong></span> <span class='ocrx_word' id='word_1_210' title='bbox 344 4223 516 4288; x_wconf 79' lang='lat' dir='ltr'><strong>memoriam</strong></span> <span class='ocrx_word' id='word_1_211' title='bbox 542 4222 688 4296; x_wconf 83' lang='lat' dir='ltr'><strong>revolvas,</strong></span> <span class='ocrx_word' id='word_1_212' title='bbox 717 4220 764 4281; x_wconf 82' lang='lat' dir='ltr'><strong>vix</strong></span> <span class='ocrx_word' id='word_1_213' title='bbox 788 4220 909 4283; x_wconf 86' lang='lat' dir='ltr'><strong>alterum</strong></span> <span class='ocrx_word' id='word_1_214' title='bbox 934 4220 1061 4282; x_wconf 83' lang='lat' dir='ltr'><strong>invenies</strong></span> <span class='ocrx_word' id='word_1_215' title='bbox 1084 4229 1181 4283; x_wconf 87' lang='lat' dir='ltr'><strong>tantae</strong></span> <span class='ocrx_word' id='word_1_216' title='bbox 1207 4230 1326 4299; x_wconf 87' lang='lat' dir='ltr'><strong>tamque</strong></span> 
     </span>
     <span class='ocr_line' id='line_1_26' title="bbox 169 4321 1324 4409; baseline -0.002 -24"><span class='ocrx_word' id='word_1_217' title='bbox 169 4324 353 4388; x_wconf 86' lang='lat' dir='ltr'><strong>miserandae</strong></span> <span class='ocrx_word' id='word_1_218' title='bbox 368 4326 474 4406; x_wconf 79' lang='lat' dir='ltr'><strong>stragis</strong></span> <span class='ocrx_word' id='word_1_219' title='bbox 488 4324 660 4405; x_wconf 84' lang='lat' dir='ltr'><strong>exemplam.</strong></span> <span class='ocrx_word' id='word_1_220' title='bbox 696 4321 760 4383; x_wconf 88' lang='lat' dir='ltr'><strong>Una</strong></span> <span class='ocrx_word' id='word_1_221' title='bbox 774 4322 930 4384; x_wconf 90' lang='lat' dir='ltr'><strong>bominum</strong></span> <span class='ocrx_word' id='word_1_222' title='bbox 948 4331 1027 4384; x_wconf 85' lang='lat' dir='ltr'><strong>aetas</strong></span> <span class='ocrx_word' id='word_1_223' title='bbox 1047 4324 1195 4409; x_wconf 85' lang='lat' dir='ltr'><strong>antiquam</strong></span> <span class='ocrx_word' id='word_1_224' title='bbox 1215 4323 1324 4403; x_wconf 86' lang='lat' dir='ltr'><strong>prinoi-</strong></span> 
     </span>
     <span class='ocr_line' id='line_1_27' title="bbox 170 4423 1325 4508; baseline -0.004 -19"><span class='ocrx_word' id='word_1_225' title='bbox 170 4444 241 4508; x_wconf 86' lang='lat' dir='ltr'><strong>pum</strong></span> <span class='ocrx_word' id='word_1_226' title='bbox 257 4428 388 4504; x_wconf 75' lang='lat' dir='ltr'><strong>domm,</strong></span> <span class='ocrx_word' id='word_1_227' title='bbox 402 4427 562 4504; x_wconf 88' lang='lat' dir='ltr'><strong>nobilitate,</strong></span> <span class='ocrx_word' id='word_1_228' title='bbox 575 4427 689 4500; x_wconf 72' lang='lat' dir='ltr'><strong>rutum,</strong></span> <span class='ocrx_word' id='word_1_229' title='bbox 703 4423 794 4503; x_wconf 81' lang='lat' dir='ltr'><strong>gloria</strong></span> <span class='ocrx_word' id='word_1_230' title='bbox 807 4423 954 4505; x_wconf 79' lang='lat' dir='ltr'><strong>plerisque</strong></span> <span class='ocrx_word' id='word_1_231' title='bbox 969 4423 1129 4500; x_wconf 88' lang='lat' dir='ltr'><strong>clariorem,</strong></span> <span class='ocrx_word' id='word_1_232' title='bbox 1144 4425 1262 4506; x_wconf 85' lang='lat' dir='ltr'><strong>patriae,</strong></span> <span class='ocrx_word' id='word_1_233' title='bbox 1279 4425 1325 4485; x_wconf 89' lang='lat' dir='ltr'><strong>cui</strong></span> 
     </span>
    </p>

    <p class='ocr_par' dir='ltr' id='par_1_6' title="bbox 1062 4526 1124 4588">
     <span class='ocr_line' id='line_1_28' title="bbox 1062 4526 1124 4588; baseline 0.016 -1"><span class='ocrx_word' id='word_1_234' title='bbox 1062 4526 1124 4588; x_wconf 72' lang='lat'><strong>29*</strong></span> 
     </span>
    </p>
   </div>
   <div class='ocr_carea' id='block_1_4' title="bbox 0 0 1643 5140">
    <p class='ocr_par' dir='ltr' id='par_1_7' title="bbox 0 0 1643 5140">
     <span class='ocr_line' id='line_1_29' title="bbox 0 0 1643 5140; baseline 0 0"><span class='ocrx_word' id='word_1_235' title='bbox 0 0 1643 5140; x_wconf 95' lang='lat' dir='ltr'><strong> </strong></span> 
     </span>
    </p>
   </div>
  </div>
 </body>
</html>
