3164 5138
863 434 904 500 82

304 634 486 707 corruptum,
501 626 739 706 coniecturaeque
752 642 769 686 a
785 621 891 686 nitidis
905 621 1035 702 prolatas
1046 621 1200 703 plerasque
1210 638 1314 683 omnes
1325 619 1459 684 reiicien-

305 730 357 792 das
372 748 438 792 esse
452 729 629 792 iudicemus:
644 727 723 809 quod
738 734 834 789 autem
846 725 933 787 etiam
948 724 1067 787 Stanleii
1081 725 1245 787 emendatio
1255 744 1314 787 una
1329 723 1461 787 omnium
1572 764 1579 775 ·

304 831 466 905 verissima,
489 825 636 914 ἐπαχθῆ,
651 830 755 892 eodem
770 847 838 891 cum
854 826 958 890 ceteris
972 828 1038 889 ioco
1053 847 1071 890 a
1084 827 1244 891 Wieselero
1260 827 1364 901 habita,
1378 834 1407 889 et
1424 845 1461 889 ue
1580 847 1582 868 2

304 941 533 997 commemorata
549 932 667 1014 quidem
689 940 743 1007 est,
758 947 938 1011 magnopere
952 928 1164 1010 improbamus.
1204 930 1293 993 Movit
1308 949 1377 993 eum
1399 931 1461 992 ior·
1573 970 1579 981 ·

303 1044 383 1099 tasse
402 1035 521 1116 Reisigii
543 1034 715 1107 auctoritas,
738 1032 787 1114 qui
809 1029 979 1093 adiectirum
993 1025 1163 1116 ἐπαχθής,
1187 1032 1327 1112 quoniam
1349 1032 1415 1095 alibi
1430 1033 1460 1094 in
1572 1046 1580 1087 ι

302 1139 481 1218 tragicorum
503 1136 607 1200 sabaitis
629 1153 690 1198 non
709 1135 826 1215 legitur,
848 1131 934 1195 etiam
950 1133 1088 1196 hocloco
1103 1134 1215 1196 admitti
1234 1153 1324 1216 posse
1338 1135 1459 1215 negarit.

303 1239 391 1320 Atqui
410 1239 435 1301 si
454 1238 673 1301 auctoritatibus
688 1238 826 1300 standum
841 1243 900 1309 est,
921 1253 981 1296 non
997 1233 1096 1297 minor
1111 1254 1182 1299 sane
1196 1255 1282 1317 quam
1297 1237 1415 1318 Reisigii
1430 1238 1460 1299 in
1571 1254 1575 1265 ·

303 1341 352 1403 taii
366 1359 399 1404 re
412 1340 572 1403 auctoritas
587 1339 749 1403 Hermanni
763 1336 927 1413 habebitur,
943 1337 989 1400 cui
1003 1337 1080 1400 iiiam
1096 1338 1212 1400 Stanleii
1228 1340 1460 1403 emendationem
1571 1358 1577 1399 ·.

303 1441 456 1523 probatam
471 1441 671 1505 asuescimus.
716 1438 823 1516 Quaeri
838 1449 934 1501 autem
957 1449 1025 1503 ante
1040 1439 1138 1501 omnia
1153 1439 1283 1517 debebat,
1298 1460 1371 1504 num
1387 1461 1460 1523 quae

302 1543 461 1626 probabilis
476 1544 550 1607 ratio
569 1544 700 1625 exputari
719 1552 834 1625 posset,
858 1561 914 1622 qua
932 1542 1058 1623 permoti
1081 1540 1181 1621 tragici
1203 1543 1272 1605 iliud
1288 1542 1460 1607 adiectivum
1570 1564 1576 1605 :

301 1646 499 1721 fastidiissent,
516 1658 545 1709 et
559 1648 584 1709 si
600 1647 710 1710 nullam
721 1664 788 1709 esse
802 1651 962 1725 appareret,
976 1662 1039 1705 non
1054 1644 1190 1706 consulto
1205 1645 1257 1707 sed
1270 1664 1340 1709 casu
1351 1648 1459 1708 iactum
1570 1670 1576 1710 ;

304 1748 429 1824 censeri,
443 1757 476 1811 ut
496 1748 526 1811 in
541 1750 589 1812 bis
605 1768 679 1829 quae
701 1756 801 1811 extant
818 1746 977 1826 tragoediis
992 1764 1139 1828 nusquam
1153 1747 1184 1809 id
1198 1757 1382 1829 usurparent
1419 1749 1460 1811 be
1573 1778 1582 1804 ν

303 1849 447 1912 sententia
471 1857 569 1912 autern
594 1850 651 1912 loci
676 1848 845 1930 Aeschylo,
871 1855 901 1909 et
926 1866 1013 1929 quam
1040 1847 1154 1928 egregie
1179 1849 1249 1912 huic
1272 1850 1340 1913 illud
1362 1851 1458 1932 ipsum
1575 1884 1580 1923 ;

303 1945 440 2037 ἐπαχθῆ
469 1952 637 2024 conveniat,
671 1951 797 2014 diximus
824 1950 856 2011 in
883 1959 1042 2012 comment.
1069 1968 1099 2030 p.
1127 1951 1204 2027 284,
1229 1970 1303 2033 quae
1329 1962 1461 2034 repetere
1571 1984 1576 1993 ·

302 2053 448 2116 hocloco
473 2053 545 2117 nihii
570 2053 681 2115 attinet.
730 2051 819 2128 Quod
844 2060 940 2113 autem
963 2051 1123 2115 Wieselero
1138 2054 1241 2132 piacet,
1267 2064 1300 2117 ut
1322 2049 1459 2142 άπράθη
1580 2097 1582 2122 ι

305 2156 462 2230 scribatur,
485 2156 515 2218 id
530 2173 596 2229 nos,
611 2154 724 2217 etiamsi
739 2155 770 2216 in
786 2152 923 2216 omnibus
938 2152 1088 2217 codicibus
1107 2154 1258 2219 inventum
1276 2165 1367 2233 esset,
1389 2176 1459 2221 aor-
1573 2214 1579 2229 ,

302 2264 423 2338 ruptum
436 2265 536 2320 umen
551 2264 580 2319 et
594 2256 807 2320 exturbandum
822 2255 918 2318 dicere
932 2253 1210 2331 nondubituremus,
1223 2266 1460 2342 utpoteprorsus
1572 2324 1580 2335 ,

304 2359 446 2439 ineptum.
475 2358 544 2439 ipse
554 2358 728 2421 sententiam
743 2358 821 2420 bano
834 2356 960 2418 existere
973 2366 1118 2420 autumat:
1134 2360 1287 2432 „omnia
1301 2363 1460 2426 vendita

304 2461 380 2539 (be.
396 2459 589 2538 inservitum)
607 2469 699 2522 sunt
712 2467 872 2539 praeter
888 2460 994 2538 [quam]
1011 2458 1210 2538 imperare
1224 2462 1329 2525 diis.“
1358 2464 1462 2545 Neque

302 2562 424 2626 dubium
447 2581 513 2625 osse
533 2570 647 2642 potest,
670 2561 744 2641 quin
758 2559 915 2640 significari
935 2559 981 2623 bis
1002 2559 1098 2623 verbis
1113 2561 1250 2637 voluerit,
1273 2584 1463 2629 remorasse

302 2664 376 2726 deos
398 2682 501 2727 ornnes
516 2673 632 2746 praeter
645 2681 738 2727 unum
752 2663 978 2744 imperatorem,
988 2662 1096 2725 lovem.
1140 2663 1201 2726 lam
1216 2677 1249 2728 ut
1263 2668 1462 2731 concedamus

302 2764 512 2847 aliquantisper
526 2801 568 2813 -
582 2764 662 2846 quod
676 2767 810 2845 profecto
825 2781 887 2826 nou
902 2763 987 2827 debet
999 2765 1130 2837 concedi,
1146 2800 1187 2812 -
1206 2769 1323 2832 θεαῖσι
1343 2790 1463 2854 κοιρα-

301 2866 383 2944 νεῖν,
410 2867 486 2930 diis
512 2867 707 2948 imperare,
730 2866 787 2931 dici
807 2864 941 2947 potuisse
965 2884 1020 2945 pro
1048 2867 1198 2931 deorum
1223 2871 1462 2953 imperatore,

302 2964 394 3031 θεῶν
415 2962 567 3052 κοιράνην,
590 2984 629 3031 ne
650 2968 828 3049 sicquidem
843 2966 920 3031 aliud
935 2966 1049 3029 dicetur
1063 2967 1120 3030 iiiia
1137 2972 1246 3048 verbis,
1261 2974 1319 3037 nisi
1335 2976 1461 3038 deorum
1578 3028 1580 3059 ,

300 3069 508 3151 imperatorem
523 3088 584 3133 non
600 3089 666 3133 esse
681 3070 847 3133 rondimm:
861 3084 1012 3148 quumque
1026 3068 1150 3136 addatur
1159 3075 1269 3149 statim
1284 3070 1464 3163 ἐλεύθερος

302 3167 363 3256 γὰρ
379 3162 470 3247 οάιις
491 3165 565 3235 ἐστὶ
585 3167 672 3255 πλην
694 3163 789 3247 Διός,
805 3168 949 3233 ridebitm
962 3170 1121 3251 Aesobylue
1135 3174 1258 3240 libemm
1282 3179 1378 3242 dicero
1392 3180 1462 3261 qui-
1576 3232 1579 3269 3

303 3293 418 3355 cunque
432 3291 494 3336 non
508 3274 636 3350 venierit,
651 3293 707 3353 qua
723 3274 838 3337 ratione
852 3290 987 3336 recusare
1001 3291 1064 3337 non
1078 3278 1253 3356 poterimus,
1268 3283 1339 3362 quin
1352 3300 1462 3346 vernas
1576 3336 1579 3369 ρ

301 3393 419 3457 quoque
433 3374 464 3438 in
479 3375 561 3437 herili
576 3376 667 3438 domo
690 3384 791 3449 natos,
809 3384 860 3438 aut
878 3373 992 3439 belotas
1008 3375 1236 3456 Spartanorum,
1259 3402 1336 3465 quos
1350 3403 1461 3448 renum

300 3476 363 3539 dari
378 3475 534 3539 adominis
548 3494 608 3539 non
623 3476 757 3557 potuisse
772 3486 897 3553 conatu,
916 3485 968 3539 aut
981 3477 1006 3539 si
1019 3480 1068 3559 qui
1083 3483 1139 3546 sub
1155 3491 1344 3565 tyrannorum
1359 3487 1462 3551 domi·
1571 3530 1579 3545 .

299 3576 418 3639 natione
443 3576 553 3643 vivant.
580 3577 636 3640 hos
663 3596 768 3642 omncs
787 3580 929 3662 Aeschylo
955 3584 1063 3649 liberos
1088 3585 1170 3648 risos
1196 3607 1263 3651 esse
1284 3596 1460 3654 statuamus.

301 3681 395 3743 Porro
415 3678 504 3743 ceteri
523 3679 563 3742 dii
583 3698 643 3743 non
664 3680 835 3762 simpliciter
855 3685 970 3760 servire,
987 3686 1040 3749 sed
1055 3687 1179 3751 vendosa
1192 3698 1222 3752 ot
1234 3691 1329 3770 pretio
1344 3693 1463 3756 manci-

302 3780 363 3861 pati
377 3799 444 3842 asse
457 3780 600 3855 dicentur,
617 3782 793 3863 quodquam
801 3782 960 3849 absurdum
972 3788 1019 3863 sit,
1029 3805 1091 3852 non
1102 3808 1179 3870 opus
1190 3800 1237 3854 est
1246 3793 1463 3858 demonstrare
1577 3802 1578 3817 ¹

298 3881 371 3944 Nam
380 3881 642 3962 qnodWieselarus
657 3881 834 3970 πραθῆναι
847 3888 934 3951 etiam
946 3890 1109 3973 improprie
1115 3893 1173 3956 dici
1182 3902 1323 3970 autumat,
1335 3904 1462 3959 testem·
1575 3968 1577 3971 ,

298 4002 355 4063 que
371 3984 439 4046 citat
453 3984 588 4049 Orestem
602 3986 633 4049 in
647 3986 778 4068 Choeph.
794 4008 821 4052 v.
837 3990 900 4054 902
915 3991 987 4054 haee
1000 3992 1158 4071 dioentoma

522 4084 624 4169 διχῶς
644 4081 800 4173 ἐπράθην
821 4079 868 4152 db
889 4084 1063 4180 ἐλευθέρου
1086 4091 1222 4183 πατρός,

298 4184 404 4248 dicitur
418 4205 488 4250 sane
501 4188 540 4251 ibi
557 4183 711 4275 ἐπράθην
724 4190 901 4273 improprie:
917 4196 968 4257 sed
984 4198 1021 4259 do
1035 4218 1071 4260 eo
1084 4199 1198 4274 dicitur,
1214 4201 1263 4282 qui
1278 4220 1381 4283 reapse
1395 4223 1464 4269 non

297 4304 400 4351 servus
415 4289 546 4353 sediiher
559 4300 617 4365 est;
634 4292 790 4356 Wieoelero
803 4304 901 4359 autem
915 4298 982 4362 talia
994 4302 1127 4383 exempla
1136 4304 1281 4367 afferenda
1291 4313 1385 4381 erant,
1396 4306 1463 4382 ubi,

297 4388 347 4469 qui
365 4391 500 4463 serviret,
525 4392 592 4457 lioet
612 4411 674 4458 non
699 4397 833 4463 venditus
855 4409 948 4473 assat,
975 4409 1073 4466 tamen
1098 4400 1277 4489 πραθῆναι
1300 4406 1464 4483 docum,
