3178 5136
776 429 977 530 mee..

297 624 404 707 quibus
424 622 455 684 in
475 621 625 685 reserenda
646 618 817 682 summatim
837 618 981 681 sententio
1000 617 1117 681 alterim
1137 619 1279 682 utendum
1299 619 1339 681 sit
1357 652 1414 695 -‚
1427 624 1457 680 et

297 746 354 808 qua
369 726 481 789 ratione
495 726 639 806 perlectae
653 722 777 785 actionis
792 720 978 803 participium
993 721 1194 785 aPhilodemo
1206 722 1337 804 positum
1348 720 1457 790 oraim,

295 830 320 891 si
336 829 406 891 isle
417 827 556 890 relatione
565 825 699 888 nondum
709 842 727 886 a
739 841 771 885 se
781 825 862 899 lactu
877 825 928 886 sed
939 842 1019 887 nunc
1030 824 1127 905 ipsum
1139 824 1269 888 iacienda
1279 825 1457 906 loqueretur,

296 950 388 1012 quum
403 930 517 1011 linguae
536 929 581 992 lex
601 937 650 991 aut
664 928 788 990 iniectae
807 927 930 989 actionis
949 926 1148 1009 perticipium,
1167 919 1456 1012 κεφαλαιούμενοι,

297 1043 347 1096 out
369 1033 455 1095 etiam
477 1032 592 1106 coristi,
617 1022 932 1115 κιφαλαιωοόμονοι
953 1030 982 1091 h.
1005 1049 1031 1093 e.
1051 1022 1109 1094 tola
1129 1021 1457 1116 κιφαλαιωσιόμιθα,

295 1144 444 1217 posceret,
457 1169 500 1180 -
515 1134 699 1215 oneratione
714 1133 841 1215 deniqne
855 1133 984 1195 medinm
1000 1150 1091 1213 genos
1106 1133 1187 1195 verbi
1200 1151 1257 1215 pro
1265 1133 1358 1196 activo
1366 1150 1458 1194 usur-

294 1245 395 1318 putum
412 1236 528 1298 defendi
542 1244 572 1299 et
585 1235 721 1317 explican'
736 1235 841 1316 possit,
856 1236 942 1317 plane
955 1253 1018 1298 non
1031 1235 1168 1316 intelligo.
1195 1236 1295 1317 Neque
1302 1234 1372 1297 illud
1379 1242 1460 1296 recte

296 1340 372 1413 lecit,
388 1340 467 1419 quod
483 1334 527 1401 τὰ
547 1334 614 1400 τῶν
634 1329 742 1400 litteo
756 1339 964 1422 interpretatur
978 1338 1107 1402 ολίοιιιιιι
1121 1337 1239 1418 placita,
1256 1355 1348 1417 quum
1363 1335 1459 1415 signi-

295 1442 418 1504 ficentur
433 1441 539 1521 placita
554 1452 731 1504 ceteromm:
750 1450 800 1504 aut
820 1442 907 1522 quod·
918 1437 985 1503 cuia
1004 1432 1113 1503 ἄλλων
1129 1440 1187 1502 dici
1206 1439 1340 1521 potuisse
1354 1438 1459 1513 credit,

294 1545 320 1606 si
346 1542 534 1607 Philodemus
554 1544 599 1606 illa
620 1543 724 1625 placita
746 1543 822 1606 dolas
842 1547 1004 1626 muuspium
1023 1561 1110 1624 mam
1137 1542 1334 1623 Theophrasti
1359 1542 1461 1604 dicore

294 1647 393 1722 voluit,
406 1665 498 1727 quum
513 1646 668 1709 dicendum
683 1647 760 1709 haud
776 1646 865 1710 dubie
880 1647 984 1710 tmsset
1004 1636 1104 1709 ὁλλοο
1129 1638 1234 1720 τινόςε
1257 1662 1382 1726 prorsus
1401 1662 1459 1707 au·

294 1758 354 1811 tem
374 1749 529 1825 absonum,
545 1750 624 1830 quod
638 1742 848 1830 μιταλλεόειν
860 1740 943 1831 ὁπέρ
957 1768 1046 1824 τινος
1060 1766 1112 1811 eos
1127 1747 1184 1810 (lici
1198 1747 1332 1829 potuisse
1347 1748 1458 1828 opina·

294 1860 355 1925 tur,
379 1852 428 1932 qni
443 1851 568 1932 aliquem
584 1852 767 1914 controversi
789 1851 887 1932 operis
908 1859 1058 1914 auctorem
1073 1870 1140 1914 esse
1155 1850 1346 1925 contendant,
1361 1867 1457 1932 qurum
1576 1858 1577 1869 ¹

292 1948 510 2033 perattentos,
526 1954 552 2016 si
566 1953 704 2017 translate
717 1962 887 2036 usurpatur,
902 1954 977 2017 nihil
990 1953 1154 2033 significare
1167 1953 1264 2034 possit
1281 1952 1340 2015 nisi
1355 1950 1461 2013 αόιλιλιι

293 2061 424 2118 coactori
435 2067 463 2118 et
472 2060 678 2138 peruectipore,
694 2066 724 2118 et
736 2057 795 2119 hoc
807 2057 875 2138 ipso
891 2074 982 2119 sensu
996 2055 1032 2118 ab
1047 2070 1098 2131 eo,
1113 2074 1172 2136 qno
1187 2054 1379 2118 Philodemus
1393 2053 1458 2116 uti·
1576 2070 1577 2077 ¹

293 2168 354 2231 tur,
374 2159 488 2221 dicendi
508 2177 613 2239 genere
632 2159 758 2222 alienum
783 2161 835 2221 sit:
854 2168 1007 2240 postremo
1028 2160 1162 2221 omnium
1182 2157 1308 2221 maxime
1332 2156 1457 2231 mirum,

293 2262 372 2341 quod
392 2254 497 2324 ὁπότε
514 2253 574 2323 καί
591 2278 653 2323 non
673 2262 903 2343 pumtdopau'dem
920 2267 1007 2325 etiam
1025 2282 1042 2324 e
1062 2261 1207 2325 constanti
1225 2278 1284 2324 usu
1302 2258 1458 2339 loquendi,

293 2363 346 2425 sed
361 2364 379 2425 i.
395 2382 423 2444 q.
438 2357 497 2425 xci
512 2353 625 2441 ὁπότε,
641 2363 700 2425 hoc
717 2364 817 2444 ipsum
835 2374 933 2428 autem
948 2366 966 2428 i.
983 2386 1010 2447 q.
1028 2359 1086 2427 καὶ
1108 2357 1143 2427 όν
1158 2355 1316 2442 (τούτοις,
1331 2354 1381 2439 ἐν)
1402 2347 1459 2437 οἷς

295 2466 458 2545 significare
472 2463 572 2540 voluit,
585 2472 614 2527 ct
630 2456 862 2549 ἀποψομένοις
879 2468 1087 2549 interpretatus
1102 2474 1147 2529 est
1166 2469 1194 2529 ai
1212 2482 1386 2548 comparare
1405 2482 1458 2526 m

293 2567 457 2642 uoluissent,
472 2587 564 2648 quum
578 2585 675 2649 neque
690 2559 819 2654 ἀφορᾶν
832 2571 874 2631 sit
887 2589 1069 2651 comparere,
1086 2568 1455 2650 (aeneiaspiccreqnidom

293 2678 323 2731 et
337 2670 487 2750 dilipmer
502 2670 701 2751 contemplari,
716 2670 741 2732 si
758 2671 823 2751 quis
834 2673 894 2736 hoc
906 2675 1032 2735 tortasse
1046 2691 1102 2752 pro
1117 2671 1166 2733 illo
1186 2672 1278 2734 altero
1295 2671 1456 2747 maluerit),

293 2789 390 2852 neque
415 2771 601 2854 participium
626 2773 715 2834 tutoni
735 2773 790 2836 (lici
811 2776 907 2855 possit
921 2776 957 2838 de
971 2776 1146 2847 coactione,
1161 2792 1249 2855 qnam
1264 2773 1344 2854 quis,
1360 2791 1455 2852 quum
1576 2796 1577 2803 ¹

293 2874 440 2936 debuisset
453 2874 556 2947 lacere,
572 2874 806 2955 praetermisisse
821 2878 961 2957 argentm.
990 2878 1090 2958 ltaque
1104 2877 1205 2940 ursam
1221 2894 1287 2937 esse
1300 2876 1388 2938 istam
1403 2876 1455 2936 in-

292 2977 539 3057 terpretationem,
554 2986 584 3039 et
596 2994 779 3059 nequaquam
793 2979 832 3042 ita
846 2980 1043 3043 demonstrari
1058 2979 1126 3043 illud
1141 2998 1242 3061 posse,
1257 2977 1337 3058 quod
1348 2976 1455 3040 Goott·

292 3079 398 3159 lingius
414 3079 515 3153 voluit,
532 3079 719 3143 manifestum
740 3091 795 3144 est.
825 3081 917 3144 Nobis
931 3101 1015 3158 vero,
1029 3083 1100 3145 dum
1115 3080 1295 3163 prohabilem
1310 3080 1368 3143 loci
1382 3098 1454 3143 eor·

293 3181 458 3261 ruptissimi
484 3182 699 3246 restitutionem
717 3191 746 3246 et
764 3184 939 3248 intellectum
960 3185 1142 3265 quaerimus,
1162 3183 1232 3246 illud
1252 3183 1455 3264 maximopere

293 3281 453 3344 dolendum
468 3292 521 3358 est,
536 3285 616 3365 quod
630 3285 849 3366 Neapolitanum
864 3287 1021 3350 editionem
1035 3287 1349 3368 oculisusnrparsnon
1359 3285 1453 3347 licarit

291 3385 334 3447 lta
348 3384 426 3446 enim
446 3403 541 3465 neque
559 3386 595 3449 de
616 3388 784 3451 lacunarum
801 3389 916 3470 spatiis,
940 3409 1037 3471 neque
1056 3391 1093 3453 de
1108 3390 1143 3452 iis
1157 3388 1265 3463 verbis,
1280 3406 1355 3468 quae
1369 3395 1454 3450 extra

291 3487 408 3549 lacunas
424 3495 502 3562 sunt,
518 3489 589 3550 satis
604 3500 786 3571 compertum
803 3490 954 3565 hahemus,
981 3492 1155 3556 indubiaene
1167 3490 1265 3554 omnia
1279 3500 1309 3553 et
1333 3490 1454 3569 per-spi·

293 3588 524 3665 coelectionis,
539 3610 589 3665 an,
609 3593 689 3673 qnod
707 3595 767 3655 reri
788 3593 911 3657 similius
927 3603 986 3669 est,
1005 3595 1148 3658 nonnulla
1168 3612 1287 3668 cornua,
1302 3592 1405 3654 littetis
1421 3591 1455 3655 iu

238 3699 271 3749 25
293 3692 398 3754 adusto
413 3710 524 3773 papyro
539 3692 605 3774 plus
619 3693 717 3757 minum
731 3697 860 3760 evanidis
875 3699 954 3761 etad
969 3696 1207 3778 cognoscendum
1222 3694 1399 3769 difficilibus,
1415 3712 1454 3757 ex

291 3794 458 3857 coniectura
472 3794 572 3875 polius
588 3795 733 3860 editorum
748 3817 837 3879 mam
851 3820 868 3863 e
882 3808 958 3864 certa
973 3801 1097 3865 lectione
1117 3800 1215 3881 posita
1230 3799 1298 3863 sint
1327 3797 1453 3860 Interim

291 3897 405 3959 ridetur
421 3896 508 3960 nohis
533 3896 698 3961 Philodemi
724 3901 816 3963 oratio
836 3904 865 3965 in
891 3903 970 3966 hunc
995 3905 1055 3966 lere
1074 3903 1197 3966 modum
1210 3901 1325 3966 restitui
1343 3917 1451 3982 posse:

292 3995 410 4084 [δῙῆλον
425 3989 522 4085 δ’ἤὸη
539 3991 592 4064 ὁτι
608 4002 770 4080 (autetiam
788 4001 885 4088 δῆλον
900 4000 942 4090 ὁὸ
959 3999 1063 4083 διότι)
1078 3998 1136 4067 καὶ
1153 4001 1239 4092 πρὸς
1255 4008 1297 4084 [τὰ
1310 4003 1453 4081 πλεῖσ]τα

289 4098 356 4163 τῶν
378 4095 594 4187 Θεοφράστου
612 4105 866 4187 [διαφερόμεθα
890 4108 964 4183 ταῖς
991 4102 1181 4188 curopalate]
1207 4102 1338 4172 loetum
1357 4124 1453 4168 κεκι-

291 4195 540 4292 maledomim,
556 4203 693 4284 μΙᾶλλον
707 4203 745 4272 δὲ
763 4203 820 4272 καὶ
834 4205 877 4272 τὰ
891 4206 955 4272 τῶν
974 4200 1116 4291 hutoni·
1131 4204 1276 4288 ἅπαντες
1305 4205 1367 4293 γὰρ
1383 4200 1453 4272 ὥσ·

290 4332 354 4396 περ
371 4314 473 4392 [οὐδὲν]
489 4304 764 4391 μειηλλμχλασιν,
780 4301 887 4375 ὁπότε
907 4308 966 4375 καὶ
983 4307 1198 4401 Θεόφραστος
1217 4304 1277 4377 ἀπ’
1294 4304 1451 4395 [αὑτοῦ]ἔ[ν

288 4415 418 4492 ὀιιγΙοις
430 4405 629 4476 διαλλάττει.
645 4414 674 4476 h.
690 4434 715 4477 e.
732 4424 856 4495 apparet
874 4425 970 4479 οιιιαιι
987 4436 1041 4480 noa
1059 4421 1147 4480 etiam
1162 4417 1339 4500 eplort'spue
1356 4418 1448 4483 Πιιο-
