3164 5138
309 1528 368 1618 DE
394 1526 676 1623 ARISTOTELIS
701 1528 900 1623 tunsum
924 1529 1162 1624 amandu
1183 1530 1417 1625 HPIGORUH.

254 1841 270 1891 3
373 1813 544 1904 (luodolim
557 1830 770 1892 F.A.Woldus
785 1830 992 1912 pronuntiavit,
1007 1831 1121 1911 Proieg.
1136 1831 1270 1894 adHom.
1286 1851 1315 1913 p.
1332 1830 1443 1906 CXXV,
1546 1823 1554 1829 ’

283 1950 350 1994 sero
363 1928 489 1994 Graecos
505 1930 641 1993 didicisse
652 1931 680 1993 iu
690 1932 773 2014 poesi
782 1942 877 1996 totum
890 1952 1011 2014 ponere,
1026 1934 1086 1996 hoc
1095 1934 1194 1997 minus
1204 1942 1281 1996 recte
1292 1953 1308 1995 a
1321 1951 1442 1997 summo

283 2033 383 2096 critico
399 2033 556 2096 iudicatum
570 2053 636 2096 esse
650 2034 737 2097 hodie
752 2035 868 2115 quidem
884 2035 961 2116 apud
977 2037 1138 2118 permultos
1154 2039 1224 2100 satis
1238 2035 1353 2098 ridetur
1367 2052 1443 2097 con·

283 2144 370 2199 stare.
395 2136 527 2217 Namque
540 2136 707 2199 Dissenium
722 2137 821 2218 potius
836 2139 1013 2202 audiendum
1028 2156 1094 2201 esse
1109 2149 1239 2213 censent,
1254 2137 1312 2219 quii,
1327 2136 1443 2215 Proleg.

283 2239 319 2301 ad
333 2238 417 2301 Pind.
433 2258 463 2320 p.
478 2238 630 2315 LXXXIX,
645 2239 717 2301 nihii
733 2239 861 2302 Graecos
876 2241 968 2321 magis
984 2260 999 2302 a
1014 2241 1159 2321 principio
1173 2243 1204 2304 in
1219 2240 1325 2304 artium
1341 2237 1443 2319 operi-

283 2340 338 2403 bus
352 2350 382 2403 et
395 2341 512 2421 scriptis
526 2349 669 2420 sequmos
684 2360 750 2403 esse
764 2342 897 2417 affirmat,
908 2361 999 2422 quem
1012 2343 1082 2404 iHud
1096 2343 1206 2421 ipsum,
1221 2342 1299 2422 quod
1315 2341 1445 2402 Wolfius

282 2463 335 2505 eos
356 2462 422 2506 sero
442 2442 580 2505 didicisse
595 2442 698 2517 voluit,
718 2460 774 2504 nec
786 2443 874 2505 uHam
890 2452 1005 2524 gentem
1020 2445 1123 2516 tuisse,
1139 2464 1212 2525 quae
1226 2442 1445 2523 ingeniosiores

283 2545 487 2626 excogitaverit
500 2544 740 2626 compositiones.
771 2543 845 2617 Quis
859 2552 955 2607 autem
970 2545 1093 2626 ignorat,
1109 2555 1217 2626 quanto
1232 2546 1330 2609 studio
1346 2563 1445 2625 quan·

282 2658 369 2729 taque
388 2647 575 2710 contentione
593 2647 679 2710 etiam
694 2645 838 2719 Homero,
858 2655 1011 2728 poetarum
1031 2647 1251 2729 antiquissimo,
1269 2648 1345 2711 banc
1358 2648 1443 2728 iuge·

282 2751 385 2813 niosae
401 2749 627 2831 compositionis
641 2748 756 2811 budam
770 2749 949 2812 recentiores
964 2751 1056 2813 critiri
1069 2748 1298 2814 vindicaverint?
1327 2751 1443 2824 Quam-

283 2871 371 2933 quam
389 2871 428 2914 ne
442 2851 565 2913 Woifius
584 2851 702 2931 qiudenr
721 2851 757 2913 ab
781 2851 869 2915 iliade
888 2860 917 2914 et
934 2852 1076 2933 Odyssea,
1102 2852 1203 2933 quales
1227 2853 1316 2915 bodie
1335 2860 1444 2926 extant,

282 2954 409 3017 soHertis
424 2960 586 3016 structurae
599 2953 715 3015 laudern
731 2953 914 3016 abiudicavit:
933 2973 995 3017 non
1010 2963 1108 3018 tamen
1128 2955 1216 3016 veteri
1231 2954 1360 3017 Homero
1375 2973 1442 3016 eam

281 3056 467 3119 tribuendam
481 3074 547 3117 esse
562 3055 683 3128 censuit,
699 3056 751 3117 sed
765 3055 922 3136 posteriori
942 3057 1056 3119 cuidam
1072 3075 1141 3120 aevo
1163 3057 1293 3137 politiori
1312 3056 1443 3119 artibus-

280 3179 339 3239 que
358 3157 578 3230 abundantiori,
597 3176 689 3237 quum
712 3157 946 3221 auirnadrersum
966 3167 1056 3234 esset,
1076 3179 1149 3241 quae
1169 3159 1241 3222 oiim
1258 3176 1392 3222 seorsum
1412 3168 1445 3219 et

280 3262 360 3324 nulla
374 3260 555 3342 spectatione
565 3261 716 3323 universae
730 3262 841 3324 formae
853 3268 967 3325 cantata
981 3269 1088 3349 essent,
1104 3281 1137 3324 ea
1151 3261 1252 3343 paucis
1267 3260 1442 3334 recidendis,

276 3364 435 3436 addendis,
465 3363 613 3425 mutandis
639 3364 676 3425 ad
705 3363 926 3444 perpetuitatem
951 3364 1039 3427 unius
1064 3364 1163 3445 magni
1189 3363 1321 3444 corporis
1347 3362 1441 3441 redigi

282 3484 379 3546 posse
423 3466 537 3545 Proleg.
553 3485 583 3545 p.
599 3464 697 3528 CXXX
725 3465 786 3546 ipsi
805 3475 901 3529 autem
920 3486 990 3529 aero
1006 3467 1161 3529 Homerico
1176 3485 1215 3529 ne
1228 3465 1298 3528 iliud
1315 3483 1441 3544 compo-

281 3567 396 3629 sitionis
413 3566 567 3629 artificium
582 3566 760 3630 adscriberet
773 3587 865 3648 quum
878 3568 941 3630 aliis
954 3568 1128 3649 quibusdam
1142 3568 1304 3631 rationibus
1318 3584 1441 3647 peruro-

281 3679 328 3731 tus
343 3676 401 3743 est,
423 3677 485 3731 tum
506 3669 680 3751 cyclicorum
699 3677 854 3750 poetarum
874 3679 1110 3752 ceteronrmquc,
1131 3671 1180 3750 qui
1199 3670 1328 3733 Homero
1349 3677 1442 3731 aetate

280 3771 407 3852 proximi
423 3771 548 3847 suerunt,
564 3772 792 3853 comparatione.
836 3773 1027 3847 „Etenim“
1041 3772 1136 3854 iuquit
1149 3792 1179 3854 p.
1195 3771 1307 3837 CXXVI
1323 3772 1443 3852 „legat

279 3874 386 3936 uobis
407 3874 539 3954 aliquis
554 3874 731 3956 epitomas
747 3875 827 3937 illas
842 3875 1049 3956 Cypriorum
1068 3884 1101 3938 et
1121 3876 1271 3940 aliorum
1287 3874 1442 3955 quinque

281 3977 475 4038 carminum
500 3995 612 4058 nuper
639 3977 764 4049 editas,
790 3985 824 4038 ct
849 3976 1068 4057 experiatur,
1094 3996 1137 4040 an
1159 3978 1194 4040 in
1220 3977 1293 4040 ulio
1317 3995 1440 4038 eorum

279 4080 490 4161 primarium
504 4080 660 4152 beroem,
681 4088 741 4141 aut
754 4078 959 4159 primariam
973 4079 1162 4155 actionem,
1179 4089 1236 4144 ant
1249 4079 1441 4160 repetitam

248 4193 263 4242 4
282 4201 322 4243 ex
344 4182 475 4244 mediis
497 4181 603 4245 rebus
630 4180 889 4254 narrationem,
918 4181 1034 4261 qualis
1056 4181 1092 4244 iu
1114 4182 1271 4264 Odyssea
1292 4189 1359 4257 est,
1380 4201 1441 4243 re-

280 4284 406 4365 periat
461 4283 640 4346 Perceuse
664 4281 748 4344 item
773 4284 909 4364 reliqua
933 4283 1032 4347 illius
1058 4286 1133 4347 aeri
1158 4285 1257 4365 epica
1283 4282 1441 4346 carmina

280 4385 356 4448 sive
371 4385 565 4450 carminum
580 4393 801 4465 argumenta,
821 4386 1048 4468 genealogias
1068 4384 1214 4451 deorum
1230 4393 1265 4448 et
1282 4386 1441 4461 heroum,
