3290 5142
678 486 828 584 ἐκέ

175 694 237 742 non
255 683 354 761 potest
375 676 446 758 quin
460 673 676 739 delicatioribus
691 673 869 756 quibusdam
883 673 990 737 oriuois
1004 672 1052 735 vix
1064 670 1220 734 ferendum
1234 668 1335 736 ridea-

174 789 232 855 tur,
249 782 275 843 ei
289 780 410 863 quidem
425 786 514 856 certe,
531 779 582 860 qui
595 779 627 841 in
640 777 721 840 lahn.
738 776 842 840 Annal.
856 776 957 858 philol.
971 775 1028 838 rol
1041 774 1143 836 lxxv
1153 794 1182 857 p.
1191 775 1255 838 471
1268 793 1335 839 rer·

175 902 228 947 sus
246 884 309 945 616
324 883 485 947 clausulam
500 874 617 966 εἰσορᾷ
637 877 765 963 πικράς
778 886 900 963 propter
914 879 1042 942 similem
1057 878 1218 942 clausulam
1233 897 1336 943 remus

177 986 239 1049 616
264 974 353 1050 οἷ’σει
373 980 503 1069 πικρῶς
522 984 707 1048 emendando
726 1002 878 1047 removere
898 990 1022 1046 conatus
1042 990 1096 1045 est
1133 982 1195 1045 Nos
1214 983 1336 1065 quidem

176 1089 346 1151 huiusmodi
360 1088 576 1170 negligentiam,
591 1088 623 1150 in
636 1089 693 1152 heo
707 1087 880 1170 praesertim
890 1086 997 1160 fabula,
1011 1087 1156 1167 patienter
1166 1085 1335 1151 toleramus.

262 1191 435 1273 Sequuntur
448 1209 550 1254 versus
561 1191 703 1273 glyconioi
712 1191 745 1252 in
754 1191 907 1272 stropham
919 1196 949 1253 et
960 1189 1178 1270 antistrophum
1188 1189 1336 1272 descripti,

180 1294 359 1369 true-143,
373 1293 481 1375 unibus
496 1294 647 1358 mutandis
660 1294 714 1358 lon
728 1293 863 1356 vemendi
877 1292 1009 1356 laborem
1024 1292 1203 1356 consoletur.

459 1386 534 1480 ’θάμ’
557 1386 584 1458 αδ
605 1391 765 1483 νεηθαλὲς
786 1381 815 1459 οἷ

460 1496 640 1576 καλλίστας
660 1494 885 1584 προπόλευμα
906 1492 1045 1586 δάφνας,

466 1591 570 1666 diade
593 1594 723 1682 Φοίβου
744 1597 892 1684 θυμέλαν

464 1697 592 1789 σαίρεις
612 1697 682 1768 dard
701 1704 796 1782 ναοῖς

462 1800 578 1890 κήπων
599 1800 636 1884 ἐξ
655 1799 835 1871 άθανάτων
858 1843 900 1855 -

177 1913 307 1976 laurum
334 1916 474 1991 tanquam
494 1910 661 1974 ministram
680 1909 854 1992 alloquitur:
879 1929 949 1974 nam
968 1904 1190 1996 προπόλευμα
1210 1904 1339 1999 δάφνας

178 2014 251 2077 nilril
270 2014 348 2077 aliud
367 2021 413 2077 est
434 2032 523 2094 quam
539 2007 650 2098 δάφνα
663 2007 921 2095 προπολείσυσα
934 2021 987 2077 aut
1000 2008 1169 2099 πρόπολε,
1194 2022 1230 2079 ut
1242 2017 1340 2078 solent

179 2134 392 2199 saepenumero
407 2116 598 2179 abstracta
618 2134 681 2198 pro
702 2116 899 2179 concretis
913 2117 994 2198 poni,
1011 2111 1176 2198 δούλευμα
1190 2135 1245 2200 pro
1261 2113 1341 2180 δαῦ-

179 2217 237 2283 λαι
264 2239 290 2281 ε.
320 2219 397 2281 761:
427 2215 574 2301 γυναῖκες
599 2208 700 2282 ἱστῶν
725 2214 792 2283 τῶν
817 2211 906 2299 ἐμῶν
926 2212 984 2282 καὶ
1004 2217 1154 2302 κερκίδος
1175 2214 1340 2303 δούλευμα

179 2316 312 2385 πιστόν.
335 2314 565 2406 -λάτρευμα
587 2340 641 2404 pro
662 2315 787 2406 λάτριν,
809 2320 1032 2386 l'road.1105:
1058 2313 1200 2386 Ἰλιόθεν
1222 2315 1278 2387 ὅτι
1297 2342 1341 2405 με
1405 2314 1407 2321 ’

180 2417 428 2508 πολυδάκρυτον
449 2414 586 2487 Ἑλλάδι
616 2417 784 2509 λάτρευμα
814 2421 920 2507 γᾶθεν
947 2418 1095 2508 ἐξορίζει.
1124 2461 1167 2471 -
1193 2420 1342 2512 κήδευμα

180 2547 234 2611 pro
249 2520 402 2612 κηδεστά,
425 2527 521 2590 Orest.
537 2548 564 2589 r.
580 2529 658 2590 477:
682 2514 711 2589 ὦ
731 2527 826 2614 χαῖρε
846 2523 903 2592 καὶ
924 2521 976 2606 σί,
998 2526 1181 2605 Μενέλεως,
1203 2521 1341 2615 κήδευμ’

180 2624 275 2710 ίμόν,
294 2629 407 2710 aliaque
428 2630 490 2692 uus
510 2631 625 2711 generis
644 2631 780 2713 plurima.
810 2631 979 2695 Genitivum
998 2638 1097 2695 autem
1118 2626 1248 2717 δάφνας
1261 2642 1340 2698 reete

181 2732 365 2797 definitivum
385 2739 436 2795 aut
455 2733 658 2814 explieativum
678 2734 799 2808 dixeris,
821 2734 931 2818 quippe
951 2736 1002 2818 qui
1015 2735 1135 2800 deliniat
1149 2730 1342 2820 προπολεό·

181 2855 285 2917 ματος
303 2835 457 2900 notionem
479 2836 633 2900 indicanda
652 2855 688 2900 ea
705 2856 752 2912 re,
775 2855 849 2919 quae
867 2838 917 2901 illo
937 2838 1079 2902 vocabulo
1095 2839 1262 2903 denotetur.
1292 2840 1342 2902 Sio

182 2934 357 3023 Κάστορος
378 2929 513 3020 άμαλμα
532 2932 698 3024 πατρίδος
716 2941 749 3003 in
767 2941 869 3003 Helen.
888 2959 915 3004 κ.
935 2940 998 3005 207
1012 2941 1085 3005 nihil
1099 2942 1176 3007 aliud
1191 2949 1238 3007 est
1252 2961 1340 3025 quam

182 3035 315 3124 άγαλμα
344 3039 508 3125 πατρίδος
530 3035 675 3124 Κάστωρ
701 3050 752 3106 aut
772 3037 916 3128 Κάστωρ
941 3037 1093 3127 πατρίδα
1118 3036 1284 3128 άγάλλων,
1312 3053 1343 3109 et

182 3146 276 3228 Soph.
290 3145 396 3209 Electr.
411 3164 437 3207 v.
454 3144 527 3207 672.
549 3139 679 3208 κλεινὸν
687 3135 843 3222 Ἑλλάδος
862 3139 1031 3232 πρόσχημ’
1052 3138 1177 3230 ἀγῶνος
1191 3155 1343 3212 osrtamen

182 3249 322 3331 Pphlnm
336 3247 451 3323 dioitru,
469 3246 549 3329 quod
560 3247 696 3312 Graeciae
711 3249 809 3312 deeori
820 3256 877 3325 est,
893 3240 983 3332 άμδν
996 3245 1173 3339 πρόσχημα
1186 3241 1247 3314 dr:
1263 3268 1341 3334 quo-

182 3370 250 3415 rum
277 3351 421 3414 rationem
442 3350 494 3431 qui
513 3357 594 3414 reete
614 3353 808 3435 perspexerit,
835 3370 898 3415 non
916 3352 1059 3417 dirersm
1080 3373 1145 3418 esse
1164 3354 1343 3436 intelliget„

182 3453 318 3518 lormnlis
333 3453 580 3535 frequentissimis
593 3447 686 3529 τέλος
705 3446 884 3534 θανάτοιο,
907 3447 1062 3537 ὅπλισμα
1075 3449 1221 3542 κορόνης,
1238 3449 1344 3522 dont-

184 3554 243 3632 δος
263 3548 379 3641 ἔρυμα,
398 3549 524 3631 σκέπας
543 3549 727 3640 μελάθρου,
750 3551 927 3641 δράκοντος
945 3554 1069 3623 δεινοῖο
1083 3554 1195 3641 πέλωρ
1210 3578 1245 3624 ao
1258 3560 1344 3623 sirni-

182 3660 273 3734 libus,
300 3676 425 3742 quarum
451 3659 583 3740 exempla
607 3659 701 3723 ubivis
727 3667 836 3725 extant.
875 3663 978 3744 ltaque
1004 3679 1098 3744 quum
1122 3652 1345 3745 προπόλευμα

184 3756 312 3848 δάφνας
330 3762 410 3825 idem
430 3762 572 3844 significet
591 3770 679 3846 atque
698 3756 810 3851 δάφνα
835 3756 989 3849 πρόπολε
1009 3765 1055 3827 rel
1078 3756 1342 3846 προπολεόαυδα,

183 3884 246 3930 non
263 3865 374 3929 mirrun
393 3864 424 3928 in
446 3866 582 3947 proximo
598 3884 684 3929 versu
696 3885 865 3949 pronomen
879 3868 1033 3932 relativum
1048 3868 1085 3931 ad
1100 3860 1229 3955 δάφνας
1242 3867 1343 3949 potius

183 3988 273 4051 ραεια
304 3968 340 4031 ad
367 3961 586 4051 προπόλευμα
611 3972 865 4035 accommodatum
893 3991 969 4035 esse.
1009 3971 1123 4035 [licitur
1147 3977 1246 4035 auum
1271 3971 1345 4035 haee

183 4074 284 4136 laurus
303 4063 421 4156 κήπων
440 4064 479 4146 ἐξ
500 4062 695 4151 ἀθανάτων,
715 4074 826 4137 scilieet
844 4075 1020 4157 deoerpta
1040 4080 1091 4138 aut
1105 4073 1242 4149 ablate,
1262 4074 1344 4157 quod

184 4192 278 4257 mum
293 4192 346 4238 sua
361 4181 468 4257 sponte
482 4182 595 4257 pateat,
614 4192 676 4239 non
691 4195 767 4259 opus
780 4176 837 4240 luit
851 4176 950 4240 addito
965 4177 1133 4259 participio,
1148 4177 1227 4243 velut
1242 4173 1345 4263 δρεφ·

184 4277 300 4356 θεῖσα,
322 4278 405 4360 quod
427 4277 611 4355 Badhamus,
630 4278 662 4342 in
680 4278 833 4359 Philologo
855 4280 910 4342 vol.
929 4280 980 4344 llll
999 4300 1028 4363 p.
1044 4280 1146 4359 277⁴)
1165 4279 1344 4364 requiram,

251 4414 278 4481 4)
295 4413 415 4469 Badiam
433 4417 567 4471 editionem
582 4415 781 4487 humlonarias,
797 4431 860 4486 quae
872 4415 982 4472 Londini
993 4433 1050 4472 ann.
1064 4416 1230 4474 unccculu
1239 4416 1345 4487 prodiit,

183 4514 308 4572 usurpare
320 4516 394 4571 quum
405 4502 467 4556 daeo
479 4502 618 4557 scriberem
629 4518 679 4556 non
693 4504 772 4574 potui,

1100 4586 1144 4651 ὅ*
