3190 5136
602 530 625 536 ,
669 442 727 539 1⁶.ss

117 624 300 688 Burmannus
315 635 396 689 reete
406 627 526 709 quidem
541 630 687 705 intellexit,
700 625 818 693 πειθιδ
829 625 963 710 μολπᾶν
978 631 1033 691 isto
1046 627 1201 691 sensudici
1216 645 1279 691 non

118 728 258 807 potuisse,
272 727 399 809 ideoque
407 726 529 792 need
542 732 755 795 nominativum
767 752 833 795 esse
845 733 945 795 statuit
956 741 984 793 et
996 731 1075 793 verbi
1085 722 1277 793 καταπνείιι

119 828 295 904 anbieotum,
316 832 364 893 rui
378 849 434 911 pro
450 833 564 895 obicem
578 827 720 913 μολπάν,
734 835 899 899 aromatite
915 854 994 910 casu,
1009 834 1153 913 adiungit,
1176 834 1228 897 sed
1244 835 1279 896 de

119 931 302 1012 reliquorum
324 934 480 997 velerum
504 937 645 999 mutantia
667 955 728 999 non
748 957 928 1019 magnopere
948 937 1106 1001 aFranzia
1125 937 1278 1017 discrepat.

120 1034 191 1097 Nam
206 1025 316 1097 ἀλκάν
330 1046 359 1098 et
374 1036 437 1116 ipse
451 1037 488 1099 de
501 1039 585 1113 bello,
600 1030 705 1103 αἰῶνα
721 1032 806 1125 itaq
820 1034 989 1126 σύμφυτον
1004 1040 1040 1101 de
1055 1048 1186 1119 tempore
1201 1038 1277 1101 aoei-

120 1138 161 1217 pit
174 1138 257 1217 quod
272 1138 348 1200 bello
364 1140 431 1200 latis
445 1142 631 1221 praefinitum
645 1142 693 1218 sit,
709 1144 958 1211 oonsuuetionem
970 1162 1038 1206 aero
1054 1143 1129 1207 lane
1143 1159 1209 1205 esse
1222 1158 1280 1221 pu-

121 1248 172 1314 tat,
192 1251 227 1304 ut
242 1232 333 1325 α’λιιᾷ
348 1236 518 1327 σύμφυτος
531 1236 614 1307 elada
627 1264 680 1325 per
694 1246 911 1327 appositionem
930 1245 1074 1309 adiectum
1095 1246 1133 1311 sit
1152 1244 1189 1307 ad
1205 1263 1279 1305 πει-

120 1336 183 1417 θώ,
199 1362 262 1421 quo
278 1343 456 1423 significetur
470 1346 499 1408 id
514 1366 573 1427 qno
590 1348 699 1410 nitatur
713 1368 746 1410 ea
760 1346 874 1411 fiduada.
917 1349 958 1411 De
973 1347 1143 1411 huiusmodi
1159 1347 1280 1427 apposi-

121 1446 199 1506 tione
213 1445 286 1525 quid
302 1446 348 1507 alii
364 1450 480 1510 sensuri
496 1449 556 1511 sint
570 1450 685 1511 nescio:
705 1449 778 1513 mihi
793 1451 912 1531 qaudam
925 1452 972 1515 viu
985 1450 1130 1515 credibilis
1152 1469 1218 1511 esse
1236 1449 1279 1510 vi·

120 1548 212 1609 δυιιιι.
250 1548 371 1623 Deinde,
388 1561 420 1612 ut
435 1543 631 1632 possit-oliuo?
646 1552 772 1615 debello
787 1552 1278 1635 euripi-quamquamlooorum

119 1651 168 1714 mi
181 1653 226 1713 sie
241 1651 335 1731 aodpi
349 1660 461 1732 potest,
480 1653 557 1716 velut
571 1654 651 1734 Sept.
673 1656 720 1717 ad.
737 1655 828 1717 Theb.
846 1676 878 1717 v:
888 1656 949 1718 855
965 1656 1147 1735 aliorumque
1166 1653 1202 1719 ab
1216 1652 1278 1715 aliis

120 1754 276 1817 citatorum
291 1754 405 1817 diversa
420 1764 517 1817 tamea
532 1756 568 1818 ab
583 1758 641 1821 hoo
655 1766 758 1819 nostro
772 1758 847 1821 ratio
861 1765 921 1831 esta
941 1759 992 1821 sod
1007 1758 1067 1823 hoe
1078 1774 1160 1821 nune
1174 1755 1275 1835 dispu-

120 1867 179 1920 aare
192 1875 259 1919 non
274 1866 368 1931 uarat,
383 1892 427 1902 —
441 1866 518 1920 eerte
532 1849 621 1944 ἀλκᾷ
634 1852 804 1944 σύμφυτον
818 1851 923 1922 αἰῶνα
939 1860 1036 1933 „satia
1051 1859 1158 1923 usitato
1173 1876 1279 1937 genere
1297 1868 1326 1921 21

118 1960 264 2033 dimnrli‚“
277 1970 313 2021 ut
323 1960 508 2022 Hermannus
523 1969 664 2034 autumat,
679 1961 716 2022 de
730 1970 862 2043 tenpore
873 1961 941 2024 latis
955 1962 990 2025 ad
1005 1962 1115 2027 bellurn
1126 1960 1279 2042 perfiden-

120 2063 188 2124 dum
212 2062 359 2124 destinato
382 2062 439 2124 diei
458 2064 591 2144 potuisse
610 2082 763 2144 nunquam
783 2064 914 2136 credam,
941 2082 1036 2143 neque
1056 2082 1129 2144 quae
1149 2064 1187 2126 ub
1206 2063 1280 2129 Her-

119 2183 230 2227 manno
250 2165 288 2226 ad
310 2164 561 2243 neoptolemum
582 2166 659 2229 hane
678 2166 952 2247 interpretationem
966 2167 1098 2246 exempla
1120 2166 1280 2229 atteruntur

120 2268 283 2347 quidquam
303 2266 502 2328 similitudinis
523 2268 629 2330 habere
649 2268 792 2330 existimo.
841 2268 955 2331 Homrn
974 2268 1096 2333 alterum
1124 2277 1169 2331 eat
1187 2267 1279 2349 Soph.

119 2370 190 2431 (led.
206 2370 270 2432 Col
285 2388 313 2429 ι.
329 2369 361 2428 7;
383 2364 532 2451 στέργειν
544 2365 605 2456 γὰρ
622 2361 656 2433 αἱ
672 2364 790 2433 addua
800 2390 843 2452 pa
856 2361 903 2451 xu'
917 2363 1032 2454 χγδνυς
1046 2364 1146 2447 ξυνιδν
1155 2365 1279 2454 μακρὸς

119 2464 293 2533 διδάσκεις
319 2471 398 2551 atqui
413 2472 490 2533 aliud
506 2482 551 2534 est
565 2466 679 2547 ξυνιδν,
706 2473 782 2535 aliud
798 2468 978 2558 σύμφυτος,
998 2472 1076 2537 aliud
1097 2480 1142 2533 est
1163 2481 1279 2552 tempus

118 2593 185 2636 eum
200 2592 234 2635 re
250 2575 450 2647 ueniundum,
467 2574 529 2635 sire
542 2594 596 2655 per
610 2576 689 2655 quod
705 2595 739 2638 ea
752 2592 800 2638 rea
814 2574 984 2654 permansit,
1001 2575 1079 2637 aliud
1091 2583 1187 2641 autem
1203 2582 1280 2639 tem-

118 2677 174 2738 bns
201 2675 248 2737 rei
273 2676 408 2737 nondum
433 2684 567 2757 peractae
597 2678 648 2739 sed
676 2678 772 2740 adhue
796 2677 975 2757 peragendae
997 2676 1062 2739 iotis
1086 2676 1280 2756 praefinitum.

117 2779 253 2841 Alterum
274 2778 438 2858 exemplum
458 2787 503 2841 est
517 2779 589 2841 aed.
608 2779 643 2840 R.
660 2800 685 2841 ι.
711 2778 805 2841 1082:
833 2770 865 2841 οἱ
885 2773 922 2840 δὲ
940 2776 1103 2859 συγγενεῖς
1125 2772 1222 2860 μῆνές
1242 2798 1284 2856 με·

117 2877 242 2965 μικρὸν
254 2874 315 2942 καὶ
328 2874 430 2961 μέγαν
444 2875 617 2964 διώρισαν,
638 2881 687 2943 ubi
700 2880 863 2962 συγγενεῖς
877 2877 977 2964 μῆνις
991 2890 1060 2943 sunt
1075 2898 1195 2945 menses
1211 2878 1284 2940 vitae

116 3002 203 3045 meae
216 2983 370 3063 aequales,
396 2983 446 3063 qui
465 3003 513 3045 me
532 2991 673 3046 naseente
691 2990 865 3064 eoeperunt‚
882 2983 965 3063 quasi
988 3002 1103 3046 ireseum
1123 2981 1184 3045 nati
1205 2989 1283 3054 sunt,

117 3105 239 3167 nnaqrre
262 3103 379 3147 meeum
406 3086 592 3149 adoleverunt
611 3097 837 3166 munerumque,
863 3103 924 3147 non
943 3094 1040 3149 autem
1067 3103 1184 3147 menses
1212 3084 1283 3144 uitae

118 3208 203 3251 meae
216 3188 286 3251 fatie
302 3188 454 3268 praefiniti
498 3183 674 3273 Σδμφινιον
694 3199 811 3263 ιιιιιιιιιιλ
828 3194 944 3267 praeter
963 3188 1115 3267 propriam
1136 3185 1282 3266 signitica-

118 3292 242 3367 tionem,
259 3291 297 3352 de
311 3310 347 3352 eo
363 3290 475 3363 dieitur,
492 3292 572 3372 quod
588 3311 656 3354 eum
671 3292 762 3355 altero
778 3299 882 3353 natiue
896 3309 951 3353 sua
966 3290 1155 3355 coniunctum
1170 3296 1225 3361 est,
1239 3289 1282 3349 rel

120 3393 201 3473 qnod
216 3391 302 3454 alteri
316 3410 478 3472 congruum
491 3402 580 3473 atque
595 3402 828 3456 eonsentaneum
843 3400 903 3465 est,
925 3400 958 3455 ut
971 3401 1022 3455 aut
1036 3400 1233 3472 nonaequatur
1247 3410 1281 3452 eu

120 3516 165 3571 ao,
179 3503 216 3559 ut
229 3514 268 3556 ex
283 3512 370 3557 eausa
384 3496 513 3571 effeetus,
530 3504 580 3558 aut
595 3495 692 3575 gignat
706 3496 839 3570 alterum,
854 3502 887 3557 ut
901 3496 1035 3557 effectam
1051 3513 1138 3559 rausa
1151 3495 1191 3567 8).
1225 3491 1284 3555 lta·

122 3693 179 3702 n...—

189 3815 216 3881 8)
235 3815 280 3866 Sie
292 3814 372 3881 inira,
389 3829 413 3865 ν.
434 3812 496 3877 141,
517 3811 659 3879 iphigeniae
680 3811 828 3863 sueriiieium
841 3812 945 3862 Calchas
962 3812 1023 3863 dieii
1039 3809 1286 3864 νιιιιέωντέκτονιι

122 3896 291 3970 σύμφυτον,
309 3916 342 3953 οι
355 3916 403 3971 quo
416 3898 632 3965 Cip'taemnestrue
646 3897 728 3947 odium
742 3913 802 3961 erga
814 3897 929 3949 maritum
948 3896 1018 3964 quasi
1035 3895 1187 3947 naturaliter
1206 3903 1288 3946 ortum

121 3997 168 4040 eet
189 3987 347 4053 Magnopere
360 3985 425 4036 enim
439 3983 567 4046 falluntur,
580 3983 622 4050 qni
633 3983 681 4051 loe
692 3998 738 4049 per
750 3983 899 4049 hypallagen
913 3983 1004 4033 dictum
1018 3983 1107 4033 volunt
1119 3998 1164 4049 pro
1176 3980 1289 4033 νεικέων

122 4066 291 4143 opprimerer,
313 4072 385 4137 idque
399 4070 429 4120 de
449 4068 531 4119 odiis
549 4069 633 4118 inter
651 4056 806 4132 cognatos
825 4067 1032 4134 interpretantur.
1067 4068 1154 4134 Neque
1168 4067 1233 4117 enim
1246 4081 1289 4129 eo·

123 4161 190 4221 nati
205 4153 385 4226 (σύμφυτοι)
401 4157 470 4206 inter
486 4170 514 4204 ae
526 4152 629 4204 luerunt
640 4154 791 4216 Agamemno
809 4160 836 4204 et
852 4152 1061 4220 Clytaemnestra.
1086 4152 1189 4205 Reatina
1203 4150 1289 4216 hypal-

123 4242 197 4308 lagen
209 4256 269 4293 esee
282 4241 396 4293 dicemus
408 4241 432 4291 iu
445 4240 540 4303 altero,
558 4239 623 4307 quod
635 4237 669 4288 ibi
677 4238 790 4303 additur,
808 4238 918 4305 epitheto
931 4233 965 4289 αὖ
978 4234 1137 4309 δυσήνορα,
1167 4234 1230 4286 Nam
1243 4250 1289 4284 ex·

123 4327 219 4393 peetnri
231 4326 316 4395 potins
328 4324 439 4376 debebat
455 4323 570 4377 νεικέων
586 4316 619 4372 οδ
641 4317 820 4392 διισηνόριυν.
855 4323 906 4373 Sed
918 4324 979 4379 haee
991 4323 1123 4390 hypallage
1138 4320 1290 4385 nequedum

124 4427 204 4479 aeque
216 4411 330 4463 insolens
342 4418 399 4475 eat,
412 4408 552 4475 similiaque
565 4408 679 4475 exemplu
693 4408 822 4475 complura
834 4415 944 4459 traetutu
957 4408 1058 4459 suntab
1070 4403 1212 4465 Ellendtio‚
1226 4400 1289 4450 Lex.

1026 4508 1086 4569 11*
