<?xml version="1.0" encoding="UTF-8"?>
<!DOCTYPE html PUBLIC "-//W3C//DTD XHTML 1.0 Transitional//EN"
    "http://www.w3.org/TR/xhtml1/DTD/xhtml1-transitional.dtd">
<html xmlns="http://www.w3.org/1999/xhtml" xml:lang="en" lang="en">
 <head>
  <title>
</title>
<meta http-equiv="Content-Type" content="text/html;charset=utf-8" />
  <meta name='ocr-system' content='tesseract 3.04.00' />
  <meta name='ocr-capabilities' content='ocr_page ocr_carea ocr_par ocr_line ocrx_word'/>
</head>
<body>
  <div class='ocr_page' id='page_1' title='image "./opusculaacademi00schogoog_0833.png"; bbox 0 0 3222 5148; ppageno 0'>
   <div class='ocr_carea' id='block_1_1' title="bbox 790 467 942 566">
    <p class='ocr_par' dir='ltr' id='par_1_1' title="bbox 790 467 942 566">
     <span class='ocr_line' id='line_1_1' title="bbox 790 467 942 566; baseline 0 -36"><span class='ocrx_word' id='word_1_1' title='bbox 790 467 942 566; x_wconf 42' lang='lat' dir='ltr'><strong>*ap-c—</strong></span> 
     </span>
    </p>
   </div>
   <div class='ocr_carea' id='block_1_2' title="bbox 283 639 1463 1870">
    <p class='ocr_par' dir='ltr' id='par_1_2' title="bbox 283 639 1463 1870">
     <span class='ocr_line' id='line_1_2' title="bbox 283 639 1463 739; baseline 0.004 -23"><span class='ocrx_word' id='word_1_2' title='bbox 283 671 362 716; x_wconf 89' lang='lat' dir='ltr'><strong>meo</strong></span> <span class='ocrx_word' id='word_1_3' title='bbox 377 655 494 737; x_wconf 89' lang='lat' dir='ltr'><strong>ipsius</strong></span> <span class='ocrx_word' id='word_1_4' title='bbox 509 654 646 723; x_wconf 82' lang='lat' dir='ltr'><strong>fructu.</strong></span> <span class='ocrx_word' id='word_1_5' title='bbox 690 658 732 721; x_wconf 80' lang='lat' dir='ltr'><strong>hc</strong></span> <span class='ocrx_word' id='word_1_6' title='bbox 746 657 879 733; x_wconf 88' lang='lat' dir='ltr'><strong>nolite,</strong></span> <span class='ocrx_word' id='word_1_7' title='bbox 896 674 1045 739; x_wconf 85' lang='lat' dir='ltr'>quaeso,</span> <span class='ocrx_word' id='word_1_8' title='bbox 1061 656 1176 719; x_wconf 91' lang='lat' dir='ltr'><strong>irasci</strong></span> <span class='ocrx_word' id='word_1_9' title='bbox 1191 674 1275 720; x_wconf 86' lang='lat' dir='ltr'><strong>rora</strong></span> <span class='ocrx_word' id='word_1_10' title='bbox 1295 639 1463 727; x_wconf 50' lang='lat' dir='ltr'><strong>dicentii</strong></span> 
     </span>
     <span class='ocr_line' id='line_1_3' title="bbox 283 758 1454 842; baseline 0.003 -23"><span class='ocrx_word' id='word_1_11' title='bbox 283 776 389 820; x_wconf 88' lang='lat' dir='ltr'><strong>nemo</strong></span> <span class='ocrx_word' id='word_1_12' title='bbox 410 758 580 839; x_wconf 89' lang='lat' dir='ltr'><strong>prolecto</strong></span> <span class='ocrx_word' id='word_1_13' title='bbox 600 762 815 825; x_wconf 82' lang='lat' dir='ltr'><strong>mortalium</strong></span> <span class='ocrx_word' id='word_1_14' title='bbox 834 762 962 824; x_wconf 82' lang='lat' dir='ltr'><strong>saluus</strong></span> <span class='ocrx_word' id='word_1_15' title='bbox 984 760 1068 834; x_wconf 90' lang='lat' dir='ltr'><strong>erit,</strong></span> <span class='ocrx_word' id='word_1_16' title='bbox 1092 760 1157 842; x_wconf 92' lang='lat' dir='ltr'><strong>qui</strong></span> <span class='ocrx_word' id='word_1_17' title='bbox 1178 766 1241 822; x_wconf 88' lang='lat' dir='ltr'><strong>aut</strong></span> <span class='ocrx_word' id='word_1_18' title='bbox 1262 761 1370 824; x_wconf 86' lang='lat' dir='ltr'><strong>robis</strong></span> <span class='ocrx_word' id='word_1_19' title='bbox 1393 769 1454 824; x_wconf 89' lang='lat' dir='ltr'><strong>aut</strong></span> 
     </span>
     <span class='ocr_line' id='line_1_4' title="bbox 285 859 1453 944; baseline 0.004 -22"><span class='ocrx_word' id='word_1_20' title='bbox 285 859 455 941; x_wconf 83' lang='lat' dir='ltr'><strong>cuiquam</strong></span> <span class='ocrx_word' id='word_1_21' title='bbox 480 861 722 925; x_wconf 80' lang='lat' dir='ltr'><strong>multitudini</strong></span> <span class='ocrx_word' id='word_1_22' title='bbox 750 864 907 926; x_wconf 80' lang='lat' dir='ltr'><strong>fortiter</strong></span> <span class='ocrx_word' id='word_1_23' title='bbox 925 862 1085 925; x_wconf 88' lang='lat' dir='ltr'><strong>obsistat</strong></span> <span class='ocrx_word' id='word_1_24' title='bbox 1104 863 1293 944; x_wconf 90' lang='lat' dir='ltr'><strong>multaque</strong></span> <span class='ocrx_word' id='word_1_25' title='bbox 1314 869 1453 927; x_wconf 84' lang='lat' dir='ltr'><strong>contra</strong></span> 
     </span>
     <span class='ocr_line' id='line_1_5' title="bbox 283 961 1452 1046; baseline 0.003 -22"><span class='ocrx_word' id='word_1_26' title='bbox 283 961 341 1024; x_wconf 88' lang='lat' dir='ltr'><strong>ius</strong></span> <span class='ocrx_word' id='word_1_27' title='bbox 368 962 497 1044; x_wconf 88' lang='lat' dir='ltr'><strong>lasque</strong></span> <span class='ocrx_word' id='word_1_28' title='bbox 525 964 561 1025; x_wconf 92' lang='lat' dir='ltr'><strong>in</strong></span> <span class='ocrx_word' id='word_1_29' title='bbox 589 965 745 1028; x_wconf 83' lang='lat' dir='ltr'><strong>civitate</strong></span> <span class='ocrx_word' id='word_1_30' title='bbox 774 983 820 1028; x_wconf 92' lang='lat' dir='ltr'><strong>ne</strong></span> <span class='ocrx_word' id='word_1_31' title='bbox 850 966 944 1028; x_wconf 88' lang='lat' dir='ltr'><strong>liant</strong></span> <span class='ocrx_word' id='word_1_32' title='bbox 973 965 1156 1046; x_wconf 89' lang='lat' dir='ltr'><strong>impedire</strong></span> <span class='ocrx_word' id='word_1_33' title='bbox 1186 973 1357 1040; x_wconf 90' lang='lat' dir='ltr'><strong>conetur,</strong></span> <span class='ocrx_word' id='word_1_34' title='bbox 1387 965 1452 1027; x_wconf 90' lang='lat' dir='ltr'><strong>sed</strong></span> 
     </span>
     <span class='ocr_line' id='line_1_6' title="bbox 285 1068 1451 1148; baseline 0.003 -21"><span class='ocrx_word' id='word_1_35' title='bbox 285 1083 445 1129; x_wconf 89' lang='lat' dir='ltr'><strong>necesse</strong></span> <span class='ocrx_word' id='word_1_36' title='bbox 476 1074 533 1128; x_wconf 87' lang='lat' dir='ltr'><strong>est</strong></span> <span class='ocrx_word' id='word_1_37' title='bbox 560 1074 600 1129; x_wconf 94' lang='lat' dir='ltr'><strong>ut</strong></span> <span class='ocrx_word' id='word_1_38' title='bbox 626 1068 687 1148; x_wconf 90' lang='lat' dir='ltr'><strong>qui</strong></span> <span class='ocrx_word' id='word_1_39' title='bbox 716 1069 887 1132; x_wconf 87' lang='lat' dir='ltr'><strong>iustitiae</strong></span> <span class='ocrx_word' id='word_1_40' title='bbox 919 1075 955 1132; x_wconf 90' lang='lat' dir='ltr'><strong>et</strong></span> <span class='ocrx_word' id='word_1_41' title='bbox 982 1069 1182 1148; x_wconf 89' lang='lat' dir='ltr'><strong>aequitatis</strong></span> <span class='ocrx_word' id='word_1_42' title='bbox 1216 1086 1361 1132; x_wconf 89' lang='lat' dir='ltr'><strong>causam</strong></span> <span class='ocrx_word' id='word_1_43' title='bbox 1391 1069 1451 1130; x_wconf 90' lang='lat' dir='ltr'><strong>de-</strong></span> 
     </span>
     <span class='ocr_line' id='line_1_7' title="bbox 284 1169 1450 1254; baseline 0.001 -23"><span class='ocrx_word' id='word_1_44' title='bbox 284 1169 427 1239; x_wconf 81' lang='lat' dir='ltr'><strong>tendat,</strong></span> <span class='ocrx_word' id='word_1_45' title='bbox 463 1169 493 1230; x_wconf 88' lang='lat' dir='ltr'><strong>si</strong></span> <span class='ocrx_word' id='word_1_46' title='bbox 530 1171 589 1232; x_wconf 85' lang='lat' dir='ltr'><strong>vol</strong></span> <span class='ocrx_word' id='word_1_47' title='bbox 617 1171 828 1250; x_wconf 83' lang='lat' dir='ltr'><strong>pauxillum</strong></span> <span class='ocrx_word' id='word_1_48' title='bbox 859 1171 1044 1254; x_wconf 89' lang='lat' dir='ltr'><strong>temporis</strong></span> <span class='ocrx_word' id='word_1_49' title='bbox 1080 1171 1208 1233; x_wconf 85' lang='lat' dir='ltr'><strong>salvus</strong></span> <span class='ocrx_word' id='word_1_50' title='bbox 1235 1190 1317 1233; x_wconf 88' lang='lat' dir='ltr'><strong>esse</strong></span> <span class='ocrx_word' id='word_1_51' title='bbox 1345 1171 1450 1244; x_wconf 81' lang='lat' dir='ltr'><strong>velit,</strong></span> 
     </span>
     <span class='ocr_line' id='line_1_8' title="bbox 283 1271 1450 1355; baseline 0 -21"><span class='ocrx_word' id='word_1_52' title='bbox 283 1271 458 1352; x_wconf 76' lang='lat' dir='ltr'><strong>privatim</strong></span> <span class='ocrx_word' id='word_1_53' title='bbox 474 1277 779 1355; x_wconf 80' lang='lat' dir='ltr'><strong>agatnequerem</strong></span> <span class='ocrx_word' id='word_1_54' title='bbox 801 1272 1166 1355; x_wconf 81' lang='lat' dir='ltr'><strong>publicamattingat.</strong></span> <span class='ocrx_word' id='word_1_55' title='bbox 1210 1274 1260 1335; x_wconf 89' lang='lat' dir='ltr'><strong>Sic</strong></span> <span class='ocrx_word' id='word_1_56' title='bbox 1274 1273 1360 1355; x_wconf 79' lang='lat' dir='ltr'><strong>igitur</strong></span> <span class='ocrx_word' id='word_1_57' title='bbox 1374 1273 1450 1336; x_wconf 91' lang='lat' dir='ltr'><strong>iudi-</strong></span> 
     </span>
     <span class='ocr_line' id='line_1_9' title="bbox 285 1373 1451 1459; baseline -0.003 -20"><span class='ocrx_word' id='word_1_58' title='bbox 285 1373 390 1439; x_wconf 91' lang='lat' dir='ltr'><strong>cabant</strong></span> <span class='ocrx_word' id='word_1_59' title='bbox 410 1376 460 1456; x_wconf 90' lang='lat' dir='ltr'><strong>qni</strong></span> <span class='ocrx_word' id='word_1_60' title='bbox 480 1376 558 1437; x_wconf 89' lang='lat' dir='ltr'><strong>inter</strong></span> <span class='ocrx_word' id='word_1_61' title='bbox 571 1376 766 1439; x_wconf 78' lang='lat' dir='ltr'><strong>Athenienses</strong></span> <span class='ocrx_word' id='word_1_62' title='bbox 781 1378 836 1459; x_wconf 88' lang='lat' dir='ltr'><strong>ipsi</strong></span> <span class='ocrx_word' id='word_1_63' title='bbox 852 1377 1001 1439; x_wconf 79' lang='lat' dir='ltr'><strong>vixerunt:</strong></span> <span class='ocrx_word' id='word_1_64' title='bbox 1018 1394 1146 1457; x_wconf 88' lang='lat' dir='ltr'><strong>quorum</strong></span> <span class='ocrx_word' id='word_1_65' title='bbox 1161 1376 1275 1438; x_wconf 91' lang='lat' dir='ltr'><strong>iudiciis</strong></span> <span class='ocrx_word' id='word_1_66' title='bbox 1290 1384 1451 1456; x_wconf 88' lang='lat' dir='ltr'><strong>qnantum-</strong></span> 
     </span>
     <span class='ocr_line' id='line_1_10' title="bbox 283 1468 1449 1561; baseline -0.003 -19"><span class='ocrx_word' id='word_1_67' title='bbox 283 1479 327 1542; x_wconf 84' lang='lat' dir='ltr'><strong>vis</strong></span> <span class='ocrx_word' id='word_1_68' title='bbox 339 1468 444 1560; x_wconf 84' lang='lat' dir='ltr'><strong>aliquis</strong></span> <span class='ocrx_word' id='word_1_69' title='bbox 458 1478 579 1559; x_wconf 77' lang='lat' dir='ltr'><strong>deroget</strong></span> <span class='ocrx_word' id='word_1_70' title='bbox 593 1481 728 1560; x_wconf 91' lang='lat' dir='ltr'><strong>malaque</strong></span> <span class='ocrx_word' id='word_1_71' title='bbox 743 1480 780 1542; x_wconf 85' lang='lat' dir='ltr'><strong>ab</strong></span> <span class='ocrx_word' id='word_1_72' title='bbox 795 1482 830 1542; x_wconf 88' lang='lat' dir='ltr'><strong>iis</strong></span> <span class='ocrx_word' id='word_1_73' title='bbox 839 1498 928 1561; x_wconf 90' lang='lat' dir='ltr'><strong>supra</strong></span> <span class='ocrx_word' id='word_1_74' title='bbox 938 1480 1089 1541; x_wconf 83' lang='lat' dir='ltr'><strong>veritatem</strong></span> <span class='ocrx_word' id='word_1_75' title='bbox 1101 1487 1280 1559; x_wconf 77' lang='lat' dir='ltr'><strong>exaggerata,</strong></span> <span class='ocrx_word' id='word_1_76' title='bbox 1295 1477 1374 1540; x_wconf 91' lang='lat' dir='ltr'><strong>hona</strong></span> <span class='ocrx_word' id='word_1_77' title='bbox 1390 1476 1449 1539; x_wconf 88' lang='lat' dir='ltr'><strong>dis·</strong></span> 
     </span>
     <span class='ocr_line' id='line_1_11' title="bbox 284 1580 1451 1664; baseline -0.002 -20"><span class='ocrx_word' id='word_1_78' title='bbox 284 1582 420 1644; x_wconf 83' lang='lat' dir='ltr'><strong>simulata</strong></span> <span class='ocrx_word' id='word_1_79' title='bbox 442 1600 506 1643; x_wconf 88' lang='lat' dir='ltr'><strong>esse</strong></span> <span class='ocrx_word' id='word_1_80' title='bbox 526 1584 603 1645; x_wconf 91' lang='lat' dir='ltr'><strong>dicat</strong></span> <span class='ocrx_word' id='word_1_81' title='bbox 624 1617 664 1628; x_wconf 90' lang='lat'><em>-</em></span> <span class='ocrx_word' id='word_1_82' title='bbox 684 1584 714 1645; x_wconf 93' lang='lat' dir='ltr'><strong>id</strong></span> <span class='ocrx_word' id='word_1_83' title='bbox 736 1584 815 1663; x_wconf 91' lang='lat' dir='ltr'><strong>quod</strong></span> <span class='ocrx_word' id='word_1_84' title='bbox 840 1583 978 1664; x_wconf 83' lang='lat' dir='ltr'><strong>equidem</strong></span> <span class='ocrx_word' id='word_1_85' title='bbox 1004 1599 1075 1644; x_wconf 87' lang='lat' dir='ltr'><strong>sane</strong></span> <span class='ocrx_word' id='word_1_86' title='bbox 1095 1584 1228 1657; x_wconf 82' lang='lat' dir='ltr'><strong>omnium</strong></span> <span class='ocrx_word' id='word_1_87' title='bbox 1250 1580 1451 1643; x_wconf 80' lang='lat' dir='ltr'><strong>lubentissime</strong></span> 
     </span>
     <span class='ocr_line' id='line_1_12' title="bbox 284 1684 1450 1766; baseline -0.003 -18"><span class='ocrx_word' id='word_1_88' title='bbox 284 1685 425 1752; x_wconf 83' lang='lat' dir='ltr'><strong>concedo,</strong></span> <span class='ocrx_word' id='word_1_89' title='bbox 435 1684 554 1747; x_wconf 90' lang='lat' dir='ltr'><strong>-illud</strong></span> <span class='ocrx_word' id='word_1_90' title='bbox 570 1693 671 1747; x_wconf 77' lang='lat' dir='ltr'><strong>manen</strong></span> <span class='ocrx_word' id='word_1_91' title='bbox 686 1705 753 1749; x_wconf 92' lang='lat' dir='ltr'><strong>meo</strong></span> <span class='ocrx_word' id='word_1_92' title='bbox 769 1687 832 1748; x_wconf 90' lang='lat' dir='ltr'><strong>iure</strong></span> <span class='ocrx_word' id='word_1_93' title='bbox 846 1686 918 1749; x_wconf 90' lang='lat' dir='ltr'><strong>mihi</strong></span> <span class='ocrx_word' id='word_1_94' title='bbox 934 1686 1081 1750; x_wconf 88' lang='lat' dir='ltr'><strong>affirmare</strong></span> <span class='ocrx_word' id='word_1_95' title='bbox 1095 1703 1182 1766; x_wconf 85' lang='lat' dir='ltr'><strong>posse</strong></span> <span class='ocrx_word' id='word_1_96' title='bbox 1198 1684 1308 1758; x_wconf 83' lang='lat' dir='ltr'><strong>videor,</strong></span> <span class='ocrx_word' id='word_1_97' title='bbox 1323 1684 1450 1747; x_wconf 89' lang='lat' dir='ltr'><strong>salubri·</strong></span> 
     </span>
     <span class='ocr_line' id='line_1_13' title="bbox 285 1787 1450 1870; baseline -0.002 -20"><span class='ocrx_word' id='word_1_98' title='bbox 285 1807 367 1850; x_wconf 90' lang='lat' dir='ltr'><strong>orem</strong></span> <span class='ocrx_word' id='word_1_99' title='bbox 389 1788 518 1849; x_wconf 88' lang='lat' dir='ltr'><strong>luturam</strong></span> <span class='ocrx_word' id='word_1_100' title='bbox 538 1787 629 1849; x_wconf 90' lang='lat' dir='ltr'><strong>luisse</strong></span> <span class='ocrx_word' id='word_1_101' title='bbox 650 1787 762 1851; x_wconf 76' lang='lat' dir='ltr'><strong>Atticae</strong></span> <span class='ocrx_word' id='word_1_102' title='bbox 783 1790 827 1851; x_wconf 91' lang='lat' dir='ltr'><strong>rei</strong></span> <span class='ocrx_word' id='word_1_103' title='bbox 847 1789 980 1870; x_wconf 90' lang='lat' dir='ltr'><strong>publicae</strong></span> <span class='ocrx_word' id='word_1_104' title='bbox 999 1789 1284 1851; x_wconf 78' lang='lat' dir='ltr'><strong>administrationem</strong></span> <span class='ocrx_word' id='word_1_105' title='bbox 1307 1787 1333 1850; x_wconf 90' lang='lat' dir='ltr'><strong>si</strong></span> <span class='ocrx_word' id='word_1_106' title='bbox 1354 1787 1450 1849; x_wconf 90' lang='lat' dir='ltr'><strong>minor</strong></span> 
     </span>
    </p>
   </div>
   <div class='ocr_carea' id='block_1_3' title="bbox 172 1890 1450 1975">
    <p class='ocr_par' dir='ltr' id='par_1_3' title="bbox 172 1890 1450 1975">
     <span class='ocr_line' id='line_1_14' title="bbox 172 1890 1450 1975; baseline 0 -23"><span class='ocrx_word' id='word_1_107' title='bbox 172 1926 178 1935; x_wconf 83' lang='lat'><em>‚</em></span> <span class='ocrx_word' id='word_1_108' title='bbox 284 1891 389 1952; x_wconf 87' lang='lat' dir='ltr'><strong>luisset</strong></span> <span class='ocrx_word' id='word_1_109' title='bbox 408 1890 510 1971; x_wconf 94' lang='lat' dir='ltr'><strong>populi</strong></span> <span class='ocrx_word' id='word_1_110' title='bbox 528 1890 647 1953; x_wconf 84' lang='lat' dir='ltr'><strong>libertas</strong></span> <span class='ocrx_word' id='word_1_111' title='bbox 668 1892 714 1954; x_wconf 87' lang='lat' dir='ltr'><strong>rel</strong></span> <span class='ocrx_word' id='word_1_112' title='bbox 734 1892 833 1975; x_wconf 90' lang='lat' dir='ltr'><strong>potius</strong></span> <span class='ocrx_word' id='word_1_113' title='bbox 853 1892 982 1964; x_wconf 78' lang='lat' dir='ltr'><strong>lieentia,</strong></span> <span class='ocrx_word' id='word_1_114' title='bbox 1016 1899 1045 1953; x_wconf 91' lang='lat' dir='ltr'><strong>et</strong></span> <span class='ocrx_word' id='word_1_115' title='bbox 1065 1890 1189 1953; x_wconf 86' lang='lat' dir='ltr'><strong>salubris</strong></span> <span class='ocrx_word' id='word_1_116' title='bbox 1205 1891 1251 1953; x_wconf 92' lang='lat' dir='ltr'><strong>illa</strong></span> <span class='ocrx_word' id='word_1_117' title='bbox 1266 1890 1450 1971; x_wconf 85' lang='lat' dir='ltr'><strong>temperatio,</strong></span> 
     </span>
    </p>
   </div>
   <div class='ocr_carea' id='block_1_4' title="bbox 282 1992 1451 3760">
    <p class='ocr_par' dir='ltr' id='par_1_4' title="bbox 282 1992 1451 2881">
     <span class='ocr_line' id='line_1_15' title="bbox 285 1992 1451 2076; baseline -0.002 -20"><span class='ocrx_word' id='word_1_118' title='bbox 285 1994 378 2076; x_wconf 90' lang='lat' dir='ltr'><strong>qualis</strong></span> <span class='ocrx_word' id='word_1_119' title='bbox 393 1992 449 2056; x_wconf 88' lang='lat' dir='ltr'><strong>luit</strong></span> <span class='ocrx_word' id='word_1_120' title='bbox 470 2001 536 2073; x_wconf 90' lang='lat' dir='ltr'><strong>post</strong></span> <span class='ocrx_word' id='word_1_121' title='bbox 552 1994 693 2057; x_wconf 90' lang='lat' dir='ltr'><strong>Solonem</strong></span> <span class='ocrx_word' id='word_1_122' title='bbox 714 2003 744 2056; x_wconf 92' lang='lat' dir='ltr'><strong>et</strong></span> <span class='ocrx_word' id='word_1_123' title='bbox 759 1994 951 2067; x_wconf 85' lang='lat' dir='ltr'><strong>Clisthenem,</strong></span> <span class='ocrx_word' id='word_1_124' title='bbox 974 2012 1067 2076; x_wconf 92' lang='lat' dir='ltr'><strong>quum</strong></span> <span class='ocrx_word' id='word_1_125' title='bbox 1088 2003 1120 2066; x_wconf 77' lang='lat' dir='ltr'><strong>in</strong></span> <span class='ocrx_word' id='word_1_126' title='bbox 1139 1994 1275 2075; x_wconf 89' lang='lat' dir='ltr'><strong>populari</strong></span> <span class='ocrx_word' id='word_1_127' title='bbox 1291 1994 1388 2055; x_wconf 84' lang='lat' dir='ltr'><strong>forma</strong></span> <span class='ocrx_word' id='word_1_128' title='bbox 1408 1992 1451 2055; x_wconf 93' lang='lat' dir='ltr'><strong>rei</strong></span> 
     </span>
     <span class='ocr_line' id='line_1_16' title="bbox 283 2095 1451 2179; baseline 0 -20"><span class='ocrx_word' id='word_1_129' title='bbox 283 2097 416 2178; x_wconf 88' lang='lat' dir='ltr'><strong>publicae</strong></span> <span class='ocrx_word' id='word_1_130' title='bbox 431 2097 592 2179; x_wconf 91' lang='lat' dir='ltr'><strong>plurimum</strong></span> <span class='ocrx_word' id='word_1_131' title='bbox 613 2098 721 2160; x_wconf 82' lang='lat' dir='ltr'><strong>ualeret</strong></span> <span class='ocrx_word' id='word_1_132' title='bbox 740 2098 923 2178; x_wconf 90' lang='lat' dir='ltr'><strong>optimorum</strong></span> <span class='ocrx_word' id='word_1_133' title='bbox 947 2096 1105 2160; x_wconf 89' lang='lat' dir='ltr'><strong>auctoritas</strong></span> <span class='ocrx_word' id='word_1_134' title='bbox 1132 2106 1269 2178; x_wconf 85' lang='lat' dir='ltr'><strong>essetque</strong></span> <span class='ocrx_word' id='word_1_135' title='bbox 1289 2096 1374 2178; x_wconf 89' lang='lat' dir='ltr'><strong>quasi</strong></span> <span class='ocrx_word' id='word_1_136' title='bbox 1392 2095 1451 2159; x_wconf 85' lang='lat' dir='ltr'><strong>ari·</strong></span> 
     </span>
     <span class='ocr_line' id='line_1_17' title="bbox 284 2198 1451 2284; baseline -0.002 -21"><span class='ocrx_word' id='word_1_137' title='bbox 284 2201 440 2263; x_wconf 88' lang='lat' dir='ltr'><strong>stocratica</strong></span> <span class='ocrx_word' id='word_1_138' title='bbox 456 2201 598 2282; x_wconf 84' lang='lat' dir='ltr'><strong>quaedam</strong></span> <span class='ocrx_word' id='word_1_139' title='bbox 622 2200 815 2273; x_wconf 85' lang='lat' dir='ltr'><strong>democratia,</strong></span> <span class='ocrx_word' id='word_1_140' title='bbox 843 2200 952 2262; x_wconf 90' lang='lat' dir='ltr'><strong>dlutius</strong></span> <span class='ocrx_word' id='word_1_141' title='bbox 973 2200 1093 2262; x_wconf 90' lang='lat' dir='ltr'><strong>retineri</strong></span> <span class='ocrx_word' id='word_1_142' title='bbox 1112 2198 1305 2284; x_wconf 62' lang='lat' dir='ltr'><strong>potuissetl).</strong></span> <span class='ocrx_word' id='word_1_143' title='bbox 1349 2199 1451 2281; x_wconf 89' lang='lat' dir='ltr'><strong>Neque</strong></span> 
     </span>
     <span class='ocr_line' id='line_1_18' title="bbox 283 2301 1449 2386; baseline -0.003 -20"><span class='ocrx_word' id='word_1_144' title='bbox 283 2323 353 2366; x_wconf 85' lang='lat' dir='ltr'><strong>rero</strong></span> <span class='ocrx_word' id='word_1_145' title='bbox 367 2303 457 2365; x_wconf 86' lang='lat' dir='ltr'><strong>ullam</strong></span> <span class='ocrx_word' id='word_1_146' title='bbox 477 2305 562 2366; x_wconf 87' lang='lat' dir='ltr'><strong>aliam</strong></span> <span class='ocrx_word' id='word_1_147' title='bbox 579 2323 642 2365; x_wconf 92' lang='lat' dir='ltr'><strong>rem</strong></span> <span class='ocrx_word' id='word_1_148' title='bbox 658 2303 821 2386; x_wconf 88' lang='lat' dir='ltr'><strong>publicam,</strong></span> <span class='ocrx_word' id='word_1_149' title='bbox 839 2302 870 2364; x_wconf 94' lang='lat' dir='ltr'><strong>in</strong></span> <span class='ocrx_word' id='word_1_150' title='bbox 885 2321 943 2383; x_wconf 90' lang='lat' dir='ltr'><strong>qua</strong></span> <span class='ocrx_word' id='word_1_151' title='bbox 957 2301 1059 2383; x_wconf 91' lang='lat' dir='ltr'><strong>populi</strong></span> <span class='ocrx_word' id='word_1_152' title='bbox 1073 2302 1130 2365; x_wconf 84' lang='lat' dir='ltr'><strong>luit</strong></span> <span class='ocrx_word' id='word_1_153' title='bbox 1144 2302 1321 2383; x_wconf 91' lang='lat' dir='ltr'><strong>imperium,</strong></span> <span class='ocrx_word' id='word_1_154' title='bbox 1344 2302 1449 2365; x_wconf 89' lang='lat' dir='ltr'><strong>melius</strong></span> 
     </span>
     <span class='ocr_line' id='line_1_19' title="bbox 284 2406 1449 2487; baseline 0 -20"><span class='ocrx_word' id='word_1_155' title='bbox 284 2424 373 2486; x_wconf 90' lang='lat' dir='ltr'><strong>quam</strong></span> <span class='ocrx_word' id='word_1_156' title='bbox 388 2406 513 2468; x_wconf 76' lang='lat' dir='ltr'><strong>Atticam</strong></span> <span class='ocrx_word' id='word_1_157' title='bbox 528 2407 762 2469; x_wconf 84' lang='lat' dir='ltr'><strong>administratam</strong></span> <span class='ocrx_word' id='word_1_158' title='bbox 779 2425 844 2468; x_wconf 90' lang='lat' dir='ltr'><strong>osse</strong></span> <span class='ocrx_word' id='word_1_159' title='bbox 856 2406 927 2468; x_wconf 90' lang='lat' dir='ltr'><strong>satis</strong></span> <span class='ocrx_word' id='word_1_160' title='bbox 943 2413 1068 2480; x_wconf 88' lang='lat' dir='ltr'><strong>constat,</strong></span> <span class='ocrx_word' id='word_1_161' title='bbox 1084 2422 1180 2487; x_wconf 89' lang='lat' dir='ltr'><strong>neque</strong></span> <span class='ocrx_word' id='word_1_162' title='bbox 1195 2406 1288 2468; x_wconf 93' lang='lat' dir='ltr'><strong>ullum</strong></span> <span class='ocrx_word' id='word_1_163' title='bbox 1299 2424 1365 2467; x_wconf 88' lang='lat' dir='ltr'><strong>esse</strong></span> <span class='ocrx_word' id='word_1_164' title='bbox 1379 2412 1449 2486; x_wconf 91' lang='lat' dir='ltr'><strong>puto</strong></span> 
     </span>
     <span class='ocr_line' id='line_1_20' title="bbox 282 2508 1450 2591; baseline -0.002 -19"><span class='ocrx_word' id='word_1_165' title='bbox 282 2509 361 2572; x_wconf 90' lang='lat' dir='ltr'><strong>inter</strong></span> <span class='ocrx_word' id='word_1_166' title='bbox 375 2518 488 2573; x_wconf 83' lang='lat' dir='ltr'><strong>veteres</strong></span> <span class='ocrx_word' id='word_1_167' title='bbox 505 2527 565 2570; x_wconf 92' lang='lat' dir='ltr'><strong>non</strong></span> <span class='ocrx_word' id='word_1_168' title='bbox 581 2509 670 2571; x_wconf 90' lang='lat' dir='ltr'><strong>modo</strong></span> <span class='ocrx_word' id='word_1_169' title='bbox 684 2509 877 2591; x_wconf 89' lang='lat' dir='ltr'><strong>philosophos</strong></span> <span class='ocrx_word' id='word_1_170' title='bbox 892 2508 943 2571; x_wconf 89' lang='lat' dir='ltr'><strong>sed</strong></span> <span class='ocrx_word' id='word_1_171' title='bbox 959 2510 1048 2572; x_wconf 86' lang='lat' dir='ltr'><strong>etiarn</strong></span> <span class='ocrx_word' id='word_1_172' title='bbox 1064 2526 1164 2570; x_wconf 89' lang='lat' dir='ltr'><strong>rerum</strong></span> <span class='ocrx_word' id='word_1_173' title='bbox 1185 2508 1360 2589; x_wconf 82' lang='lat' dir='ltr'><strong>scriptores,</strong></span> <span class='ocrx_word' id='word_1_174' title='bbox 1379 2508 1450 2591; x_wconf 91' lang='lat' dir='ltr'><strong>quin</strong></span> 
     </span>
     <span class='ocr_line' id='line_1_21' title="bbox 286 2611 1450 2695; baseline 0 -21"><span class='ocrx_word' id='word_1_175' title='bbox 286 2613 496 2675; x_wconf 83' lang='lat' dir='ltr'><strong>democratiam</strong></span> <span class='ocrx_word' id='word_1_176' title='bbox 516 2611 571 2673; x_wconf 89' lang='lat' dir='ltr'><strong>sihi</strong></span> <span class='ocrx_word' id='word_1_177' title='bbox 598 2612 757 2695; x_wconf 89' lang='lat' dir='ltr'><strong>improbari</strong></span> <span class='ocrx_word' id='word_1_178' title='bbox 782 2613 919 2674; x_wconf 89' lang='lat' dir='ltr'><strong>ostendat</strong></span> <span class='ocrx_word' id='word_1_179' title='bbox 943 2612 1019 2674; x_wconf 87' lang='lat' dir='ltr'><strong>hanc</strong></span> <span class='ocrx_word' id='word_1_180' title='bbox 1037 2611 1075 2673; x_wconf 91' lang='lat' dir='ltr'><strong>oh</strong></span> <span class='ocrx_word' id='word_1_181' title='bbox 1094 2628 1228 2686; x_wconf 89' lang='lat' dir='ltr'><strong>causam,</strong></span> <span class='ocrx_word' id='word_1_182' title='bbox 1247 2612 1327 2693; x_wconf 91' lang='lat' dir='ltr'><strong>quod</strong></span> <span class='ocrx_word' id='word_1_183' title='bbox 1341 2611 1450 2674; x_wconf 87' lang='lat' dir='ltr'><strong>nudius</strong></span> 
     </span>
     <span class='ocr_line' id='line_1_22' title="bbox 283 2714 1449 2798; baseline -0.002 -19"><span class='ocrx_word' id='word_1_184' title='bbox 283 2733 415 2797; x_wconf 88' lang='lat' dir='ltr'><strong>unquam</strong></span> <span class='ocrx_word' id='word_1_185' title='bbox 431 2716 475 2778; x_wconf 90' lang='lat' dir='ltr'><strong>rei</strong></span> <span class='ocrx_word' id='word_1_186' title='bbox 490 2715 622 2798; x_wconf 91' lang='lat' dir='ltr'><strong>publicae</strong></span> <span class='ocrx_word' id='word_1_187' title='bbox 637 2715 692 2777; x_wconf 89' lang='lat' dir='ltr'><strong>suh</strong></span> <span class='ocrx_word' id='word_1_188' title='bbox 706 2715 830 2798; x_wconf 89' lang='lat' dir='ltr'><strong>imperio</strong></span> <span class='ocrx_word' id='word_1_189' title='bbox 850 2715 985 2798; x_wconf 87' lang='lat' dir='ltr'><strong>populari</strong></span> <span class='ocrx_word' id='word_1_190' title='bbox 1004 2722 1115 2777; x_wconf 88' lang='lat' dir='ltr'><strong>statum</strong></span> <span class='ocrx_word' id='word_1_191' title='bbox 1134 2714 1254 2776; x_wconf 86' lang='lat' dir='ltr'><strong>firmum</strong></span> <span class='ocrx_word' id='word_1_192' title='bbox 1269 2733 1304 2776; x_wconf 90' lang='lat' dir='ltr'><strong>ac</strong></span> <span class='ocrx_word' id='word_1_193' title='bbox 1318 2733 1387 2777; x_wconf 84' lang='lat' dir='ltr'><strong>rere</strong></span> <span class='ocrx_word' id='word_1_194' title='bbox 1400 2735 1449 2777; x_wconf 90' lang='lat' dir='ltr'><strong>sa·</strong></span> 
     </span>
     <span class='ocr_line' id='line_1_23' title="bbox 286 2816 638 2881; baseline -0.003 -1"><span class='ocrx_word' id='word_1_195' title='bbox 286 2817 401 2881; x_wconf 89' lang='lat' dir='ltr'><strong>lubrem</strong></span> <span class='ocrx_word' id='word_1_196' title='bbox 417 2818 509 2880; x_wconf 82' lang='lat' dir='ltr'><strong>luisse</strong></span> <span class='ocrx_word' id='word_1_197' title='bbox 525 2816 638 2879; x_wconf 82' lang='lat' dir='ltr'><strong>viderit.</strong></span> 
     </span>
    </p>

    <p class='ocr_par' dir='ltr' id='par_1_5' title="bbox 282 2920 1447 3724">
     <span class='ocr_line' id='line_1_24' title="bbox 369 2920 1447 3002; baseline 0.002 -20"><span class='ocrx_word' id='word_1_198' title='bbox 369 2921 498 2983; x_wconf 85' lang='lat' dir='ltr'><strong>&#39;lantum</strong></span> <span class='ocrx_word' id='word_1_199' title='bbox 515 2921 552 2982; x_wconf 92' lang='lat' dir='ltr'><strong>de</strong></span> <span class='ocrx_word' id='word_1_200' title='bbox 567 2920 730 2984; x_wconf 85' lang='lat' dir='ltr'><strong>veteribus:</strong></span> <span class='ocrx_word' id='word_1_201' title='bbox 749 2920 801 2982; x_wconf 90' lang='lat' dir='ltr'><strong>sed</strong></span> <span class='ocrx_word' id='word_1_202' title='bbox 824 2922 965 3002; x_wconf 92' lang='lat' dir='ltr'><strong>quoniam</strong></span> <span class='ocrx_word' id='word_1_203' title='bbox 981 2921 1017 2982; x_wconf 95' lang='lat' dir='ltr'><strong>de</strong></span> <span class='ocrx_word' id='word_1_204' title='bbox 1032 2926 1151 2983; x_wconf 89' lang='lat' dir='ltr'><strong>nostrae</strong></span> <span class='ocrx_word' id='word_1_205' title='bbox 1165 2921 1269 2983; x_wconf 88' lang='lat' dir='ltr'><strong>aetatis</strong></span> <span class='ocrx_word' id='word_1_206' title='bbox 1283 2920 1447 2984; x_wconf 86' lang='lat' dir='ltr'><strong>rationibus</strong></span> 
     </span>
     <span class='ocr_line' id='line_1_25' title="bbox 284 3022 1447 3104; baseline 0 -20"><span class='ocrx_word' id='word_1_207' title='bbox 284 3022 449 3084; x_wconf 89' lang='lat' dir='ltr'><strong>Schmidtio</strong></span> <span class='ocrx_word' id='word_1_208' title='bbox 464 3022 586 3104; x_wconf 90' lang='lat' dir='ltr'><strong>aliisque</strong></span> <span class='ocrx_word' id='word_1_209' title='bbox 602 3023 772 3085; x_wconf 66' lang='lat' dir='ltr'><strong>sine‘duhio</strong></span> <span class='ocrx_word' id='word_1_210' title='bbox 788 3024 922 3104; x_wconf 88' lang='lat' dir='ltr'><strong>plurimis</strong></span> <span class='ocrx_word' id='word_1_211' title='bbox 937 3023 1036 3087; x_wconf 87' lang='lat' dir='ltr'><strong>minus</strong></span> <span class='ocrx_word' id='word_1_212' title='bbox 1050 3032 1130 3085; x_wconf 90' lang='lat' dir='ltr'><strong>recte</strong></span> <span class='ocrx_word' id='word_1_213' title='bbox 1144 3022 1255 3085; x_wconf 88' lang='lat' dir='ltr'><strong>sentire</strong></span> <span class='ocrx_word' id='word_1_214' title='bbox 1277 3022 1391 3098; x_wconf 88' lang='lat' dir='ltr'><strong>videor,</strong></span> <span class='ocrx_word' id='word_1_215' title='bbox 1411 3022 1447 3085; x_wconf 88' lang='lat' dir='ltr'><strong>de</strong></span> 
     </span>
     <span class='ocr_line' id='line_1_26' title="bbox 283 3125 1447 3208; baseline 0.002 -21"><span class='ocrx_word' id='word_1_216' title='bbox 283 3125 330 3187; x_wconf 90' lang='lat' dir='ltr'><strong>his</strong></span> <span class='ocrx_word' id='word_1_217' title='bbox 345 3143 465 3207; x_wconf 89' lang='lat' dir='ltr'><strong>quoque</strong></span> <span class='ocrx_word' id='word_1_218' title='bbox 480 3126 590 3206; x_wconf 90' lang='lat' dir='ltr'><strong>aliquid</strong></span> <span class='ocrx_word' id='word_1_219' title='bbox 604 3126 761 3187; x_wconf 91' lang='lat' dir='ltr'><strong>dicendum</strong></span> <span class='ocrx_word' id='word_1_220' title='bbox 776 3126 841 3188; x_wconf 91' lang='lat' dir='ltr'><strong>erit.</strong></span> <span class='ocrx_word' id='word_1_221' title='bbox 864 3126 931 3188; x_wconf 92' lang='lat' dir='ltr'><strong>Non</strong></span> <span class='ocrx_word' id='word_1_222' title='bbox 942 3145 991 3188; x_wconf 90' lang='lat' dir='ltr'><strong>me</strong></span> <span class='ocrx_word' id='word_1_223' title='bbox 1005 3126 1080 3206; x_wconf 79' lang='lat' dir='ltr'><strong>fugit</strong></span> <span class='ocrx_word' id='word_1_224' title='bbox 1095 3127 1227 3208; x_wconf 90' lang='lat' dir='ltr'><strong>prolecto</strong></span> <span class='ocrx_word' id='word_1_225' title='bbox 1241 3125 1333 3188; x_wconf 88' lang='lat' dir='ltr'><strong>nimio</strong></span> <span class='ocrx_word' id='word_1_226' title='bbox 1350 3127 1447 3207; x_wconf 85' lang='lat' dir='ltr'><strong>plures</strong></span> 
     </span>
     <span class='ocr_line' id='line_1_27' title="bbox 283 3227 1446 3312; baseline 0 -21"><span class='ocrx_word' id='word_1_227' title='bbox 283 3229 370 3291; x_wconf 88' lang='lat' dir='ltr'><strong>hodie</strong></span> <span class='ocrx_word' id='word_1_228' title='bbox 386 3229 583 3292; x_wconf 89' lang='lat' dir='ltr'><strong>democratiae</strong></span> <span class='ocrx_word' id='word_1_229' title='bbox 605 3238 751 3290; x_wconf 87' lang='lat' dir='ltr'><strong>amatores</strong></span> <span class='ocrx_word' id='word_1_230' title='bbox 765 3235 796 3290; x_wconf 92' lang='lat' dir='ltr'><strong>et</strong></span> <span class='ocrx_word' id='word_1_231' title='bbox 815 3246 974 3310; x_wconf 85' lang='lat' dir='ltr'><strong>praecones</strong></span> <span class='ocrx_word' id='word_1_232' title='bbox 989 3248 1069 3291; x_wconf 88' lang='lat' dir='ltr'><strong>esse:</strong></span> <span class='ocrx_word' id='word_1_233' title='bbox 1088 3229 1140 3291; x_wconf 89' lang='lat' dir='ltr'><strong>sed</strong></span> <span class='ocrx_word' id='word_1_234' title='bbox 1156 3228 1263 3291; x_wconf 89' lang='lat' dir='ltr'><strong>horum</strong></span> <span class='ocrx_word' id='word_1_235' title='bbox 1281 3227 1446 3312; x_wconf 86' lang='lat' dir='ltr'><strong>plerosque,</strong></span> 
     </span>
     <span class='ocr_line' id='line_1_28' title="bbox 283 3330 1446 3414; baseline 0.001 -22"><span class='ocrx_word' id='word_1_236' title='bbox 283 3350 376 3414; x_wconf 89' lang='lat' dir='ltr'><strong>quum</strong></span> <span class='ocrx_word' id='word_1_237' title='bbox 391 3331 554 3394; x_wconf 84' lang='lat' dir='ltr'><strong>accuratius</strong></span> <span class='ocrx_word' id='word_1_238' title='bbox 569 3331 697 3412; x_wconf 90' lang='lat' dir='ltr'><strong>inquiro,</strong></span> <span class='ocrx_word' id='word_1_239' title='bbox 715 3330 784 3411; x_wconf 88' lang='lat' dir='ltr'><strong>quid</strong></span> <span class='ocrx_word' id='word_1_240' title='bbox 801 3331 840 3392; x_wconf 87' lang='lat' dir='ltr'><strong>sit</strong></span> <span class='ocrx_word' id='word_1_241' title='bbox 850 3330 1028 3394; x_wconf 87' lang='lat' dir='ltr'><strong>democratia</strong></span> <span class='ocrx_word' id='word_1_242' title='bbox 1039 3332 1085 3393; x_wconf 81' lang='lat' dir='ltr'><strong>vir</strong></span> <span class='ocrx_word' id='word_1_243' title='bbox 1097 3332 1253 3413; x_wconf 88' lang='lat' dir='ltr'><strong>ipsossatis</strong></span> <span class='ocrx_word' id='word_1_244' title='bbox 1264 3332 1446 3412; x_wconf 79' lang='lat' dir='ltr'><strong>exploratum</strong></span> 
     </span>
     <span class='ocr_line' id='line_1_29' title="bbox 283 3434 1446 3517; baseline -0.001 -21"><span class='ocrx_word' id='word_1_245' title='bbox 283 3445 532 3517; x_wconf 87' lang='lat' dir='ltr'><strong>perspectumque</strong></span> <span class='ocrx_word' id='word_1_246' title='bbox 552 3434 660 3496; x_wconf 89' lang='lat' dir='ltr'><strong>hahere</strong></span> <span class='ocrx_word' id='word_1_247' title='bbox 680 3434 864 3497; x_wconf 87' lang='lat' dir='ltr'><strong>crediderim.</strong></span> <span class='ocrx_word' id='word_1_248' title='bbox 909 3436 958 3498; x_wconf 89' lang='lat' dir='ltr'><strong>Sic</strong></span> <span class='ocrx_word' id='word_1_249' title='bbox 977 3435 1058 3497; x_wconf 90' lang='lat' dir='ltr'><strong>enim</strong></span> <span class='ocrx_word' id='word_1_250' title='bbox 1076 3436 1140 3497; x_wconf 90' lang='lat' dir='ltr'><strong>lieri</strong></span> <span class='ocrx_word' id='word_1_251' title='bbox 1155 3435 1230 3498; x_wconf 89' lang='lat' dir='ltr'><strong>solet</strong></span> <span class='ocrx_word' id='word_1_252' title='bbox 1243 3434 1274 3495; x_wconf 94' lang='lat' dir='ltr'><strong>in</strong></span> <span class='ocrx_word' id='word_1_253' title='bbox 1287 3434 1446 3515; x_wconf 71' lang='lat' dir='ltr'><strong>peregrinis</strong></span> 
     </span>
     <span class='ocr_line' id='line_1_30' title="bbox 283 3536 1446 3619; baseline -0.002 -19"><span class='ocrx_word' id='word_1_254' title='bbox 283 3538 449 3612; x_wconf 82' lang='lat' dir='ltr'><strong>uocabulis,</strong></span> <span class='ocrx_word' id='word_1_255' title='bbox 469 3545 504 3600; x_wconf 92' lang='lat' dir='ltr'><strong>ut</strong></span> <span class='ocrx_word' id='word_1_256' title='bbox 517 3536 576 3599; x_wconf 84' lang='lat' dir='ltr'><strong>vim</strong></span> <span class='ocrx_word' id='word_1_257' title='bbox 592 3554 696 3598; x_wconf 90' lang='lat' dir='ltr'><strong>eorum</strong></span> <span class='ocrx_word' id='word_1_258' title='bbox 707 3556 742 3600; x_wconf 93' lang='lat' dir='ltr'><strong>ac</strong></span> <span class='ocrx_word' id='word_1_259' title='bbox 756 3538 999 3619; x_wconf 77' lang='lat' dir='ltr'><strong>significationem</strong></span> <span class='ocrx_word' id='word_1_260' title='bbox 1015 3556 1069 3600; x_wconf 90' lang='lat' dir='ltr'><strong>suo</strong></span> <span class='ocrx_word' id='word_1_261' title='bbox 1085 3539 1140 3601; x_wconf 90' lang='lat' dir='ltr'><strong>sihi</strong></span> <span class='ocrx_word' id='word_1_262' title='bbox 1155 3538 1281 3619; x_wconf 89' lang='lat' dir='ltr'><strong>quisque</strong></span> <span class='ocrx_word' id='word_1_263' title='bbox 1296 3536 1387 3598; x_wconf 92' lang='lat' dir='ltr'><strong>modo</strong></span> <span class='ocrx_word' id='word_1_264' title='bbox 1400 3536 1446 3598; x_wconf 91' lang='lat' dir='ltr'><strong>in·</strong></span> 
     </span>
     <span class='ocr_line' id='line_1_31' title="bbox 282 3639 1444 3724; baseline -0.003 -20"><span class='ocrx_word' id='word_1_265' title='bbox 282 3643 403 3717; x_wconf 87' lang='lat' dir='ltr'><strong>formet,</strong></span> <span class='ocrx_word' id='word_1_266' title='bbox 418 3659 473 3703; x_wconf 91' lang='lat' dir='ltr'><strong>nec</strong></span> <span class='ocrx_word' id='word_1_267' title='bbox 488 3639 856 3724; x_wconf 88' lang='lat' dir='ltr'><strong>mirumapudimperitam</strong></span> <span class='ocrx_word' id='word_1_268' title='bbox 873 3641 1093 3703; x_wconf 90' lang='lat' dir='ltr'><strong>multitudinem</strong></span> <span class='ocrx_word' id='word_1_269' title='bbox 1107 3641 1280 3720; x_wconf 87' lang='lat' dir='ltr'><strong>utquisque</strong></span> <span class='ocrx_word' id='word_1_270' title='bbox 1296 3640 1444 3701; x_wconf 89' lang='lat' dir='ltr'><strong>conliden-</strong></span> 
     </span>
    </p>

    <p class='ocr_par' dir='ltr' id='par_1_6' title="bbox 754 3731 1154 3760">
     <span class='ocr_line' id='line_1_32' title="bbox 754 3731 1154 3760; baseline -0.003 0"><span class='ocrx_word' id='word_1_271' title='bbox 754 3756 756 3760; x_wconf 23' lang='grc' dir='ltr'><em>Α</em></span> <span class='ocrx_word' id='word_1_272' title='bbox 1142 3731 1154 3759; x_wconf 76' lang='lat'>0</span> 
     </span>
    </p>
   </div>
   <div class='ocr_carea' id='block_1_5' title="bbox 282 3859 1445 4533">
    <p class='ocr_par' dir='ltr' id='par_1_7' title="bbox 282 3859 1445 4533">
     <span class='ocr_line' id='line_1_33' title="bbox 352 3859 1445 3935; baseline -0.005 -17"><span class='ocrx_word' id='word_1_273' title='bbox 352 3867 378 3930; x_wconf 82' lang='grc'><strong>3)</strong></span> <span class='ocrx_word' id='word_1_274' title='bbox 397 3866 598 3934; x_wconf 75' lang='grc' dir='ltr'><strong><em>Δημοκρατίαν</em></strong></span> <span class='ocrx_word' id='word_1_275' title='bbox 619 3859 820 3935; x_wconf 74' lang='grc' dir='ltr'><strong>ἀριστοκρατίᾳ</strong></span> <span class='ocrx_word' id='word_1_276' title='bbox 836 3867 987 3935; x_wconf 73' lang='grc' dir='ltr'><strong>χρωμένην</strong></span> <span class='ocrx_word' id='word_1_277' title='bbox 1002 3864 1064 3915; x_wconf 86' lang='lat' dir='ltr'><strong>dicit</strong></span> <span class='ocrx_word' id='word_1_278' title='bbox 1081 3860 1208 3915; x_wconf 85' lang='lat' dir='ltr'><strong>isocrates</strong></span> <span class='ocrx_word' id='word_1_279' title='bbox 1226 3859 1332 3913; x_wconf 85' lang='lat' dir='ltr'><strong>Panath.</strong></span> <span class='ocrx_word' id='word_1_280' title='bbox 1347 3878 1371 3927; x_wconf 86' lang='lat' dir='ltr'><strong>p.</strong></span> <span class='ocrx_word' id='word_1_281' title='bbox 1388 3861 1445 3925; x_wconf 74' lang='lat' dir='ltr'><strong>att,</strong></span> 
     </span>
     <span class='ocr_line' id='line_1_34' title="bbox 282 3942 1445 4021; baseline -0.009 -14"><span class='ocrx_word' id='word_1_282' title='bbox 282 3951 421 4021; x_wconf 43' lang='grc'><strong>114131.</strong></span> <span class='ocrx_word' id='word_1_283' title='bbox 445 3950 529 4001; x_wconf 85' lang='lat' dir='ltr'><strong>Etiam</strong></span> <span class='ocrx_word' id='word_1_284' title='bbox 545 3950 571 4001; x_wconf 88' lang='lat' dir='ltr'><strong>ln</strong></span> <span class='ocrx_word' id='word_1_285' title='bbox 584 3948 649 4002; x_wconf 84' lang='lat' dir='ltr'><strong>Plat.</strong></span> <span class='ocrx_word' id='word_1_286' title='bbox 661 3949 801 4002; x_wconf 78' lang='lat' dir='ltr'><strong>Menexeno</strong></span> <span class='ocrx_word' id='word_1_287' title='bbox 814 3966 838 4016; x_wconf 90' lang='lat' dir='ltr'><strong>p.</strong></span> <span class='ocrx_word' id='word_1_288' title='bbox 853 3951 902 4003; x_wconf 79' lang='grc'><strong>138</strong></span> <span class='ocrx_word' id='word_1_289' title='bbox 919 3968 941 4002; x_wconf 91' lang='lat' dir='ltr'><strong>c.</strong></span> <span class='ocrx_word' id='word_1_290' title='bbox 957 3951 1111 4003; x_wconf 81' lang='lat' dir='ltr'><strong>democratia</strong></span> <span class='ocrx_word' id='word_1_291' title='bbox 1127 3949 1222 4001; x_wconf 85' lang='lat' dir='ltr'><strong>dicitur</strong></span> <span class='ocrx_word' id='word_1_292' title='bbox 1237 3942 1296 4016; x_wconf 81' lang='grc' dir='ltr'><strong>μετ’</strong></span> <span class='ocrx_word' id='word_1_293' title='bbox 1319 3945 1445 4006; x_wconf 75' lang='grc' dir='ltr'><strong>εὐδοξίας</strong></span> 
     </span>
     <span class='ocr_line' id='line_1_35' title="bbox 282 4031 1443 4108; baseline -0.009 -16"><span class='ocrx_word' id='word_1_294' title='bbox 282 4034 410 4104; x_wconf 74' lang='grc' dir='ltr'><strong><em>πλήθους</em></strong></span> <span class='ocrx_word' id='word_1_295' title='bbox 425 4032 642 4108; x_wconf 72' lang='grc' dir='ltr'><strong><em>ἀριστοκρατία,</em></strong></span> <span class='ocrx_word' id='word_1_296' title='bbox 663 4039 845 4102; x_wconf 73' lang='lat' dir='ltr'><strong>sodomama,</strong></span> <span class='ocrx_word' id='word_1_297' title='bbox 859 4053 906 4103; x_wconf 89' lang='lat' dir='ltr'><strong>quo</strong></span> <span class='ocrx_word' id='word_1_298' title='bbox 919 4037 1078 4106; x_wconf 76' lang='lat' dir='ltr'><strong>Thucydides</strong></span> <span class='ocrx_word' id='word_1_299' title='bbox 1090 4034 1118 4102; x_wconf 88' lang='lat' dir='ltr'><strong>ll,</strong></span> <span class='ocrx_word' id='word_1_300' title='bbox 1131 4034 1163 4085; x_wconf 85' lang='grc'><strong>65</strong></span> <span class='ocrx_word' id='word_1_301' title='bbox 1176 4033 1223 4085; x_wconf 80' lang='lat' dir='ltr'><strong>cult</strong></span> <span class='ocrx_word' id='word_1_302' title='bbox 1235 4031 1334 4084; x_wconf 82' lang='lat' dir='ltr'><strong>Pericle</strong></span> <span class='ocrx_word' id='word_1_303' title='bbox 1346 4032 1443 4083; x_wconf 86' lang='lat' dir='ltr'><strong>nomine</strong></span> 
     </span>
     <span class='ocr_line' id='line_1_36' title="bbox 282 4115 1443 4191; baseline -0.007 -15"><span class='ocrx_word' id='word_1_304' title='bbox 282 4125 381 4191; x_wconf 85' lang='lat' dir='ltr'><strong>quidam</strong></span> <span class='ocrx_word' id='word_1_305' title='bbox 398 4123 588 4189; x_wconf 79' lang='lat' dir='ltr'><strong>democratiam,</strong></span> <span class='ocrx_word' id='word_1_306' title='bbox 606 4139 635 4174; x_wconf 90' lang='lat' dir='ltr'><strong>rs</strong></span> <span class='ocrx_word' id='word_1_307' title='bbox 651 4138 712 4174; x_wconf 86' lang='lat' dir='ltr'><strong>vera</strong></span> <span class='ocrx_word' id='word_1_308' title='bbox 730 4130 814 4174; x_wconf 89' lang='lat' dir='ltr'><strong>ontenr</strong></span> <span class='ocrx_word' id='word_1_309' title='bbox 830 4123 904 4175; x_wconf 85' lang='lat' dir='ltr'><strong>unius</strong></span> <span class='ocrx_word' id='word_1_310' title='bbox 922 4122 1011 4189; x_wconf 88' lang='lat' dir='ltr'><strong>optimi</strong></span> <span class='ocrx_word' id='word_1_311' title='bbox 1028 4121 1079 4173; x_wconf 88' lang='lat' dir='ltr'><strong>viri</strong></span> <span class='ocrx_word' id='word_1_312' title='bbox 1089 4118 1296 4187; x_wconf 73' lang='lat' dir='ltr'><strong>gubernationem</strong></span> <span class='ocrx_word' id='word_1_313' title='bbox 1309 4115 1388 4169; x_wconf 86' lang='lat' dir='ltr'><strong>luisse</strong></span> <span class='ocrx_word' id='word_1_314' title='bbox 1400 4119 1443 4168; x_wconf 82' lang='lat' dir='ltr'><strong>ait</strong></span> 
     </span>
     <span class='ocr_line' id='line_1_37' title="bbox 282 4204 1443 4275; baseline -0.009 -13"><span class='ocrx_word' id='word_1_315' title='bbox 282 4211 316 4263; x_wconf 83' lang='lat' dir='ltr'><strong>Et</strong></span> <span class='ocrx_word' id='word_1_316' title='bbox 328 4211 448 4261; x_wconf 83' lang='lat' dir='ltr'><strong>Socrates</strong></span> <span class='ocrx_word' id='word_1_317' title='bbox 466 4208 501 4260; x_wconf 87' lang='lat' dir='ltr'><strong>ihi</strong></span> <span class='ocrx_word' id='word_1_318' title='bbox 513 4208 637 4275; x_wconf 81' lang='lat' dir='ltr'><strong>Aspasiae</strong></span> <span class='ocrx_word' id='word_1_319' title='bbox 654 4223 681 4259; x_wconf 87' lang='lat' dir='ltr'><strong>se</strong></span> <span class='ocrx_word' id='word_1_320' title='bbox 698 4208 776 4259; x_wconf 87' lang='lat' dir='ltr'><strong>verba</strong></span> <span class='ocrx_word' id='word_1_321' title='bbox 796 4206 894 4261; x_wconf 87' lang='lat' dir='ltr'><strong>raierre</strong></span> <span class='ocrx_word' id='word_1_322' title='bbox 910 4210 996 4260; x_wconf 89' lang='lat' dir='ltr'><strong>dicens</strong></span> <span class='ocrx_word' id='word_1_323' title='bbox 1013 4223 1037 4273; x_wconf 90' lang='lat' dir='ltr'><strong>p.</strong></span> <span class='ocrx_word' id='word_1_324' title='bbox 1056 4206 1106 4258; x_wconf 80' lang='grc'><strong>136</strong></span> <span class='ocrx_word' id='word_1_325' title='bbox 1123 4223 1146 4256; x_wconf 92' lang='lat' dir='ltr'><strong>c.</strong></span> <span class='ocrx_word' id='word_1_326' title='bbox 1165 4204 1371 4274; x_wconf 77' lang='lat' dir='ltr'><strong>neptlotppaaa</strong></span> <span class='ocrx_word' id='word_1_327' title='bbox 1384 4206 1443 4253; x_wconf 85' lang='lat' dir='ltr'><strong>haec</strong></span> 
     </span>
     <span class='ocr_line' id='line_1_38' title="bbox 282 4287 1444 4363; baseline -0.008 -15"><span class='ocrx_word' id='word_1_328' title='bbox 282 4312 340 4349; x_wconf 86' lang='lat' dir='ltr'><strong>osse</strong></span> <span class='ocrx_word' id='word_1_329' title='bbox 349 4297 386 4348; x_wconf 95' lang='lat' dir='ltr'><strong>ait</strong></span> <span class='ocrx_word' id='word_1_330' title='bbox 395 4311 428 4347; x_wconf 83' lang='lat' dir='ltr'><strong>ex</strong></span> <span class='ocrx_word' id='word_1_331' title='bbox 438 4311 468 4347; x_wconf 88' lang='lat' dir='ltr'><strong>ea</strong></span> <span class='ocrx_word' id='word_1_332' title='bbox 478 4294 602 4358; x_wconf 74' lang='lat' dir='ltr'><strong>(tratione,</strong></span> <span class='ocrx_word' id='word_1_333' title='bbox 612 4309 684 4363; x_wconf 88' lang='lat' dir='ltr'><strong>quan</strong></span> <span class='ocrx_word' id='word_1_334' title='bbox 694 4293 792 4347; x_wconf 81' lang='lat' dir='ltr'><strong>Pericle</strong></span> <span class='ocrx_word' id='word_1_335' title='bbox 802 4297 941 4361; x_wconf 85' lang='lat' dir='ltr'><strong>superstite</strong></span> <span class='ocrx_word' id='word_1_336' title='bbox 950 4311 979 4346; x_wconf 90' lang='lat' dir='ltr'><strong>ea</strong></span> <span class='ocrx_word' id='word_1_337' title='bbox 989 4290 1166 4359; x_wconf 80' lang='lat' dir='ltr'><strong>composuerit</strong></span> <span class='ocrx_word' id='word_1_338' title='bbox 1185 4287 1444 4356; x_wconf 72' lang='lat' dir='ltr'><strong>nenrqasPemnser</strong></span> 
     </span>
     <span class='ocr_line' id='line_1_39' title="bbox 283 4375 1443 4449; baseline -0.007 -14"><span class='ocrx_word' id='word_1_339' title='bbox 283 4398 324 4449; x_wconf 87' lang='lat' dir='ltr'><strong>ap.</strong></span> <span class='ocrx_word' id='word_1_340' title='bbox 336 4382 465 4435; x_wconf 85' lang='lat' dir='ltr'><strong>Plutarch.</strong></span> <span class='ocrx_word' id='word_1_341' title='bbox 478 4381 547 4449; x_wconf 87' lang='lat' dir='ltr'><strong>Sept.</strong></span> <span class='ocrx_word' id='word_1_342' title='bbox 564 4395 617 4447; x_wconf 83' lang='lat' dir='ltr'><strong>sap.</strong></span> <span class='ocrx_word' id='word_1_343' title='bbox 633 4396 707 4434; x_wconf 83' lang='lat' dir='ltr'><strong>conv.</strong></span> <span class='ocrx_word' id='word_1_344' title='bbox 720 4396 745 4448; x_wconf 88' lang='lat' dir='ltr'><strong>p.</strong></span> <span class='ocrx_word' id='word_1_345' title='bbox 761 4381 809 4434; x_wconf 78' lang='lat'><strong>154</strong></span> <span class='ocrx_word' id='word_1_346' title='bbox 825 4397 879 4434; x_wconf 77' lang='lat' dir='ltr'><strong>mm</strong></span> <span class='ocrx_word' id='word_1_347' title='bbox 895 4381 1074 4436; x_wconf 80' lang='lat' dir='ltr'><strong>democratiam</strong></span> <span class='ocrx_word' id='word_1_348' title='bbox 1085 4377 1204 4443; x_wconf 78' lang='lat' dir='ltr'><strong>optimu</strong></span> <span class='ocrx_word' id='word_1_349' title='bbox 1216 4375 1288 4441; x_wconf 85' lang='lat' dir='ltr'><strong>dicit,</strong></span> <span class='ocrx_word' id='word_1_350' title='bbox 1300 4390 1364 4444; x_wconf 85' lang='lat' dir='ltr'><strong>qaae</strong></span> <span class='ocrx_word' id='word_1_351' title='bbox 1374 4380 1443 4427; x_wconf 77' lang='lat' dir='ltr'><strong>esset</strong></span> 
     </span>
     <span class='ocr_line' id='line_1_40' title="bbox 282 4466 595 4533; baseline -0.019 -10"><span class='ocrx_word' id='word_1_352' title='bbox 282 4470 460 4523; x_wconf 87' lang='lat' dir='ltr'><strong>aristocratiae</strong></span> <span class='ocrx_word' id='word_1_353' title='bbox 472 4466 595 4533; x_wconf 80' lang='lat' dir='ltr'><strong>proxima.</strong></span> 
     </span>
    </p>
   </div>
   <div class='ocr_carea' id='block_1_6' title="bbox 0 0 1616 5148">
    <p class='ocr_par' dir='ltr' id='par_1_8' title="bbox 0 0 1616 5148">
     <span class='ocr_line' id='line_1_41' title="bbox 0 0 1616 5148; baseline 0 0"><span class='ocrx_word' id='word_1_354' title='bbox 0 0 1616 5148; x_wconf 95' lang='lat' dir='ltr'><strong> </strong></span> 
     </span>
    </p>
   </div>
  </div>
 </body>
</html>
