3178 5136
682 422 747 491 213

133 617 170 688 [δ’
184 606 562 689 santonensium·
584 606 682 677 ὥστε
695 605 790 674 καθ’
807 605 993 679 Ἡσίοδον
1007 607 1095 679 δέοι
1111 606 1157 682 ἂν
1169 613 1295 702 ὑπάρ-

133 725 226 792 &eila
237 702 375 794 „oinos
387 711 457 796 μὲν
471 720 689 802 molernum
703 712 880 793 [yovloiaoi
897 723 970 781 τε.“
995 715 1040 783 τὸ
1055 715 1125 799 μὲν
1139 718 1210 807 y'dp
1224 721 1296 809 τῆς

132 814 282 906 τροφῆς
300 814 473 901 πρῶτον,
494 816 540 884 τὸ
561 814 605 883 dd
622 814 697 881 τῶν
715 814 963 905 &resolutorum
988 815 1018 885 εἰ
1032 818 1078 907 μή
1093 820 1223 910 κτῆσις,
1250 819 1296 901 ὥς

134 931 174 1002 pte
184 916 246 992 eali
260 915 380 1006 τροφή,
399 917 533 1008 γαμετή,
548 917 606 985 καὶ
620 918 726 994 roure
739 920 1033 1002 ου]νοικονομοε”·οα.
1063 927 1194 1006 Apparet
1207 928 1295 992 rerha

133 1022 185 1096 illa,
199 1018 283 1103 βοῦν
292 1014 325 1083 τ)
338 1014 493 1108 ἀροτῆρα,
506 1023 706 1086 aPhilodemo
717 1041 778 1085 non
791 1024 863 1087 ieota
874 1043 942 1087 esse
953 1027 1031 1107 apud
1042 1028 1293 1109 Theophrastum:

133 1142 198 1187 nam
213 1143 287 1187 man
297 1132 348 1186 aut
358 1124 446 1186 etiam
462 1126 596 1187 consulto
611 1126 682 1187 haee
692 1142 759 1187 euru
772 1125 909 1188 omisisse
920 1144 1009 1189 nemo
1022 1130 1128 1191 credet.
1157 1129 1293 1194 Ceterum

132 1226 335 1290 maorihendo
354 1234 384 1288 et
401 1227 635 1309 interpungendo
655 1227 713 1289 hoe
732 1227 799 1290 looo
818 1247 835 1290 a
853 1229 1002 1308 prioribus
1023 1231 1183 1294 editoribus
1198 1232 1292 1297 dhoe-

133 1330 260 1394 dandum
271 1329 405 1392 iudieari.
423 1328 697 1391 ilienimrerhailla
707 1323 766 1391 aad
778 1318 873 1406 ἷίξιον
883 1325 1052 1418 ἐπιζητεῖν
1062 1353 1080 1395 a
1090 1335 1292 1414 superioribus

132 1433 240 1496 diruha
261 1451 329 1495 eum
350 1431 540 1512 sequentihus
566 1431 794 1493 coniunxerunt:
819 1426 878 1495 καὶ
903 1423 998 1511 ἄξιον
1023 1429 1191 1520 ἐπιζητεῖν
1215 1435 1292 1514 πῶς

131 1525 327 1612 ἐπέζευκται
340 1569 398 1610 —,
421 1535 499 1616 quod
518 1551 580 1595 nou
600 1533 737 1596 debuisse
750 1534 812 1596 lieri
828 1536 1039 1599 sententiarum
1054 1554 1149 1600 nesus
1164 1538 1290 1602 demon-

131 1645 209 1698 strat.
251 1635 400 1697 Nimirum
420 1635 620 1709 Philodemus,
646 1644 804 1716 postquam
823 1635 957 1716 proharit
973 1638 1123 1712 nonnulla,
1144 1656 1224 1703 nune
1244 1641 1291 1705 his

130 1739 180 1801 aha
199 1737 343 1820 opponit,
365 1756 438 1818 quae
457 1737 652 1821 improbanda
671 1738 728 1818 ipsi
747 1738 896 1801 videntur:
922 1741 1112 1820 quamohrem
1131 1760 1194 1806 non
1212 1753 1292 1807 reete

130 1842 221 1904 oratio
236 1840 411 1921 proaederet
424 1859 478 1921 per
492 1835 558 1915 καί,
577 1841 749 1921 particulam
766 1841 969 1921 copulativam,
986 1843 1039 1905 sed
1059 1844 1218 1925 requiritur
1236 1865 1290 1909 ne-

128 1944 259 2006 oessario
275 1943 462 2017 adversativa,
482 1934 557 2005 ἀλλ’
577 1934 673 2019 ἄξιον
691 1936 861 2028 ἐπιζητεῖν
879 1951 928 2005 aut
948 1934 1043 2020 ἄξιον
1062 1937 1093 2007 d'
1114 1940 1291 2031 ἐπιζητεῖν,

127 2064 186 2109 non
201 2054 301 2109 antem
320 2042 380 2108 καὶ
399 2035 494 2122 ἄξιον
513 2039 690 2131 ἐπιζητεῖν.
722 2046 817 2121 Quam
837 2052 932 2107 autern
953 2064 1009 2108 nos
1028 2055 1100 2128 post
1118 2045 1193 2123 πῶς
1210 2051 1290 2113 inse-

17 2172 19 2183 ’
126 2151 240 2213 ruimus
261 2149 388 2212 litteram
406 2139 453 2225 d’,
473 2147 574 2210 eadem
594 2166 668 2228 queo
687 2147 799 2227 primas
818 2147 945 2227 proximi
963 2147 1043 2210 rerhi
1061 2148 1169 2213 litteras
1188 2150 1290 2216 ioouna

17 2288 19 2347 ι
124 2251 227 2334 papyri
241 2251 350 2313 hausit
380 2250 616 2330 interrogativum
632 2249 775 2311 orationis
790 2250 1054 2312 conformationem
1070 2251 1099 2312 in
1120 2252 1289 2317 huiusmodi

17 2358 18 2421 J
124 2352 407 2436 reprehensionibus
426 2353 609 2433 aptissimam
629 2372 695 2415 esse
714 2370 803 2414 nemo
824 2369 886 2413 non
906 2351 1009 2427 sentit3
1028 2361 1057 2416 et
1075 2354 1167 2418 utitur
1186 2356 1288 2419 eadem

17 2502 18 2511 ι
125 2457 317 2520 Philodemus
332 2457 474 2518 eontinuo
488 2455 519 2517 in
533 2454 686 2534 proximis,
700 2449 844 2529 καὶπῶς
857 2473 886 2535 p.
898 2456 949 2528 46,
967 2458 995 2517 5.
1009 2457 1037 2517 7.
1051 2459 1098 2519 11.
1114 2459 1161 2520 15.
1177 2459 1224 2521 19.
1238 2460 1288 2535 20,

124 2555 181 2621 τοὶ
193 2550 230 2621 τί
244 2578 272 2619 r.
291 2559 339 2633 10,
353 2553 413 2620 καὶ
429 2552 488 2619 ded
502 2549 538 2619 τί
551 2576 577 2618 v.
596 2556 644 2634 13,
669 2557 716 2620 18.
731 2557 784 2618 24.
816 2556 966 2619 Ρτεεῑοτεε
981 2577 1016 2620 ex
1030 2559 1135 2637 τοῦτο,
1156 2561 1236 2640 quod
1255 2562 1288 2624 in

17 2696 18 2753 η
123 2679 236 2742 papyro
251 2667 418 2740 comparet,
441 2677 494 2721 our
507 2652 645 2740 τοῦτόγε
658 2659 759 2740 potius
775 2678 862 2740 quam
876 2654 1009 2736 τούτοις
1023 2660 1203 2742 Neapolitani
1223 2664 1285 2727 edi·

17 2756 18 2817 Ϊ
123 2771 201 2825 tores
216 2771 248 2824 et
263 2761 458 2842 Goetttingius
472 2764 609 2836 inserent,
628 2762 706 2824 nuda
721 2780 806 2824 eausa
821 2773 896 2826 erat:
916 2764 946 2825 in
968 2775 1096 2825 extrema
1116 2772 1212 2826 autem
1232 2785 1285 2845 pe-

17 2880 18 2883 ’
121 2864 206 2927 riodo
231 2882 325 2945 quum
349 2863 482 2926 dederint
501 2859 560 2926 καὶ
582 2861 687 2934 sadra
702 2869 767 2941 pilo
792 2857 1024 2946 οἰκονομοῦσα,
1049 2865 1121 2946 quid
1147 2866 1206 2928 hoo
1224 2862 1286 2946 μέν

123 2967 289 3047 signidem
306 2966 450 3028 voluerint
468 2985 593 3047 prorsus
612 2985 674 3030 non
690 2966 828 3046 intelligo.
862 2968 1012 3031 Sententia
1026 2969 1189 3032 Philodami
1214 2972 1284 3033 satis

122 3070 277 3150 planaest
297 3068 638 3150 Reprehenditprimum
649 3070 719 3132 iilud
731 3061 869 3133 ὥστε-
881 3066 951 3135 δέοι
962 3061 1284 3154 ῖὲνῦπάρχειν,ιιῑεο-

119 3173 164 3234 ins
176 3190 246 3234 eum
258 3170 461 3252 superioribus
472 3173 615 3235 eounerio
625 3191 687 3236 non
698 3180 849 3254 appareat:
864 3191 960 3254 neque
972 3175 1002 3236 id
1012 3173 1125 3250 iniuria,
1139 3175 1283 3255 siquidem

17 3324 18 3353 η
120 3274 216 3354 paullo
232 3281 359 3355 propter
372 3273 539 3337 brevitatem
556 3273 711 3338 ohsotuius
726 3274 964 3356 Theophrastum
978 3277 1132 3356 loquutum
1147 3296 1214 3340 esse
1230 3297 1284 3340 ne-

17 3370 19 3403 '
121 3378 179 3458 gari
192 3395 259 3440 non
270 3386 378 3459 potest,
392 3378 641 3458 quemadmodum
653 3378 709 3440 iam
722 3396 811 3458 supra
823 3377 959 3440 diximus.
985 3377 1097 3441 Deinde
1108 3396 1197 3459 quum
1210 3380 1282 3443 duas

120 3488 218 3560 putes
240 3480 349 3542 domus
364 3479 436 3561 poni
450 3480 571 3554 niteret,
595 3470 778 3565 dadoenus
792 3488 822 3542 et
835 3476 960 3565 κτῆσιν,
985 3469 1168 3564 ἄνθρωπον
1186 3491 1282 3546 autam

121 3582 156 3644 de
169 3591 256 3665 patre
269 3582 394 3645 tamilias
410 3583 562 3664 aooiperet,
576 3600 639 3645 non
654 3590 769 3663 poterat
782 3600 844 3644 non
858 3583 889 3644 in
904 3601 969 3645 eam
984 3583 1161 3646 sententiam
1173 3585 1282 3660 induri,

121 3694 154 3747 nt
166 3686 311 3768 quidquid
326 3693 441 3766 praeter
455 3692 568 3767 patrem
583 3684 708 3748 familias
722 3685 752 3746 in
767 3684 858 3746 domo
873 3692 926 3759 est,
946 3680 1090 3769 γαμετήν
1102 3704 1164 3748 non
1183 3688 1281 3751 minus

121 3806 207 3868 pam
220 3782 360 3874 τροφήν,
375 3789 406 3851 in
420 3782 536 3874 κτήσει
550 3788 698 3850 nirmerari
712 3795 836 3868 putaret,
859 3786 888 3848 id
904 3786 983 3867 quod
998 3787 1103 3849 merito
1119 3788 1282 3853 absurdum

121 3907 185 3953 esse
198 3890 347 3953 oensehat
376 3889 471 3969 laque
485 3891 543 3952 hoo
557 3890 697 3969 estquod
712 3889 788 3963 dieii,
804 3881 835 3952 ai
849 3884 894 3972 μη
911 3884 1036 3974 κτῆσις,
1057 3883 1103 3965 ὥς
1117 3909 1153 3973 γε
1166 3888 1283 3979 τροφή,

121 3985 178 4054 καὶ
192 3984 319 4075 γαμετή
324 4009 334 4052 :
351 3995 412 4053 νεῖτ’
423 3994 546 4073 [orteia
557 3995 747 4073 peruenisse,
767 3995 841 4054 ιῖιιιε
854 3996 956 4064 vietus,
975 3996 1018 4055 ito
1031 3997 1118 4055 etiem
1131 4013 1213 4058 ιιποτ
1226 4008 1282 4059 eet:

123 4092 436 4171 quodironioedieurm
451 4101 571 4175 apparet
584 4111 696 4175 proso,
713 4093 791 4174 quod
803 4092 923 4173 proprie
933 4094 990 4155 diei
1000 4102 1127 4175 poterat:
1143 4098 1283 4178 εῖηιιῖάιοι

122 4194 156 4252 in
165 4197 339 4274 ροτετεεῖοιιι
353 4213 424 4257 aene
436 4213 519 4258 uuor
531 4214 592 4257 ποτ
606 4206 648 4257 eet
659 4197 853 4258 eumundo
883 4196 971 4259 hddit
985 4206 1082 4261 autem
1097 4193 1156 4259 καὶ
1175 4194 1280 4260 ταῦτα

125 4293 413 4377 οινοικονομοῦοαε
432 4316 522 4380 ηιιιιοε
532 4301 708 4379 praesertim
721 4303 800 4361 sorio
814 4302 853 4361 ait
873 4303 975 4362 mariti
992 4305 1025 4363 τίι
1046 4302 1131 4363 domo
1152 4301 1280 4362 admisi-

125 4399 258 4461 strnrde:
274 4416 333 4481 quo
344 4400 438 4481 magis
450 4399 560 4462 eeiiioet
570 4400 612 4461 rei
623 4400 787 4465 absurditas
796 4400 950 4463 manifesta
962 4405 1019 4465 liat.
1042 4405 1173 4480 Apparet
1181 4408 1279 4460 autem
