3290 5142
685 484 834 582 Al„

176 674 292 755 lisper
305 690 396 754 quam
411 671 463 735 diu
476 671 567 735 locuit
579 672 743 737 nescimus:
763 692 825 738 non
841 673 892 737 diu
905 672 998 738 tuisse
1012 672 1085 737 setis
1104 681 1234 756 apparet
1278 674 1340 737 Po-

176 794 283 861 namus
296 775 398 856 viginti
412 781 464 837 aut
476 774 596 855 triginta
608 792 711 851 annos,
727 777 757 838 h
773 798 800 840 e.
815 777 944 840 hominis
958 782 1084 839 aetatm
1096 776 1160 855 16);
1183 777 1226 840 sic
1247 775 1339 857 plebis

176 879 224 942 ille
239 886 338 942 motus
352 879 384 939 in
397 876 477 939 idern
490 877 552 940 iere
567 883 685 959 tempus
700 878 812 952 incidit,
836 897 895 960 quo
912 886 1046 960 tempore
1059 877 1263 958 Theognidem
1283 897 1339 942 na-

175 989 242 1044 tum
257 998 322 1042 esse
337 980 533 1060 sumpsimus:
555 979 634 1043 unde
649 987 785 1061 apparet,
806 998 881 1062 quae
900 981 932 1043 in
946 981 1033 1043 huius
1047 978 1180 1042 omnibus
1194 982 1339 1063 signitica-

176 1092 227 1145 tnr
240 1082 393 1145 conversio
412 1081 457 1143 rei
476 1080 609 1162 publicae
628 1100 690 1145 non
710 1102 776 1145 eam
790 1101 864 1157 esse,
886 1083 923 1145 de
938 1101 996 1164 qua
1010 1082 1184 1145 Plutarchus
1197 1085 1338 1165 loquitur.

175 1185 216 1246 ut
223 1183 371 1267 probabile
385 1192 432 1245 est
445 1191 562 1246 motum
573 1184 656 1246 illmn
666 1183 759 1265 plebis
769 1184 941 1247 exsultantis
953 1184 1085 1247 celeriter
1096 1203 1271 1267 oppressum
1283 1207 1339 1268 op·

176 1287 383 1366 similiumque
397 1284 555 1367 imperium
570 1287 742 1350 restitutum
756 1304 831 1360 esse,
853 1287 890 1349 ad
905 1305 994 1368 quem
1009 1294 1120 1351 statum
1143 1287 1186 1350 rei
1206 1288 1339 1370 publicae

175 1389 288 1470 aliquot
297 1406 398 1449 versus
413 1387 591 1467 Theognidis
602 1389 676 1451 virili
690 1394 785 1452 aetate
798 1388 900 1470 scripti
913 1390 1071 1470 portinent,
1086 1389 1241 1469 dequibus
1255 1410 1285 1474 p.
1297 1390 1339 1454 28

176 1510 242 1573 sqq.
258 1489 369 1552 dictum
384 1496 438 1551 est
455 1524 496 1534 -
511 1489 580 1552 Non
594 1491 679 1571 plane
693 1497 805 1554 certam
819 1492 896 1554 hono
906 1499 1075 1573 temporum
1086 1493 1338 1576 computationem

174 1612 241 1656 esse
255 1594 400 1667 latemur3
421 1591 473 1653 sed
484 1600 531 1654 est
544 1599 645 1655 tamen
658 1593 737 1659 haud
750 1593 952 1677 improbabilis
966 1604 996 1658 et
1009 1614 1068 1678 qua
1081 1595 1238 1659 certiorem
1253 1595 1339 1659 diam

175 1695 224 1757 six
236 1694 361 1758 moeniti
374 1713 463 1777 posse
477 1700 628 1774 putamus.

262 1797 304 1861 he
319 1797 385 1879 ipso
405 1804 504 1859 autem
518 1798 689 1879 'theognide
708 1804 825 1880 praeter
838 1817 889 1874 ea,
912 1818 988 1881 quae
1003 1798 1062 1862 ism
1077 1816 1167 1880 supra
1180 1798 1339 1881 proposui-

176 1918 245 1964 mus
256 1900 315 1978 17),
339 1898 398 1961 hoc
414 1915 510 1961 unum
525 1899 611 1962 nobis
625 1919 662 1963 ex
676 1900 740 1964 eius
754 1901 884 1983 rebqinis
899 1901 970 1964 sctis
992 1899 1103 1981 iquido
1118 1899 1280 1982 intelligere
1293 1901 1339 1966 vi·

176 2004 292 2077 demur,
306 2001 441 2083 quamvis
456 2001 644 2082 optimatium
658 2004 798 2084 potestnti
812 2003 928 2078 sarmit,
944 2008 1196 2084 exaequatamqne
1210 2004 1338 2069 nobilio-

175 2105 257 2170 ribus
272 2104 388 2186 plebem
403 2121 488 2184 aegre
503 2103 612 2175 tulerit,
626 2110 727 2166 mmen
738 2105 856 2168 illorum
868 2124 986 2188 quoque
994 2104 1154 2186 imperium
1164 2105 1208 2168 sic
1215 2106 1338 2170 demum

174 2208 326 2290 probasse,
341 2205 368 2268 si
382 2204 519 2286 snperbia
533 2213 564 2267 et
577 2205 691 2269 iniuriis
706 2205 901 2281 abstinerent,
921 2215 1124 2289 mutatamque
1145 2209 1273 2272 termam
1294 2211 1339 2274 rei

174 2309 309 2392 publicae
323 2314 477 2390 propterea
491 2308 681 2389 potissimum
695 2309 834 2386 doluisse,
857 2312 936 2391 quod
949 2312 980 2373 in
995 2331 1029 2375 ss
1044 2311 1187 2375 maiorem
1199 2312 1339 2394 pecuniae

174 2430 266 2494 quam
279 2410 423 2474 nohilitati
438 2416 490 2473 aut
503 2410 603 2473 viruui
617 2410 762 2474 honorem
778 2411 880 2475 haberi
893 2413 1076 2494 videret18).
1119 2413 1195 2477 Nam
1209 2434 1226 2477 a
1245 2432 1338 2496 pecu-

174 2513 267 2576 niosis
281 2511 451 2575 hominihus
466 2531 499 2574 se
513 2512 619 2592 serique
633 2513 748 2575 similes
762 2521 1101 2598 propterpaupertatem
1116 2517 1267 2579 contemni
1277 2533 1338 2580 non

174 2613 268 2678 semel
282 2613 483 2696 conqueritur,
497 2614 551 2677 scd
565 2631 712 2697 nusquam
728 2622 790 2681 mm
812 2636 916 2683 caecus
931 2619 1019 2682 unius
1034 2619 1194 2684 nobilitatis
1208 2620 1337 2686 admira·

174 2852 238 2905 Nem
255 2853 387 2904 sinodum
403 2851 549 2921 trequentes
563 2853 687 2906 eiusnodi
699 2856 880 2909 conversiones
893 2858 920 2909 in
929 2856 1087 2911 Graecorum
1098 2859 1247 2912 civitatibus
1258 2858 1337 2913 inisse

173 2940 357 2991 sstlsoonstst.
763 2962 767 2967 ·

240 3024 282 3087 ld)
300 3024 327 3075 si
339 3025 500 3077 Dnrclernm
512 3024 633 3091 cudimus,
643 3041 666 3093 p.
680 3023 713 3077 63
726 3027 784 3079 coll.
797 3029 840 3093 ct,
848 3029 917 3082 inser
925 3030 1057 3097 expulsum
1067 3029 1224 3097 Tbesgeren
1233 3047 1337 3102 oppres·

170 3125 261 3177 sesqne
283 3111 365 3178 plebis
386 3117 457 3162 motu
478 3110 612 3177 optimates
630 3111 758 3175 exipsius
777 3113 882 3165 calculis
899 3114 985 3176 πω
997 3115 1094 3167 nostris
1108 3115 1140 3167 85
1153 3117 1338 3185 misserunt,

169 3197 236 3261 quod
253 3204 352 3260 tempus
364 3193 500 3247 Plutarcho
513 3193 612 3262 ὀλίγον
619 3190 728 3263 χρόνον
739 3198 823 3249 visum
834 3214 892 3251 esse
904 3200 949 3251 vix
962 3202 1047 3252 eredo.

240 3280 281 3342 17)
299 3278 458 3332 Uberi-inem
474 3296 521 3331 nee
536 3279 696 3332 iniucundsm
711 3281 780 3333 lectu
797 3280 907 3335 isboleni
924 3284 955 3335 de
971 3285 1038 3336 omni
1058 3284 1209 3350 Theognidis
1231 3289 1286 3341 sits
1306 3290 1337 3340 ab

170 3362 252 3431 Aegle
265 3366 370 3431 quodam
383 3366 492 3430 erudito,
504 3365 543 3417 Jo.
557 3365 687 3417 llookbsn
698 3365 787 3433 Fcere,
800 3369 827 3420 in
838 3383 943 3419 secessu
958 3366 1087 3420 Melitensi
1104 3379 1263 3439 contextam,
1281 3372 1337 3426 hle·

171 3450 282 3517 litemus
294 3463 334 3501 so.
348 3450 413 3501 1842
426 3450 519 3502 οὕτω
530 3451 684 3503 bebenush.
701 3458 733 3503 t.:
749 3450 905 3518 Theognis
921 3454 1108 3507 restitutas.
1144 3456 1210 3508 The
1226 3473 1337 3525 perso.

170 3533 223 3587 nel
241 3535 376 3601 history
394 3532 427 3587 oi
441 3536 492 3586 the
510 3544 582 3603 poet
599 3535 759 3602 Theognis
777 3538 915 3589 deduced
932 3537 1011 3591 irom
1029 3555 1066 3591 an
1083 3541 1274 3610 snelgsisoi
1287 3545 1335 3597 his

171 3620 312 3686 existing
331 3619 517 3685 lrsgments,
538 3621 570 3672 de
589 3636 637 3688 qus
653 3622 786 3675 verissime
799 3624 923 3693 indicavit
935 3624 990 3676 eins
1002 3625 1132 3692 populeris
1144 3628 1179 3691 (in
1192 3627 1333 3698 Quarterlg

170 3703 233 3756 Rev.
246 3722 285 3755 no.
303 3705 351 3756 144
363 3722 387 3773 p.
403 3706 478 3771 455):
495 3704 564 3772 „Mn
580 3705 661 3758 Frere
676 3707 723 3758 bss
739 3708 827 3758 shown
844 3715 919 3773 great
937 3708 1068 3777 ingenuity
1085 3709 1112 3759 in
1128 3710 1245 3777 working
1261 3719 1306 3763 ont
1321 3727 1337 3764 ι

171 3791 310 3842 consistent
321 3797 411 3859 story3
423 3790 463 3842 his
480 3789 556 3859 fancy
568 3791 614 3843 hss
627 3792 767 3844 connected
778 3793 821 3844 the
833 3793 953 3860 thoughts
964 3794 1013 3845 and
1025 3795 1174 3846 sentiments
1187 3793 1217 3847 oi
1222 3796 1265 3847 the
1277 3805 1337 3864 poet

171 3876 235 3928 with
245 3877 288 3928 the
301 3877 425 3944 supposed
437 3884 526 3928 events
539 3875 568 3928 ol
576 3877 616 3929 his
628 3879 678 3946 dep
689 3878 755 3930 with
765 3877 908 3930 wonderful
919 3878 1043 3949 subtlety,
1061 3880 1120 3945 and,
1135 3896 1168 3932 on
1190 3882 1234 3933 the
1244 3881 1337 3946 srbole,

170 3962 202 4013 he
213 3962 259 4014 hes
270 3962 346 4027 given
358 3977 389 4012 us
401 3977 416 4013 a
428 3977 493 4030 very
505 3962 671 4014 scholar-like
683 3964 731 4014 end
742 3963 857 4031 plessing
868 3978 944 4033 cesay
955 3968 1023 4016 etc.“
1036 3963 1142 4018 Scilicet
1150 3967 1199 4019 boc
1210 3974 1259 4033 est,
1270 3968 1336 4034 qued

171 4046 259 4100 blusso
271 4049 335 4116 epud
344 4046 482 4100 Hesiodum
493 4048 653 4114 profitentur,
666 4046 750 4118 ἴδμεν
763 4044 872 4117 ψεύδεα
881 4047 973 4103 πολλὰ
983 4049 1074 4120 λέγειν
1084 4046 1335 4122 superscripsi«.

171 4133 297 4187 Veremur
308 4141 391 4185 sutem
403 4149 562 4199 magnopere,
573 4149 605 4185 ne
614 4134 639 4184 in
650 4135 683 4185 iis
696 4149 801 4201 quoqne,
813 4149 876 4202 quse
888 4151 967 4203 nuper
977 4152 993 4189 s
1003 4144 1119 4189 nostrate
1131 4137 1266 4201 historico,
1276 4137 1335 4189 viro

171 4219 320 4271 doctissimo
332 4228 359 4271 et
370 4220 560 4283 sollertissimo,
571 4220 603 4270 de
615 4218 768 4285 Theognidis
781 4227 808 4272 et
821 4214 1008 4287 Megarensium
1019 4222 1095 4275 rebus
1107 4237 1227 4290 perquam
1237 4222 1334 4274 diserte

172 4310 276 4356 ruretc
288 4304 405 4371 legimus,
417 4303 535 4372 pleraque
547 4300 635 4374 ὁμοῖα
652 4300 800 4374 ἐτύμοισιν
811 4307 892 4371 msgis
904 4323 977 4375 quam
990 4304 1078 4378 ἔτυμα
1090 4308 1196 4360 dicenda
1207 4300 1267 4360 etde

242 4388 283 4450 18)
296 4388 391 4454 „liniis
403 4387 541 4441 deformior
552 4390 651 4456 species
663 4396 704 4441 est
715 4389 839 4457 civitatis,
855 4408 928 4460 quern
939 4392 966 4444 in
978 4408 1026 4461 qus
1043 4392 1227 4458 opulentissimi
1245 4391 1334 4459 optimi

172 4474 320 4542 putantnr“,
330 4474 413 4543 incasit
423 4474 508 4542 Scipio
521 4476 587 4542 epod
598 4475 747 4529 Ciceronem
757 4476 788 4528 de
801 4475 909 4543 republ.
924 4477 948 4543 1,
960 4477 1004 4530 34.
