3284 5152
244 1658 429 1755 scholii
464 1663 510 1754 III
542 1662 767 1756 EURIPIDIS
799 1659 946 1754 IOIIEII.
1011 1660 1136 1753 Plll.
1171 1662 1210 1754 II.

235 1914 320 1993 Apud
341 1913 513 1978 Ciceronem
536 1915 572 1978 de
594 1921 668 1976 orat.
688 1913 733 1989 11,
766 1911 804 1975 18
824 1932 841 1977 a
862 1911 975 1986 Catullo,
995 1929 1056 1974 uno
1078 1917 1183 1975 eornm
1203 1913 1256 1994 qui
1273 1914 1314 1978 ihi

149 2013 349 2096 colloquentes
363 2016 552 2089 Indueuntur,
566 2013 783 2078 narratiuncula
793 2014 937 2095 quaedam
948 2012 1058 2075 inserta
1068 2020 1114 2076 est
1125 2013 1310 2079 huiuamodi:

148 2113 342 2180 llannihalem
358 2117 530 2198 Carthagine
543 2115 711 2198 expulsum,
727 2134 820 2197 mm
835 2116 986 2197 Ephesum
1000 2114 1139 2190 venisset,
1156 2116 1311 2181 inritatam

147 2235 213 2280 esse
228 2217 264 2280 ah
278 2218 454 2300 hospih'hus,
470 2223 503 2282 ut
518 2217 730 2281 Phormionem
745 2218 869 2291 audiret,
892 2215 1096 2298 philosophIae
1111 2215 1312 2297 professorem

148 2319 227 2383 haud
241 2320 412 2402 ignobilem:
439 2338 592 2403 quumque
616 2321 719 2384 illese
740 2319 901 2385 nonnulle
922 2319 1058 2391 dixisset,
1085 2320 1219 2383 loentum
1245 2339 1311 2385 esse

147 2420 371 2497 Phormionem,
385 2423 538 2487 hominem
552 2423 715 2504 copiosum,
735 2423 847 2505 aliquot
860 2422 950 2485 horas
966 2422 1003 2485 de
1015 2421 1201 2503 imperatoris
1214 2422 1312 2487 officio

148 2530 178 2587 et
192 2523 228 2587 de
243 2525 324 2588 omni
338 2543 371 2588 ae
385 2526 512 2589 ruditati.
556 2524 643 2599 Tum,
659 2543 752 2607 quum
766 2523 855 2589 ceteri
871 2526 921 2604 qui
935 2524 1019 2587 illum
1030 2523 1210 2588 audirisaent
1220 2525 1310 2588 vahe-

147 2634 265 2690 menter
278 2634 377 2691 essent
391 2628 524 2692 delcetati
539 2635 771 2711 quaererentque
791 2627 827 2691 ah
843 2626 1015 2702 Hannibale,
1034 2626 1177 2709 quidnam
1192 2627 1255 2710 ipae
1268 2627 1306 2691 ds

147 2728 197 2792 ilio
211 2727 388 2811 philosopho
403 2731 552 2807 iudicaret,
568 2732 703 2795 Poenum
718 2749 780 2795 non
794 2730 906 2813 optime
919 2748 1022 2811 graeoe
1037 2729 1090 2792 sod
1104 2735 1205 2792 tamen
1218 2729 1309 2794 libere

147 2832 346 2913 reapondisse,
361 2834 471 2898 multos
485 2852 517 2897 se
532 2834 639 2898 deliros
654 2852 739 2897 mnes
752 2851 840 2915 saepe
855 2832 971 2909 vidisse,
986 2832 1038 2895 sed
1053 2830 1105 2912 qui
1116 2831 1208 2912 magis
1219 2850 1309 2913 qtram

147 2932 289 2998 Phormio
303 2935 439 3000 deliraret
452 2936 558 2999 vidisse
572 2935 732 2999 neminem.
777 2934 880 3017 Neque
895 2933 1063 2997 mahermale
1077 2933 1192 3009 iniuria,
1212 2933 1310 3017 inquit

148 3035 277 3101 Catulus.
321 3037 397 3112 Quid
411 3039 490 3103 enim
506 3044 557 3101 aut
570 3037 754 3120 arrogantius
769 3044 820 3100 aut
832 3035 983 3117 loquacius
997 3034 1063 3098 llari
1080 3035 1195 3116 potuit,
1218 3054 1309 3120 quern

148 3136 318 3215 Hannibali,
341 3142 391 3221 qui
417 3149 463 3204 tot
483 3159 577 3204 annos
597 3141 634 3203 de
655 3139 780 3222 imperio
795 3157 864 3203 enm
878 3138 989 3221 populo
1004 3138 1140 3201 Romano
1155 3146 1309 3219 commeat,

146 3258 285 3320 maecum
303 3242 470 3318 hominem,
491 3244 542 3325 qui
561 3260 715 3325 nmquam
733 3242 865 3315 hostem,
886 3258 1040 3322 nunqnam
1059 3246 1155 3305 maha
1176 3242 1306 3320 vidisset,

147 3359 300 3422 nunquam
319 3344 447 3426 denique
466 3345 619 3409 minimam
637 3353 750 3427 nartem
769 3344 857 3407 ullins
876 3343 986 3425 pollici
1004 3343 1136 3408 muneris
1150 3344 1305 3427 attigisset,

147 3449 303 3525 praesepta
318 3445 354 3508 de
368 3464 400 3508 re
414 3445 535 3509 militari
546 3443 638 3509 darei
653 3479 697 3492 -
709 3444 755 3507 lle
769 3454 867 3509 antem
882 3463 963 3509 nune
973 3444 1063 3509 huius
1071 3446 1308 3512 narratinneulae

148 3545 440 3609 commonefacerent
459 3546 571 3627 aliquot
594 3553 765 3610 nostrorum
785 3546 941 3610 homiuum
962 3548 1095 3627 exempla
1114 3547 1305 3614 Phormionia

109 3698 112 3704 Α
147 3646 344 3726 arrogantiam
370 3664 432 3711 non
456 3648 547 3711 modo
573 3648 783 3713 aemulantium
809 3647 860 3711 sod
886 3646 974 3730 longe
991 3646 1079 3709 etiam
1093 3649 1307 3730 superantium,

147 3748 221 3812 Nam
236 3747 285 3811 ille
305 3748 425 3830 quidem
444 3749 519 3812 nihil
539 3750 596 3814 nisi
615 3750 748 3814 versatile
768 3749 918 3830 ingenium
933 3754 964 3811 et
977 3747 1145 3812 herodiam
1161 3751 1310 3832 quandam

145 3850 349 3915 seholastiaam
364 3859 394 3913 et
407 3851 558 3915 innoxiam
574 3859 722 3917 ostenhre
737 3849 891 3915 Hannibali
906 3850 1013 3926 voluit,
1040 3849 1071 3913 hi
1086 3857 1186 3915 autem
1201 3852 1311 3935 aliquid

146 3953 273 4035 amplius
287 3954 423 4017 adeotant
437 3972 534 4035 neque
546 3954 579 4018 in
592 3954 773 4037 privatorum
789 3954 905 4020 eireulis
919 3973 952 4019 se
964 3953 1127 4030 eontinent,
1143 3954 1194 4019 uhi
1208 3954 1245 4020 ad
1259 3971 1310 4021 oa·

145 4054 216 4120 lioas
231 4065 261 4118 et
274 4056 390 4119 humum
406 4056 508 4120 diserti
520 4052 684 4135 χαύνωσιν
698 4050 957 4143 ἀναπειστηρίαν
970 4063 1136 4131 exerneant,
1150 4057 1202 4121 sed
1212 4056 1310 4140 puhli-

146 4176 249 4221 eoram
270 4158 342 4221 adeo
362 4159 554 4223 oonsiliornm
576 4168 711 4247 sudores
729 4178 796 4226 sesa
809 4168 841 4225 at
854 4168 985 4226 restores
999 4158 1064 4224 ueri
1077 4159 1217 4241 muana
1261 4159 1312 4225 Sia

145 4258 234 4321 nimis
248 4261 358 4322 multoe
374 4262 506 4325 videmus
521 4264 706 4326 consultores
721 4264 790 4327 vitio
805 4271 933 4336 uastos,
956 4261 1008 4346 qui
1029 4279 1090 4325 non
1109 4262 1207 4326 solum
1227 4261 1264 4325 de
1278 4280 1312 4326 re

144 4359 271 4435 militari,
287 4363 339 4424 sed
354 4362 391 4426 de
406 4365 488 4427 omni
502 4383 536 4427 re
552 4363 669 4447 publiea
690 4366 761 4448 qnid
782 4372 834 4431 aut
852 4363 958 4451 debeat
978 4363 1043 4428 lieri
1064 4372 1191 4429 autnon
1204 4362 1312 4429 dehent

143 4480 262 4529 summa
272 4483 340 4533 oum
352 4466 527 4535 confidentia
537 4467 697 4534 decernant
705 4475 758 4532 aut
768 4468 926 4533 decernere
936 4468 1043 4535 saltem
1053 4466 1183 4556 rupim,
1194 4482 1304 4551 quum·
