3154 5138
852 453 916 517 340

304 663 392 726 qoam
411 648 522 706 sinitote
542 647 618 705 ratio
639 661 686 704 res
701 642 740 703 od
758 644 849 701 citam
868 644 1047 702 necessarios
1067 639 1200 702 sollerter
1220 651 1392 721 consequuta
1412 650 1460 701 eat.

304 745 384 807 Talia
399 746 532 826 quamvis
547 745 637 807 muita
654 762 811 824 congeras,
830 741 902 803 nihil
922 743 958 804 ad
979 743 1066 804 huius
1085 742 1142 804 loci
1156 743 1310 805 lectionem
1325 744 1461 805 tuendam

304 848 442 910 effeceris.
487 848 552 910 Non
572 848 649 909 enim
670 847 740 909 satis
761 860 820 920 cst,
835 845 1008 907 sententiam
1029 845 1123 925 ipsam
1143 865 1196 926 per
1215 864 1248 907 se
1268 865 1365 908 veram
1387 866 1460 917 esso,

304 950 361 1013 nisi
376 950 509 1024 etiamsi,
524 951 555 1011 in
571 967 628 1030 quo
644 949 741 1028 posita
756 957 808 1023 est,
823 948 888 1009 loco
904 956 969 1026 apta
985 956 1013 1009 et
1029 949 1206 1010 conveniens
1222 949 1268 1010 sit
1305 948 1390 1029 Atqui
1407 966 1462 1009 no-

304 1062 366 1115 stro
382 1052 447 1114 loco
462 1052 603 1133 quidquid
618 1059 804 1113 enumeratur
818 1060 847 1112 et
861 1060 928 1112 ante
943 1050 1019 1112 illam
1032 1051 1138 1112 artium
1151 1050 1462 1113 commemorationem

304 1164 416 1236 etpost
430 1174 503 1229 eam,
518 1161 679 1236 proventus
694 1170 842 1233 agrorum,
858 1152 933 1214 venti
949 1152 1072 1227 Etesiae,
1089 1163 1187 1216 aestus
1203 1152 1357 1229 maritimi,
1374 1172 1462 1215 mon·

304 1268 348 1319 tes
363 1257 458 1319 restiti
472 1267 501 1319 et
515 1256 670 1333 silvestres,
686 1256 803 1331 salinae,
820 1256 1039 1329 medicamenta,
1056 1256 1180 1337 donique
1192 1257 1304 1318 dierum
1316 1256 1463 1318 noctium-

304 1378 361 1440 que
375 1359 602 1434 vicissitudines,
613 1359 686 1421 haec
700 1358 798 1420 omnia
815 1366 873 1419 tem
890 1357 994 1419 diversi
1010 1359 1125 1437 generis
1141 1378 1206 1420 esse
1221 1369 1354 1440 apparet,
1369 1367 1404 1420 ut
1418 1358 1464 1419 in-

304 1463 418 1541 terponi
438 1461 481 1524 sic
501 1461 597 1523 obiter
617 1460 724 1522 artium
745 1461 985 1521 commemoratio
1007 1481 1023 1522 a
1044 1460 1123 1522 bono
1146 1461 1291 1541 scriptore
1310 1479 1372 1522 non
1395 1479 1465 1523 sane

303 1564 440 1644 potuerit
482 1563 548 1625 Huc
561 1562 671 1625 accedit
686 1562 765 1643 quod
781 1562 816 1623 dc
832 1562 967 1623 universo
984 1563 1033 1624 illo
1050 1582 1155 1642 genere
1169 1564 1312 1635 beneficii,
1333 1563 1369 1624 ad
1386 1563 1465 1643 quod

304 1666 409 1728 artium
432 1665 560 1727 inventio
576 1665 711 1745 pertinet,
728 1665 756 1726 h.
774 1684 798 1725 e.
821 1665 857 1726 de
871 1664 960 1725 animi
981 1667 1162 1728 facultatibus
1177 1667 1343 1747 mentisque
1358 1666 1465 1728 solier-

303 1767 341 1829 tia
356 1767 500 1830 hominia
516 1777 617 1830 natura
633 1767 753 1840 tributa,
773 1766 829 1827 alio
849 1767 916 1828 loco
936 1770 1091 1848 separatim
1109 1770 1225 1843 dicitur,
1241 1790 1265 1831 c
1282 1768 1322 1831 59
1338 1788 1400 1849 sq..
1417 1768 1466 1829 obi

303 1877 527 1951 artesquoque,
544 1879 577 1932 ut
591 1890 644 1951 par
660 1878 735 1944 erat,
753 1880 970 1946 memorantur,
990 1872 1095 1951 partim
1116 1873 1152 1934 ad
1169 1892 1256 1934 usum
1272 1871 1345 1933 vitae
1355 1870 1465 1952 partim

304 1972 339 2033 ad
361 1972 583 2034 oblectationem
604 1971 801 2045 necessariae,
818 1976 845 2047 ξ.
869 1971 937 2033 152.
982 1973 1034 2034 His
1055 1974 1142 2052 igitur
1160 1974 1322 2037 rationibus
1341 1993 1468 2055 permo-

304 2084 350 2137 tus
367 2074 475 2137 Moseri
496 2074 634 2136 iudicium
653 2074 753 2136 laudo:
774 2094 860 2154 quani
881 2082 978 2136 autem
999 2075 1045 2137 ille
1064 2077 1119 2138 sibi
1139 2078 1376 2141 emendationem
1404 2096 1466 2139 non

304 2176 457 2257 displicere
471 2177 523 2251 ait,
538 2186 570 2238 ut
584 2195 632 2238 res
646 2196 702 2258 pro
718 2188 795 2238 ortes
815 2177 969 2253 scribatur,
990 2178 1106 2240 laudare
1122 2199 1183 2242 non
1198 2200 1334 2262 possum.
1379 2180 1468 2243 Malui

302 2280 380 2341 dotes
393 2297 548 2359 reponere,
570 2279 649 2359 quod
670 2279 843 2341 vccabulum
864 2287 892 2339 et
911 2280 1097 2360 aptissimum
1118 2282 1176 2344 hoc
1193 2282 1258 2345 loco
1274 2293 1332 2358 est,
1351 2291 1384 2345 et
1399 2304 1416 2345 a
1432 2282 1468 2343 li-

300 2380 405 2443 brariis
432 2381 518 2443 etiam
544 2380 610 2442 aiibi
637 2399 704 2442 cum
730 2379 778 2442 iilo
799 2381 888 2443 altero
910 2393 1117 2461 permutatum.
1162 2384 1470 2449 vic.13urmann.at

302 2483 385 2545 ovio.
402 2472 435 2543 nss
452 2484 484 2544 Α.
504 2485 529 2557 1,
542 2484 614 2545 596.

388 2584 482 2646 Scrib.
499 2584 745 2665 Gryphiswaldiae
761 2604 787 2646 a.
804 2584 832 2645 d.
849 2583 894 2646 ΙΙΙ.
911 2586 1224 2668 carnuntensem.
