3276 5144
834 464 988 564 ..a-oo-

331 651 560 743 ἐπιρρήματος
580 658 723 722 excidisse
746 656 881 737 suspicor
904 654 1073 719 huiusmodi
1100 655 1185 736 quid:
1212 646 1307 735 [όλλδ
1331 650 1393 718 τοῦ
1418 658 1498 717 ποῦ

331 758 566 847 έπιρρήματος]
590 756 648 823 καὶ
671 760 751 840 [τῶν]
774 749 881 822 όὶλλων
903 744 949 821 ὧν
970 750 1199 841 παρεθέμεθα
1216 749 1237 842 ἦ
1252 751 1290 834 ἐξ
1303 748 1496 821 ἀκολούθου

330 862 489 953 προφορδ
509 861 568 948 τήν
588 859 724 949 τρισσήν
747 856 925 925 διάστασιν
946 861 1099 923 ποιεῖται
1120 857 1189 923 κτλ.

414 969 449 1031 Ρ.
465 966 538 1041 619,
555 966 610 1028 30:
637 960 740 1026 παντὶ
758 957 851 1046 μέρει
873 956 969 1044 λόγου
990 960 1246 1047 παρακολουθεῖ
1270 959 1310 1026 τδ
1333 956 1496 1044 διελέγχε-

331 1072 419 1137 σθαι
441 1062 489 1145 εἰς
511 1061 817 1152 δναταλληλότρτα,
839 1056 918 1128 ὅταν
939 1057 1032 1149 ἑτέρα
1053 1084 1107 1140 τις
1128 1066 1243 1150 χρῆσις
1263 1051 1287 1150 ᾖ
1308 1057 1383 1127 κατ’
1407 1056 1497 1128 ἰδίαν

329 1167 431 1255 μόνον
451 1171 624 1256 σημασίαν.
667 1171 779 1241 Immo,
806 1170 926 1251 opinor,
952 1164 998 1252 μή
1022 1158 1101 1230 κατ’
1122 1158 1210 1232 ἰδίαν
1229 1176 1281 1231 aut
1301 1158 1385 1251 παρ’
1406 1159 1497 1231 ἰδίαν

329 1269 431 1358 μόνον
451 1272 626 1359 σημασόαν.

416 1378 449 1441 Ρ.
466 1375 538 1450 620,
564 1376 620 1437 17:
645 1368 688 1437 aci
703 1369 762 1437 διδ
776 1370 836 1436 τοῦ
857 1379 876 1439 ὰ
897 1365 1112 1458 ἐκφερόμενα.
1155 1372 1226 1436 Loci
1240 1377 1395 1435 contextus
1411 1372 1497 1434 docet

331 1476 374 1542 τοὶ
396 1474 455 1543 διδ
476 1478 537 1540 τοῦ
558 1477 591 1545 σῖ
612 1470 818 1561 ἐκφερόμενα
839 1475 1028 1539 scribendum
1052 1494 1127 1539 esse.
1152 1510 1195 1520 -
1220 1475 1295 1537 ibid.
1321 1494 1347 1535 r.
1364 1474 1420 1537 23:
1450 1459 1498 1536 οἷν
1616 1540 1617 1551 χ

331 1578 388 1646 καὶ
407 1577 467 1665 τήν
487 1572 671 1663 ταυτότητα
694 1570 919 1655 ἀναδέχονται.
956 1578 1100 1660 Loquitur
1113 1577 1285 1658 Apollonius
1301 1578 1338 1640 dc
1352 1577 1496 1640 adverbiis
1616 1588 1617 1593 ’

331 1685 361 1747 in
377 1702 434 1757 σε,
455 1681 559 1744 codem
574 1699 633 1763 qno
648 1689 770 1762 cognata
783 1681 815 1743 in
837 1681 912 1743 θεν
933 1689 1055 1744 accentu
1069 1682 1265 1763 pronuntiatis
1281 1685 1319 1758 (ν.
1338 1680 1405 1761 18),
1430 1681 1497 1743 ideo

331 1785 519 1850 scribendum
533 1790 606 1865 puto
620 1779 681 1867 τόν
695 1778 880 1868 ταυτότητα
894 1779 953 1868 τῆς
967 1776 1096 1858 τάσεως
1110 1791 1161 1846 aut
1175 1783 1235 1845 τοῦ
1249 1777 1353 1847 τόνου.

414 1887 448 1949 Ρ.
465 1887 537 1960 621,
552 1887 587 1949 9:
611 1879 796 1962 δεδείξεται
819 1882 881 1968 γὰρ
902 1880 961 1948 καὶ
983 1882 1042 1969 τήν
1064 1879 1100 1948 ἐκ
1121 1879 1230 1949 τόπου
1246 1880 1360 1965 σχέσιν
1374 1882 1496 1972 δηλοῦν

330 1986 370 2055 τδ
386 1982 467 2054 adad
483 1988 554 2065 τοῖς
569 1979 627 2073 ἀφ’
642 1974 696 2052 ὤν’
711 1981 950 2072 ἐσχηματίσθη.
975 1987 1182 2063 Schneiderus‚
1196 1988 1234 2050 bi.
1251 1989 1307 2052 Rh.
1322 1989 1361 2052 111
1376 2009 1405 2070 p.
1421 1989 1495 2064 446,

329 2093 446 2157 volebat
470 2086 510 2155 τό
531 2110 567 2154 τε
589 2082 687 2154 oded:
722 2091 752 2153 id
774 2091 850 2153 rnihi
875 2110 892 2152 a
917 2098 1017 2153 mente
1041 2091 1186 2175 Apollonii
1213 2091 1342 2153 alienum
1370 2091 1496 2154 videtin.

330 2197 474 2279 Loquitur
488 2196 567 2258 enim
584 2193 734 2258 deformis
745 2193 775 2255 in
790 2192 864 2254 θεν
877 2193 922 2266 iis,
939 2212 1083 2275 quaenon
1094 2194 1258 2275 significent
1269 2190 1327 2279 ctio
1338 2186 1375 2257 ἐκ
1386 2188 1495 2257 τόπου

330 2295 444 2379 σχέσιν
465 2318 562 2380 noque
577 2298 698 2360 omnino
712 2315 766 2379 pro
782 2295 925 2359 adverbiis
943 2297 1046 2359 baberi
1065 2298 1200 2372 debeant,
1222 2298 1260 2360 dc
1282 2298 1389 2379 quibus
1407 2298 1496 2360 etiam

329 2424 359 2488 p.
376 2402 448 2477 598,
467 2402 506 2464 10
521 2422 586 2484 sqq.
602 2402 713 2464 dictum
729 2406 785 2474 cst,
806 2399 970 2481 diciturque
985 2401 1069 2475 infra,
1085 2421 1115 2484 p.
1131 2400 1204 2476 623,
1223 2402 1271 2463 11.
1301 2400 1496 2464 scribendum

330 2505 433 2588 igitur:
463 2500 512 2588 μὴ
535 2500 594 2588 τήν
615 2496 651 2565 ἐκ
672 2496 781 2564 τόπου
804 2498 917 2580 σχέσιν
940 2496 1066 2586 δηλοῦν,
1089 2497 1128 2564 nd
1151 2496 1194 2565 δδ
1216 2493 1298 2565 αότδ
1320 2498 1387 2564 κτλ.

414 2608 449 2670 Ρ.
466 2607 538 2681 622,
562 2607 611 2668 17.
654 2605 830 2667 Formarum
858 2605 1025 2667 doricarum
1047 2590 1086 2682 εἶ,
1111 2604 1177 2683 πεῖ,
1201 2596 1293 2668 cadoci
1311 2624 1499 2669 commemo·

330 2709 406 2774 ratio
426 2709 463 2772 ab
481 2709 570 2772 buius
590 2707 646 2770 loci
667 2714 771 2770 tenore
790 2706 883 2769 ebena
904 2714 963 2770 est:
989 2708 1084 2788 aptius
1107 2707 1430 2791 collocabiturp.923,
1449 2709 1498 2769 11.

331 2812 399 2875 Νοιι
418 2811 517 2873 minus
541 2810 670 2872 ebenum
690 2817 751 2883 est,
771 2810 851 2891 quod
872 2829 899 2872 r.
917 2810 956 2872 19
977 2811 1013 2874 de
1033 2817 1157 2874 accentu
1177 2812 1255 2874 vocis
1271 2802 1360 2875 ὅπου
1381 2811 1498 2874 dicitur.
1618 2798 1619 2803 ἵ

331 2915 384 2978 His
398 2914 522 2977 remotis
536 2912 650 2993 reliqua
664 2919 745 2974 rectc
760 2913 928 2976 cohaerent.

416 3015 449 3078 P.
465 3015 536 3089 624,
555 3014 609 3077 131
632 3007 687 3077 ὅτι
708 3011 834 3093 μᾶλλον
856 3005 1017 3100 ἀποκοπή
1039 3009 1110 3079 ἐστι
1131 3015 1193 3080 τοῦ
1206 3009 1367 3080 ἐκεινόθι.
1398 3016 1499 3090 Quum

332 3119 363 3183 in
377 3117 619 3201 praecedentibus
634 3117 670 3179 de
685 3117 791 3179 formis
805 3110 936 3179 ἐκεῖθεν
951 3125 980 3179 et
995 3109 1105 3181 ἐκεῖθι
1124 3120 1236 3182 dictum
1252 3119 1305 3192 sit,
1330 3137 1420 3182 nemo
1435 3137 1499 3182 non

332 3222 405 3285 baec
419 3238 538 3302 quoque
553 3220 588 3281 de
603 3219 709 3282 harum
732 3219 871 3282 alterutra
891 3218 948 3282 dici
967 3222 1143 3301 suspicetur.
1165 3223 1255 3305 Atqui
1274 3240 1335 3285 non
1354 3222 1411 3285 hoc
1426 3222 1499 3285 velle

336 3323 524 3405 Apollonium
539 3322 693 3405 sequentia
709 3323 926 3394 demonstrant,
953 3313 992 3384 ου’
1014 3318 1075 3407 γὰρ
1097 3321 1156 3386 τοῦ
1178 3317 1316 3401 ἐκεῖθεν,
1340 3318 1416 3387 ἐπεὶ
1435 3313 1500 3386 κόν

333 3423 392 3509 τήν
412 3418 448 3489 ἐκ
470 3419 580 3489 τόπου
602 3418 713 3503 σχέσιν
734 3417 918 3507 ἐσήμαινεν,
940 3443 1015 3505 quae
1030 3425 1220 3489 manifestum
1235 3435 1281 3489 est
1295 3428 1331 3490 ad
1347 3420 1415 3489 ἐκεῖ
1428 3445 1500 3508 per-

333 3530 442 3592 tinere:
462 3530 520 3591 hoc
533 3528 613 3590 enim
634 3545 787 3608 nunquam
808 3522 865 3611 τήν
886 3519 922 3587 ἐκ
944 3521 1053 3589 τόπου
1073 3522 1185 3607 σχέσιν
1206 3530 1359 3611 significat,
1380 3530 1499 3592 rideba-

333 3640 440 3713 turque
455 3631 610 3716 Apollonio
626 3650 662 3692 ex
676 3621 799 3706 ἐκεῖθι,
822 3628 881 3691 hoc
900 3637 1001 3692 autern
1025 3649 1128 3694 rursus
1143 3651 1177 3694 er
1193 3626 1345 3696 ἐκεινόθι
1359 3632 1500 3696 decurta-

333 3741 408 3797 tum.
432 3735 475 3797 61.
492 3753 520 3815 p.
536 3732 608 3806 573,
625 3732 675 3795 21.
692 3733 749 3795 601
769 3733 809 3794 in.
832 3732 933 3813 ltaque
950 3733 1101 3816 scripsisse
1115 3734 1305 3819 Apollonium
1320 3737 1424 3799 credo:
1442 3727 1499 3799 δτι

333 3833 459 3917 μᾶλλον
481 3827 645 3919 οἷποκοπή
667 3829 739 3898 ἐστι
761 3831 800 3897 cd
823 3827 891 3896 ἐκεῖ
910 3834 971 3896 τοῦ
985 3827 1145 3899 ἐκεινόθι.
1174 3839 1213 3900 lit
1229 3838 1311 3901 video
1326 3856 1406 3899 nunc
1421 3838 1500 3902 banc

335 3939 570 4004 emendationem
586 3939 643 4002 iam
660 3958 676 4000 a
692 3936 813 4001 Lehrsio
829 3946 1000 4018 occupatam
1021 3956 1100 4013 esse,
1122 3939 1156 4001 N.
1172 3940 1246 4002 iius.
1263 3938 1320 4002 Rb.
1335 3938 1362 4001 11
1376 3960 1407 4022 p.
1423 3940 1498 4004 340.

419 4041 513 4105 Serio.
529 4041 775 4124 Grypbiswaldiae
790 4061 816 4104 α.
832 4042 860 4103 d.
875 4040 926 4104 Vll
940 4040 982 4104 ld.
999 4041 1052 4105 lul.
1068 4040 1250 4105 MDCCCLX.
