3154 5138
665 436 727 500 369

112 618 281 682 bemocrito
296 619 430 701 digniora
445 620 522 697 dicit,
536 621 581 684 sic
595 629 692 684 tamen
707 622 850 685 iudicasse
864 621 997 695 credunt,
1012 630 1045 684 ut
1059 623 1201 704 principia
1216 624 1272 687 ista

111 723 221 785 mentis
241 723 461 805 animantesque
479 724 636 804 imagines,
655 724 767 787 etiamsi
786 725 964 787 diunitotem
984 723 1020 787 iis
1040 741 1104 788 non
1125 726 1271 801 tribueret,

111 845 180 888 esse
195 835 295 888 tamen
316 825 347 887 in
369 844 468 889 rerum
490 835 608 901 namra,
631 833 661 889 et
682 828 726 889 vel
747 827 891 908 prodesse
910 827 952 889 vel
971 845 1080 891 nocere
1099 828 1271 892 homiuibus

110 948 204 1010 posse
218 929 309 991 nollet
322 929 447 992 diffiteri.
484 930 518 992 ln
533 930 579 992 lris
594 930 681 1010 igitur
695 930 720 992 si
734 931 865 993 lllotzius
877 951 911 994 se
922 932 1071 994 numerari
1086 931 1173 1004 volet,
1188 933 1273 1012 equi·

110 1031 181 1094 mm
195 1031 274 1093 haud
289 1030 445 1111 parabor:
464 1031 594 1095 mirabor
610 1041 725 1097 tantum
744 1033 798 1096 viri
812 1033 1021 1096 accuratissimi
1036 1033 1272 1109 inconstantiam,

109 1135 170 1215 qui,
187 1152 279 1215 mum
293 1133 431 1196 hocloco
445 1134 633 1198 indicativum
647 1136 726 1199 nullo
742 1135 832 1198 modo
846 1136 1011 1216 improbare
1022 1136 1128 1216 possit,
1145 1137 1272 1200 eundem

109 1248 209 1299 umen
224 1235 283 1299 alio
297 1237 373 1309 loco,
387 1255 451 1317 cap.
472 1239 517 1312 ll,
532 1238 572 1300 28
589 1238 811 1319 improbaverit:
830 1237 868 1299 ibi
884 1238 972 1311 enim,
987 1238 1054 1301 licet
1068 1258 1172 1301 omues
1189 1240 1272 1302 codi-

109 1360 157 1401 ces
174 1339 303 1400 habeant
319 1338 409 1400 lucis
429 1339 548 1401 orbem
569 1340 628 1421 qui
648 1342 760 1422 cingit
780 1341 929 1415 caelum,
947 1341 1011 1422 ipse
1032 1342 1166 1422 cingat,
1182 1343 1270 1423 idque

108 1441 658 1523 tacite,reposuitrau'oniscilicetplus
672 1462 760 1524 quam
776 1442 927 1507 codicibus
938 1443 1124 1506 tribuendum
1140 1463 1208 1506 esse
1222 1444 1269 1507 iu-

107 1544 253 1623 telligens.
290 1543 374 1605 Ratio
390 1552 487 1607 autem
502 1546 654 1626 utriusque
668 1546 724 1609 loci
736 1566 860 1628 prorsus
871 1546 971 1609 eadem
984 1555 1044 1608 cst:
1060 1547 1116 1609 uisi
1129 1546 1204 1610 forte
1213 1566 1270 1629 op·

106 1655 202 1727 ponat
216 1646 276 1707 boc
290 1655 387 1707 tamen
400 1646 551 1721 interesse,
565 1648 645 1729 quod
657 1650 840 1712 Parmenidis
853 1649 932 1711 illum
947 1649 1020 1711 lucis
1033 1649 1135 1711 orbem
1147 1650 1270 1712 Velleius

107 1748 352 1811 commenticium
371 1749 429 1825 rel,
450 1757 484 1812 ut
501 1749 614 1813 Klotzio
635 1750 740 1832 placet,
754 1753 968 1815 conventicium
984 1752 1097 1827 dixerit,
1112 1753 1269 1815 Democriti
1291 1767 1321 1818 lt

107 1861 208 1914 autom
228 1850 334 1932 placita
352 1850 410 1913 sibi
431 1853 634 1917 commenticia
651 1853 742 1917 rideri
764 1854 847 1917 Cotta
868 1872 929 1917 non
947 1864 1030 1918 antea
1051 1856 1204 1936 professus
1225 1857 1272 1918 sit.

106 1954 138 2017 ld
153 1953 250 2035 igitur
263 1953 288 2015 si
304 1953 388 2029 dicat,
401 1955 510 2019 moruri
524 1974 591 2018 eum
607 1955 733 2037 amplius
748 1973 809 2019 non
824 1957 928 2019 ausim.

196 2055 276 2118 llaec
289 2057 406 2119 luerunt
419 2056 450 2120 in
465 2057 561 2137 primo
576 2058 662 2132 libro,
677 2059 715 2121 de
728 2058 835 2140 quibus
845 2059 943 2138 paullo
954 2059 1116 2122 accuratius
1128 2061 1272 2123 disserere

107 2176 220 2240 operae
235 2158 364 2238 pretium
380 2160 476 2223 risum
490 2169 549 2223 est:
564 2180 658 2242 neque
672 2162 781 2224 desunt
793 2162 825 2224 in
840 2161 958 2241 reliquis
972 2162 1099 2237 duobus,
1115 2162 1271 2243 dequibus

108 2261 282 2323 consentire
302 2279 369 2323 urm
389 2261 450 2323 viro
472 2263 675 2326 sollertissimo
696 2281 758 2326 non
777 2262 908 2345 possim3
926 2264 976 2326 sed
994 2282 1074 2327 nuuc
1086 2285 1119 2327 ea
1134 2265 1272 2346 persequi

106 2382 168 2426 non
186 2372 281 2426 vacat
317 2362 416 2443 ltaque
430 2364 488 2427 boc
500 2364 581 2427 alias
610 2366 671 2427 lam
687 2383 756 2426 vero
772 2365 831 2429 Vos
842 2365 939 2441 nobis,
954 2366 1189 2443 commilitones,
1205 2387 1271 2429 rno-

106 2465 200 2528 nendi
214 2465 449 2547 adhortandique
462 2468 549 2542 estis,
568 2478 601 2531 ut
615 2476 716 2530 exacto
730 2468 789 2529 boo
803 2467 926 2530 hiberno
943 2469 1107 2531 studiorum
1127 2469 1272 2532 curriculo

107 2568 253 2630 feriarum
268 2567 360 2630 otium
376 2587 437 2631 uon
452 2570 542 2632 modo
558 2570 594 2632 ad
609 2570 741 2650 requiem
756 2577 785 2631 et
799 2571 1004 2633 relaxationem
1020 2571 1201 2646 animorum,
1220 2572 1272 2633 sed

106 2672 198 2733 etiam
218 2669 256 2732 ad
272 2670 425 2734 recolenda
435 2681 465 2734 et
479 2673 701 2735 commentanda
720 2673 930 2752 magistrorum
950 2687 1101 2754 praecepta
1117 2677 1272 2737 couteren-

106 2774 177 2837 dum
197 2790 268 2834 esse
283 2772 484 2849 memineritis,
499 2793 626 2855 moxque
641 2775 677 2839 ad
691 2776 815 2838 aestivas
831 2776 955 2851 scholae,
967 2794 1094 2856 quorum
1105 2776 1193 2840 indici
1202 2777 1274 2839 hacc

106 2875 232 2956 praefati
249 2891 365 2949 sumus,
379 2876 548 2957 tempestive
562 2886 592 2938 et
605 2879 771 2958 frequentes
785 2878 897 2941 adsitis.

195 2975 292 3040 Scxib.
309 2976 554 3059 Gryplrisualdiae
568 2979 626 3042 llll.
641 2980 685 3043 ld.
699 2981 781 3044 llart
796 2979 1000 3044 tructctvtt
