3276 5144
689 492 840 588 Q..

183 681 371 763 dpollonium
387 681 474 745 credo
489 674 562 769 ἑξῆς
575 673 757 754 τάσσοντες.
802 680 883 742 ΙΙοαε
904 679 983 742 enim
1005 679 1260 744 coniunctionibus
1282 682 1342 744 rim

183 784 365 867 grammatici
379 785 490 865 passim
505 784 648 856 tribuunt,
669 791 703 845 ut
722 778 816 859 τάξιν
838 784 986 863 quandam
1000 803 1024 844 s.
1041 783 1255 845 ordinationem
1272 802 1343 846 seu·

183 888 343 949 tentiamm
358 888 519 968 designent.
545 888 611 967 lpse
623 886 793 967 Apollonius
808 887 844 949 de
860 886 936 949 coni.
951 905 980 966 p.
994 885 1066 960 497,
1082 885 1116 947 6:
1133 876 1227 967 dydp
1242 879 1343 966 λέγων

182 980 709 1072 ἍριστΙσφύνηςέ’μραψεν,]
733 977 1343 1063 εἶταἈπολλιύνιος,τύξεύςέστι

183 1085 465 1172 παραστΙατικόςΙ.
503 1092 735 1171 inpacta:
775 1081 808 1152 oi
838 1082 1057 1169 αἱτιολογικοὶ
1083 1083 1261 1169 σύνδεσμοι
1284 1085 1343 1151 καὶ

184 1184 391 1267 ἀκολουθίας
406 1185 471 1254 εἶσὶ
488 1187 631 1254 δεκτικοὶ
645 1189 702 1255 καὶ
717 1186 874 1271 [τύΙξεαιςε
897 1193 940 1254 sio
960 1192 1041 1254 enim
1063 1191 1197 1254 lacunam
1219 1192 1342 1273 expleu-

184 1296 251 1358 dam
273 1314 338 1357 esso
356 1313 446 1357 nemo
462 1294 614 1357 dubitabit.
658 1296 741 1357 Etim
756 1296 883 1375 Dionysii
899 1296 995 1357 libello
1011 1315 1039 1378 p.
1054 1294 1126 1366 642,
1142 1294 1179 1353 21
1198 1295 1341 1357 coniunc-

183 1398 272 1460 tionis
288 1398 417 1459 definitio
433 1397 505 1459 haec
520 1406 580 1459 est:
604 1391 785 1478 σύνδεσμύς
799 1390 871 1460 ἐστι
886 1394 975 1473 λέξις
993 1391 1174 1460 συνδέουσα
1190 1390 1343 1457 διάνοιαν

183 1495 269 1581 μετὰ
293 1495 459 1576 τάξεως,
485 1495 541 1561 καὶ
566 1494 607 1562 ro*
632 1501 691 1583 τῆς
710 1492 882 1584 ἑρμηνείας
897 1495 1031 1583 κεχηνὸς
1046 1494 1226 1583 πληροῦσα,
1253 1517 1341 1579 quam

183 1603 383 1667 definitionem
402 1609 650 1663 commentatores
671 1602 800 1681 Dionysii
820 1602 863 1667 sio
882 1604 1040 1682 corrigunt,
1060 1607 1093 1664 ut
1113 1610 1228 1681 praeter
1248 1596 1344 1678 τύξιν

183 1708 273 1769 etiam
290 1699 429 1783 δύναμιν
450 1704 708 1767 coniunctionibus
730 1705 885 1785 significari
900 1705 1006 1781 dicant,
1022 1707 1102 1767 uelut
1115 1706 1206 1768 schol.
1219 1724 1251 1786 p.
1268 1705 1341 1781 952,

184 1811 217 1870 7:
234 1817 264 1870 et
279 1808 444 1870 Priscianus
460 1826 588 1888 quoque,
606 1808 750 1889 Apollonii
764 1809 889 1870 fortasse
903 1809 1106 1872 auctoritatem
1122 1813 1252 1881 secutus,
1267 1808 1342 1883 uu,

186 1913 213 1985 1,
235 1911 307 1970 vim
330 1916 360 1971 et
382 1909 650 1973 ordinationem
673 1912 708 1973 iis
730 1911 925 1974 demonstrari
946 1912 1041 1973 docet.
1086 1911 1231 1973 Nimirum
1247 1905 1343 1987 τάξιν

184 2031 234 2074 eae
257 2013 479 2075 coniunctiones
500 2014 703 2076 demonstrare
725 2014 864 2076 dicendae
886 2022 963 2090 sunt,
986 2032 1062 2096 quae
1083 2014 1208 2076 alterum
1223 2014 1342 2076 alterius

184 2122 235 2177 aut
249 2132 367 2176 causam
383 2122 434 2176 aut
448 2116 648 2178 conditionem
671 2124 721 2178 aut
736 2118 953 2179 concessionem
969 2123 1020 2179 aut
1035 2118 1171 2178 effectum
1187 2124 1238 2177 aut
1252 2116 1343 2177 finem

183 2222 235 2279 aut
249 2218 490 2299 consequentiam
505 2238 570 2281 esse
589 2218 726 2293 indicant,
747 2227 852 2300 estque
872 2220 929 2282 hoc
943 2202 1067 2294 τάξεως
1081 2218 1255 2280 vocabulum
1271 2235 1341 2294 non,

184 2321 435 2401 quemadmodum
451 2322 550 2383 multis
565 2322 659 2383 risum
674 2330 728 2395 est,
750 2323 786 2384 de
807 2323 872 2385 loco
892 2324 922 2384 in
938 2323 1096 2384 verborum
1117 2321 1342 2401 compositione,

183 2424 234 2485 sed
251 2425 286 2485 de
302 2444 338 2485 eo
354 2424 453 2504 potius
469 2424 680 2507 accipiendum,
702 2444 790 2505 quem
812 2426 943 2507 quidque
959 2425 990 2487 in
1005 2442 1105 2487 rerum
1121 2425 1252 2506 ipsarum
1268 2442 1342 2486 oon-

183 2528 309 2589 nexione
336 2528 492 2606 obtinet.⁴)
536 2528 597 2589 Vis
622 2536 721 2589 autem
741 2547 765 2590 s.
788 2523 926 2607 δύναμις
947 2527 982 2588 iis
1008 2527 1263 2590 coniunctionibus
1289 2528 1342 2590 de-

183 2638 375 2703 monstratur,
397 2648 471 2709 quae
491 2636 543 2692 aut
556 2624 701 2710 ὕπαρξιν
720 2638 771 2692 aut
785 2631 965 2710 βεβαίωσιν
979 2638 1030 2692 aut
1046 2620 1211 2711 ἀναίρεσιν
1233 2633 1278 2704 (ut
1294 2620 1341 2705 dv,

183 2732 234 2794 ubi
248 2724 456 2812 decrescente
470 2726 650 2810 σύνδεσμος
665 2751 730 2793 esse
746 2732 863 2807 dicitur)
878 2740 929 2793 aut
944 2727 1126 2814 δισταγμύν
1140 2741 1192 2796 aut
1206 2732 1343 2812 μείωσιν

185 2840 235 2896 aut
251 2827 414 2908 ἐπίτασιν,
437 2835 562 2915 δεοίατο
577 2834 703 2913 aliquam
720 2834 816 2896 iudicii
831 2835 1030 2897 modalitatem
1055 2834 1194 2908 indicant,
1220 2856 1256 2898 ex
1282 2854 1342 2917 quo

184 2955 289 3018 genere
304 2957 355 2999 eae
368 2938 431 2998 fere
446 2955 549 2998 omnes
565 2945 636 2998 suut
650 2955 725 3017 quae
740 2936 899 3017 expletivae
910 2956 936 2998 ν.
947 2939 1138 3019 completivae
1154 2932 1344 3018 (σύνδεσμοι

186 3036 543 3121 παροπληρωματικοί)
562 3039 755 3120 appellantur,
777 3040 926 3119 quoniam,
945 3047 980 3101 ut
999 3046 1047 3102 est
1069 3040 1146 3121 apud
1160 3041 1342 3121 Dionysium,
1424 3034 1428 3043 ’

183 3137 224 3204 τδ
242 3136 375 3225 κοχηνδς
396 3143 456 3226 τῆς
477 3134 647 3228 ἑρμηνείας
668 3138 859 3225 πληροῦσιν.
898 3142 1083 3225 Quamquam
1098 3143 1170 3206 haec
1183 3144 1270 3206 verba
1284 3144 1342 3207 iam

183 3245 330 3327 Apollonii
346 3253 439 3307 aetate
450 3265 466 3307 a
477 3247 624 3327 plerisque
639 3246 715 3306 male
730 3252 847 3326 accepta
862 3264 927 3307 esse
942 3247 1030 3308 huius
1044 3246 1201 3327 disputatio
1217 3248 1343 3309 demon-

184 3354 266 3422 strat,
293 3349 328 3409 de
350 3357 457 3410 constr.
483 3349 531 3423 ΙΙΙ,
554 3349 593 3410 28
615 3367 645 3429 p.
662 3347 734 3421 tot,
751 3347 807 3422 203
835 3354 864 3408 et
882 3348 1012 3428 Byzantii
1032 3350 1171 3429 magistri,
1197 3350 1341 3413 inscitiam

183 3468 268 3510 suam
284 3448 421 3530 Dionysio
437 3450 637 3523 obtrudentes,
658 3451 687 3512 in
709 3451 840 3512 libellum
855 3450 918 3512 eius
933 3469 961 3531 p.
977 3450 1048 3524 643,
1075 3452 1109 3512 ΙΙ
1129 3452 1205 3514 hano
1219 3452 1342 3533 expleti·

184 3570 288 3613 aarum
314 3552 515 3614 definitionem
540 3554 717 3627 intulerunt,
744 3560 778 3615 ut
803 3559 904 3615 essent
930 3547 1006 3614 ὅσοι
1027 3547 1149 3634 μέτρον
1170 3544 1193 3636 ἢ
1214 3549 1342 3633 κόσμον

184 3646 288 3726 ἕνεκεν
310 3651 637 3735 παραλαμβάνονται,
659 3676 748 3737 quam
775 3655 811 3719 ab
837 3657 909 3737 ipso·
922 3661 1020 3718 uetere
1040 3664 1161 3719 auctore
1180 3656 1342 3738 prolectam

183 3775 249 3818 esse
269 3772 420 3836 nunquam
441 3757 568 3820 adducar
587 3766 622 3821 ut
642 3759 768 3821 credam.
798 3759 855 3820 Sed
877 3759 950 3822 haec
969 3778 1017 3822 res
1031 3761 1194 3849 longiorem
1210 3760 1342 3841 disputa·
1444 3784 1453 3791 ·

181 3860 294 3921 tionem
310 3859 440 3938 postulat
454 3858 489 3920 ab
507 3860 644 3923 hocloco
660 3862 795 3924 alienam.

267 3962 400 4023 Fuerunt
421 3962 471 4040 qui
487 3953 577 4046 ἕκητι
598 3963 628 4025 in
649 3964 906 4028 coniunctionibus
921 3965 1140 4029 numerandum
1156 3984 1221 4027 esse
1235 3982 1341 4028 censc-

181 4072 257 4137 rent,
273 4082 401 4147 quorum
416 4065 590 4127 sententiam
606 4066 777 4147 Apollonius
793 4087 886 4149 quum
901 4078 1023 4150 propter
1045 4070 1114 4132 alias
1136 4086 1249 4143 causas,
1277 4075 1342 4130 tum

182 4173 304 4249 propter
324 4167 523 4247 compositum
543 4158 659 4252 disqu
673 4169 898 4249 improbandam
914 4190 979 4232 esse
994 4171 1093 4233 docet:
1114 4188 1184 4232 nam
1200 4170 1343 4233 coniunc-

182 4268 277 4331 tiones
298 4289 366 4333 cum
382 4256 409 4330 ἀ
429 4271 570 4351 privativo
592 4272 733 4353 componi
753 4288 814 4333 nou
829 4290 926 4353 posse.
953 4275 996 4336 Gi.
1013 4274 1049 4334 de
1064 4275 1139 4335 coni.
1155 4292 1184 4354 p.
1200 4272 1273 4344 497,
1290 4271 1341 4333 31.

250 4420 276 4482 4)
294 4418 332 4472 Cl.
352 4420 468 4488 Apolloo.
491 4424 522 4475 do
543 4431 639 4475 constr.
661 4422 690 4490 ΙΙ,
715 4424 744 4476 18
766 4440 789 4491 p.
804 4424 861 4489 tta,
880 4425 919 4476 14.
936 4434 963 4477 ct
979 4388 1196 4478 nostrum'liltrum
1208 4424 1239 4476 do
1251 4425 1343 4493 partib.

182 4511 247 4555 orat.
262 4520 286 4571 p.
300 4506 358 4556 209.
