<?xml version="1.0" encoding="UTF-8"?>
<!DOCTYPE html PUBLIC "-//W3C//DTD XHTML 1.0 Transitional//EN"
    "http://www.w3.org/TR/xhtml1/DTD/xhtml1-transitional.dtd">
<html xmlns="http://www.w3.org/1999/xhtml" xml:lang="en" lang="en">
 <head>
  <title>
</title>
<meta http-equiv="Content-Type" content="text/html;charset=utf-8" />
  <meta name='ocr-system' content='tesseract 3.04.00' />
  <meta name='ocr-capabilities' content='ocr_page ocr_carea ocr_par ocr_line ocrx_word'/>
</head>
<body>
  <div class='ocr_page' id='page_1' title='image "./opusculaacademi00schogoog_0544.png"; bbox 0 0 3290 5142; ppageno 0'>
   <div class='ocr_carea' id='block_1_1' title="bbox 755 438 796 501">
    <p class='ocr_par' dir='ltr' id='par_1_1' title="bbox 755 438 796 501">
     <span class='ocr_line' id='line_1_1' title="bbox 755 438 796 501; baseline 0 0"><span class='ocrx_word' id='word_1_1' title='bbox 755 438 796 501; x_wconf 78' lang='lat'>25</span> 
     </span>
    </p>
   </div>
   <div class='ocr_carea' id='block_1_2' title="bbox 697 525 846 535">
    <p class='ocr_par' dir='ltr' id='par_1_2' title="bbox 697 525 846 535">
     <span class='ocr_line' id='line_1_2' title="bbox 697 525 846 535; baseline -0.007 -1"><span class='ocrx_word' id='word_1_2' title='bbox 697 525 846 535; x_wconf 70' lang='grc'>----</span> 
     </span>
    </p>
   </div>
   <div class='ocr_carea' id='block_1_3' title="bbox 192 626 1359 2247">
    <p class='ocr_par' dir='ltr' id='par_1_3' title="bbox 192 626 1359 2247">
     <span class='ocr_line' id='line_1_3' title="bbox 194 626 1355 710; baseline -0.002 -17"><span class='ocrx_word' id='word_1_3' title='bbox 194 635 356 704; x_wconf 83' lang='lat' dir='ltr'>noverant,</span> <span class='ocrx_word' id='word_1_4' title='bbox 382 629 419 692; x_wconf 86' lang='lat' dir='ltr'>ah</span> <span class='ocrx_word' id='word_1_5' title='bbox 438 629 494 691; x_wconf 87' lang='lat' dir='ltr'>hac</span> <span class='ocrx_word' id='word_1_6' title='bbox 519 634 620 690; x_wconf 89' lang='lat' dir='ltr'>nostra</span> <span class='ocrx_word' id='word_1_7' title='bbox 646 626 814 690; x_wconf 76' lang='lat' dir='ltr'>collectione</span> <span class='ocrx_word' id='word_1_8' title='bbox 838 626 929 689; x_wconf 88' lang='lat' dir='ltr'>luisse</span> <span class='ocrx_word' id='word_1_9' title='bbox 961 628 1032 690; x_wconf 88' lang='lat' dir='ltr'>satis</span> <span class='ocrx_word' id='word_1_10' title='bbox 1060 634 1181 710; x_wconf 86' lang='lat' dir='ltr'>apparet</span> <span class='ocrx_word' id='word_1_11' title='bbox 1202 648 1239 690; x_wconf 87' lang='lat' dir='ltr'>ex</span> <span class='ocrx_word' id='word_1_12' title='bbox 1263 629 1355 710; x_wconf 88' lang='lat' dir='ltr'>ipsius</span> 
     </span>
     <span class='ocr_line' id='line_1_4' title="bbox 192 719 1357 815; baseline -0.002 -19"><span class='ocrx_word' id='word_1_13' title='bbox 192 734 304 799; x_wconf 86' lang='lat' dir='ltr'>verbis:</span> <span class='ocrx_word' id='word_1_14' title='bbox 321 725 533 813; x_wconf 78' lang='grc' dir='ltr'><strong><em>παραινέσεις</em></strong></span> <span class='ocrx_word' id='word_1_15' title='bbox 553 723 614 810; x_wconf 75' lang='grc' dir='ltr'>μὲν</span> <span class='ocrx_word' id='word_1_16' title='bbox 636 723 761 813; x_wconf 75' lang='grc' dir='ltr'><strong><em>ἔγραψε</em></strong></span> <span class='ocrx_word' id='word_1_17' title='bbox 785 722 930 810; x_wconf 71' lang='grc' dir='ltr'><strong><em>Θέογνις,</em></strong></span> <span class='ocrx_word' id='word_1_18' title='bbox 954 719 1029 792; x_wconf 78' lang='grc' dir='ltr'><strong><em>ἀλλ’</em></strong></span> <span class='ocrx_word' id='word_1_19' title='bbox 1051 724 1086 792; x_wconf 75' lang='grc' dir='ltr'>ἐν</span> <span class='ocrx_word' id='word_1_20' title='bbox 1111 725 1204 815; x_wconf 78' lang='grc' dir='ltr'><strong><em>μέσῳ</em></strong></span> <span class='ocrx_word' id='word_1_21' title='bbox 1230 726 1357 794; x_wconf 82' lang='grc' dir='ltr'><strong><em>τούτων</em></strong></span> 
     </span>
     <span class='ocr_line' id='line_1_5' title="bbox 193 823 1357 918; baseline -0.002 -21"><span class='ocrx_word' id='word_1_22' title='bbox 193 827 472 918; x_wconf 79' lang='grc' dir='ltr'><strong><em>παρεσπαρμέυαι</em></strong></span> <span class='ocrx_word' id='word_1_23' title='bbox 494 825 559 894; x_wconf 81' lang='grc' dir='ltr'><strong><em>εἶσὶ</em></strong></span> <span class='ocrx_word' id='word_1_24' title='bbox 579 832 704 912; x_wconf 80' lang='grc' dir='ltr'><strong><em>μυρίαι</em></strong></span> <span class='ocrx_word' id='word_1_25' title='bbox 718 827 774 893; x_wconf 84' lang='grc' dir='ltr'>καὶ</span> <span class='ocrx_word' id='word_1_26' title='bbox 796 826 953 894; x_wconf 82' lang='grc' dir='ltr'><strong><em>παιδικοὶ</em></strong></span> <span class='ocrx_word' id='word_1_27' title='bbox 975 825 1092 915; x_wconf 76' lang='grc' dir='ltr'><strong><em>ἔρωτες</em></strong></span> <span class='ocrx_word' id='word_1_28' title='bbox 1112 829 1168 894; x_wconf 88' lang='grc' dir='ltr'>καὶ</span> <span class='ocrx_word' id='word_1_29' title='bbox 1190 823 1275 895; x_wconf 74' lang='grc' dir='ltr'><strong><em>ἄλλα</em></strong></span> <span class='ocrx_word' id='word_1_30' title='bbox 1292 827 1357 896; x_wconf 79' lang='grc' dir='ltr'>ὅσα</span> 
     </span>
     <span class='ocr_line' id='line_1_6' title="bbox 194 925 1359 1018; baseline -0.003 -18"><span class='ocrx_word' id='word_1_31' title='bbox 194 930 383 1016; x_wconf 72' lang='grc' dir='ltr'><strong><em>δένάρετος</em></strong></span> <span class='ocrx_word' id='word_1_32' title='bbox 404 925 655 1018; x_wconf 73' lang='grc' dir='ltr'><strong><em>ἀποστρέφεται</em></strong></span> <span class='ocrx_word' id='word_1_33' title='bbox 676 932 758 1013; x_wconf 76' lang='grc' dir='ltr'><strong><em>βίος,</em></strong></span> <span class='ocrx_word' id='word_1_34' title='bbox 781 933 862 1014; x_wconf 87' lang='lat' dir='ltr'>quod</span> <span class='ocrx_word' id='word_1_35' title='bbox 888 934 1028 996; x_wconf 90' lang='lat' dir='ltr'>iudicium</span> <span class='ocrx_word' id='word_1_36' title='bbox 1053 952 1177 1015; x_wconf 88' lang='lat' dir='ltr'>prorsus</span> <span class='ocrx_word' id='word_1_37' title='bbox 1210 935 1299 997; x_wconf 86' lang='lat' dir='ltr'>etiam</span> <span class='ocrx_word' id='word_1_38' title='bbox 1325 936 1359 998; x_wconf 88' lang='lat' dir='ltr'>in</span> 
     </span>
     <span class='ocr_line' id='line_1_7' title="bbox 193 1035 1356 1118; baseline -0.003 -15"><span class='ocrx_word' id='word_1_39' title='bbox 193 1042 269 1103; x_wconf 91' lang='lat' dir='ltr'>hanc</span> <span class='ocrx_word' id='word_1_40' title='bbox 283 1048 416 1101; x_wconf 86' lang='lat' dir='ltr'>nostram</span> <span class='ocrx_word' id='word_1_41' title='bbox 431 1036 634 1100; x_wconf 74' lang='lat' dir='ltr'>collectionem</span> <span class='ocrx_word' id='word_1_42' title='bbox 649 1037 752 1099; x_wconf 89' lang='lat' dir='ltr'>cadere</span> <span class='ocrx_word' id='word_1_43' title='bbox 768 1035 958 1098; x_wconf 77' lang='lat' dir='ltr'>manifestum</span> <span class='ocrx_word' id='word_1_44' title='bbox 971 1043 1026 1098; x_wconf 87' lang='lat' dir='ltr'>est.</span> <span class='ocrx_word' id='word_1_45' title='bbox 1048 1037 1157 1099; x_wconf 86' lang='lat' dir='ltr'>Verum</span> <span class='ocrx_word' id='word_1_46' title='bbox 1173 1037 1258 1098; x_wconf 87' lang='lat' dir='ltr'>aliam</span> <span class='ocrx_word' id='word_1_47' title='bbox 1271 1037 1356 1118; x_wconf 84' lang='lat' dir='ltr'>plane</span> 
     </span>
     <span class='ocr_line' id='line_1_8' title="bbox 193 1138 1357 1222; baseline -0.003 -17"><span class='ocrx_word' id='word_1_48' title='bbox 193 1141 299 1205; x_wconf 78' lang='lat' dir='ltr'>diuersi</span> <span class='ocrx_word' id='word_1_49' title='bbox 313 1140 427 1222; x_wconf 81' lang='lat' dir='ltr'>generis</span> <span class='ocrx_word' id='word_1_50' title='bbox 442 1140 645 1201; x_wconf 80' lang='lat' dir='ltr'>collectionem</span> <span class='ocrx_word' id='word_1_51' title='bbox 666 1138 736 1200; x_wconf 92' lang='lat' dir='ltr'>clim</span> <span class='ocrx_word' id='word_1_52' title='bbox 756 1139 787 1199; x_wconf 91' lang='lat' dir='ltr'>in</span> <span class='ocrx_word' id='word_1_53' title='bbox 811 1138 946 1200; x_wconf 88' lang='lat' dir='ltr'>manibus</span> <span class='ocrx_word' id='word_1_54' title='bbox 966 1139 1122 1200; x_wconf 92' lang='lat' dir='ltr'>hominum</span> <span class='ocrx_word' id='word_1_55' title='bbox 1144 1139 1235 1201; x_wconf 89' lang='lat' dir='ltr'>luisse</span> <span class='ocrx_word' id='word_1_56' title='bbox 1255 1138 1357 1201; x_wconf 83' lang='lat' dir='ltr'>Xeno-</span> 
     </span>
     <span class='ocr_line' id='line_1_9' title="bbox 192 1240 1357 1327; baseline -0.002 -20"><span class='ocrx_word' id='word_1_57' title='bbox 192 1243 312 1327; x_wconf 89' lang='lat' dir='ltr'>phontis</span> <span class='ocrx_word' id='word_1_58' title='bbox 326 1242 530 1306; x_wconf 88' lang='lat' dir='ltr'>testimoninm</span> <span class='ocrx_word' id='word_1_59' title='bbox 546 1241 672 1323; x_wconf 86' lang='lat' dir='ltr'>prohore</span> <span class='ocrx_word' id='word_1_60' title='bbox 688 1246 785 1320; x_wconf 90' lang='lat' dir='ltr'>potest</span> <span class='ocrx_word' id='word_1_61' title='bbox 799 1240 836 1303; x_wconf 86' lang='lat' dir='ltr'>ah</span> <span class='ocrx_word' id='word_1_62' title='bbox 850 1240 958 1303; x_wconf 88' lang='lat' dir='ltr'>loanne</span> <span class='ocrx_word' id='word_1_63' title='bbox 980 1241 1107 1304; x_wconf 89' lang='lat' dir='ltr'>Stohaec</span> <span class='ocrx_word' id='word_1_64' title='bbox 1128 1243 1270 1317; x_wconf 87' lang='lat' dir='ltr'>relatum,</span> <span class='ocrx_word' id='word_1_65' title='bbox 1287 1241 1357 1305; x_wconf 87' lang='lat' dir='ltr'>Flo-</span> 
     </span>
     <span class='ocr_line' id='line_1_10' title="bbox 193 1327 1358 1428; baseline -0.003 -18"><span class='ocrx_word' id='word_1_66' title='bbox 193 1347 273 1428; x_wconf 80' lang='lat' dir='ltr'>rileg.</span> <span class='ocrx_word' id='word_1_67' title='bbox 297 1344 454 1407; x_wconf 73' lang='lat' dir='ltr'>lxxxvii</span> <span class='ocrx_word' id='word_1_68' title='bbox 473 1362 502 1424; x_wconf 88' lang='lat' dir='ltr'>p.</span> <span class='ocrx_word' id='word_1_69' title='bbox 524 1343 601 1405; x_wconf 78' lang='lat'>499:</span> <span class='ocrx_word' id='word_1_70' title='bbox 624 1327 719 1415; x_wconf 74' lang='grc' dir='ltr'><strong><em>οὗτος</em></strong></span> <span class='ocrx_word' id='word_1_71' title='bbox 740 1332 760 1403; x_wconf 88' lang='grc' dir='ltr'><strong><em>δ</em></strong></span> <span class='ocrx_word' id='word_1_72' title='bbox 780 1338 923 1425; x_wconf 73' lang='grc' dir='ltr'><strong><em>ποιητής</em></strong></span> <span class='ocrx_word' id='word_1_73' title='bbox 946 1337 1024 1424; x_wconf 80' lang='grc' dir='ltr'><strong><em>περὶ</em></strong></span> <span class='ocrx_word' id='word_1_74' title='bbox 1048 1334 1212 1419; x_wconf 79' lang='grc' dir='ltr'><strong><em>οδδενδς</em></strong></span> <span class='ocrx_word' id='word_1_75' title='bbox 1234 1334 1358 1408; x_wconf 68' lang='lat' dir='ltr'>ditos</span> 
     </span>
     <span class='ocr_line' id='line_1_11' title="bbox 194 1434 1359 1530; baseline -0.002 -20"><span class='ocrx_word' id='word_1_76' title='bbox 194 1443 293 1530; x_wconf 87' lang='grc' dir='ltr'><strong><em>λόγου</em></strong></span> <span class='ocrx_word' id='word_1_77' title='bbox 319 1439 505 1530; x_wconf 80' lang='grc' dir='ltr'><strong><em>πεποίηται</em></strong></span> <span class='ocrx_word' id='word_1_78' title='bbox 532 1435 555 1529; x_wconf 77' lang='grc' dir='ltr'>ἢ</span> <span class='ocrx_word' id='word_1_79' title='bbox 580 1439 659 1526; x_wconf 81' lang='grc' dir='ltr'><strong><em>περὶ</em></strong></span> <span class='ocrx_word' id='word_1_80' title='bbox 686 1434 803 1525; x_wconf 75' lang='grc' dir='ltr'><strong><em>ἀρετῆς</em></strong></span> <span class='ocrx_word' id='word_1_81' title='bbox 833 1439 889 1506; x_wconf 85' lang='grc' dir='ltr'>καὶ</span> <span class='ocrx_word' id='word_1_82' title='bbox 914 1444 1030 1517; x_wconf 80' lang='grc' dir='ltr'><strong><em>κακίας</em></strong></span> <span class='ocrx_word' id='word_1_83' title='bbox 1064 1434 1267 1527; x_wconf 75' lang='grc' dir='ltr'><strong><em>ἀνθρώπων,</em></strong></span> <span class='ocrx_word' id='word_1_84' title='bbox 1303 1442 1359 1509; x_wconf 81' lang='grc' dir='ltr'>καὶ</span> 
     </span>
     <span class='ocr_line' id='line_1_12' title="bbox 195 1536 1357 1633; baseline -0.003 -20"><span class='ocrx_word' id='word_1_85' title='bbox 195 1543 285 1614; x_wconf 77' lang='grc' dir='ltr'><strong><em>ἔστιν</em></strong></span> <span class='ocrx_word' id='word_1_86' title='bbox 298 1542 319 1633; x_wconf 78' lang='lat' dir='ltr'>&#39;l</span> <span class='ocrx_word' id='word_1_87' title='bbox 334 1548 472 1633; x_wconf 77' lang='grc' dir='ltr'><strong><em>ποίησις</em></strong></span> <span class='ocrx_word' id='word_1_88' title='bbox 493 1540 688 1630; x_wconf 76' lang='grc' dir='ltr'><strong><em>σύγγραμμα</em></strong></span> <span class='ocrx_word' id='word_1_89' title='bbox 710 1541 788 1624; x_wconf 83' lang='grc' dir='ltr'><strong><em>ιιερὶ</em></strong></span> <span class='ocrx_word' id='word_1_90' title='bbox 810 1536 1011 1630; x_wconf 71' lang='grc' dir='ltr'><strong><em>ἀνθρώπων,</em></strong></span> <span class='ocrx_word' id='word_1_91' title='bbox 1033 1536 1146 1629; x_wconf 68' lang='grc' dir='ltr'><strong><em>ὥσπερ</em></strong></span> <span class='ocrx_word' id='word_1_92' title='bbox 1170 1538 1205 1609; x_wconf 84' lang='lat' dir='ltr'>e’s‘</span> <span class='ocrx_word' id='word_1_93' title='bbox 1222 1567 1275 1622; x_wconf 84' lang='grc' dir='ltr'>τις</span> <span class='ocrx_word' id='word_1_94' title='bbox 1297 1539 1357 1609; x_wconf 78' lang='grc' dir='ltr'><strong><em>λιι-</em></strong></span> 
     </span>
     <span class='ocr_line' id='line_1_13' title="bbox 195 1637 1358 1732; baseline -0.001 -19"><span class='ocrx_word' id='word_1_95' title='bbox 195 1646 297 1725; x_wconf 83' lang='grc' dir='ltr'><strong><em>ιιικδς</em></strong></span> <span class='ocrx_word' id='word_1_96' title='bbox 310 1638 355 1711; x_wconf 69' lang='grc' dir='ltr'>ὢν</span> <span class='ocrx_word' id='word_1_97' title='bbox 375 1640 596 1732; x_wconf 82' lang='grc' dir='ltr'><strong><em>συγγράψειεν</em></strong></span> <span class='ocrx_word' id='word_1_98' title='bbox 616 1642 694 1730; x_wconf 83' lang='grc' dir='ltr'><strong><em>περὶ</em></strong></span> <span class='ocrx_word' id='word_1_99' title='bbox 716 1637 915 1730; x_wconf 59' lang='grc' dir='ltr'><strong><em>λιιιιικῆςηε</em></strong></span> <span class='ocrx_word' id='word_1_100' title='bbox 936 1655 1024 1729; x_wconf 88' lang='lat' dir='ltr'>atque</span> <span class='ocrx_word' id='word_1_101' title='bbox 1046 1649 1163 1711; x_wconf 89' lang='lat' dir='ltr'>initium</span> <span class='ocrx_word' id='word_1_102' title='bbox 1184 1657 1358 1731; x_wconf 84' lang='lat' dir='ltr'>praecepto-</span> 
     </span>
     <span class='ocr_line' id='line_1_14' title="bbox 193 1749 1359 1832; baseline -0.001 -16"><span class='ocrx_word' id='word_1_103' title='bbox 193 1773 262 1817; x_wconf 86' lang='lat' dir='ltr'>rum</span> <span class='ocrx_word' id='word_1_104' title='bbox 277 1754 390 1816; x_wconf 87' lang='lat' dir='ltr'>laetum</span> <span class='ocrx_word' id='word_1_105' title='bbox 410 1770 475 1814; x_wconf 87' lang='lat' dir='ltr'>esse</span> <span class='ocrx_word' id='word_1_106' title='bbox 493 1750 534 1813; x_wconf 92' lang='lat' dir='ltr'>ait</span> <span class='ocrx_word' id='word_1_107' title='bbox 553 1750 591 1812; x_wconf 88' lang='lat' dir='ltr'>ah</span> <span class='ocrx_word' id='word_1_108' title='bbox 609 1749 656 1812; x_wconf 88' lang='lat' dir='ltr'>his</span> <span class='ocrx_word' id='word_1_109' title='bbox 674 1750 816 1825; x_wconf 79' lang='lat' dir='ltr'>versibus,</span> <span class='ocrx_word' id='word_1_110' title='bbox 847 1751 897 1831; x_wconf 91' lang='lat' dir='ltr'>qui</span> <span class='ocrx_word' id='word_1_111' title='bbox 925 1752 956 1812; x_wconf 91' lang='lat' dir='ltr'>in</span> <span class='ocrx_word' id='word_1_112' title='bbox 984 1758 1087 1813; x_wconf 88' lang='lat' dir='ltr'>nostra</span> <span class='ocrx_word' id='word_1_113' title='bbox 1115 1751 1259 1832; x_wconf 79' lang='lat' dir='ltr'>larmgine</span> <span class='ocrx_word' id='word_1_114' title='bbox 1288 1759 1359 1815; x_wconf 91' lang='lat' dir='ltr'>sunt</span> 
     </span>
     <span class='ocr_line' id='line_1_15' title="bbox 197 1855 1250 1937; baseline 0.003 -18"><span class='ocrx_word' id='word_1_115' title='bbox 197 1855 258 1919; x_wconf 81' lang='lat'>183</span> <span class='ocrx_word' id='word_1_116' title='bbox 272 1873 352 1937; x_wconf 72' lang='lat' dir='ltr'>squ:</span> <span class='ocrx_word' id='word_1_117' title='bbox 1246 1910 1250 1922; x_wconf 81' lang='grc'>.</span> 
     </span>
     <span class='ocr_line' id='line_1_16' title="bbox 296 1944 1260 2041; baseline -0.003 -21"><span class='ocrx_word' id='word_1_118' title='bbox 296 1951 421 2041; x_wconf 81' lang='grc' dir='ltr'><strong><em>Κριοδς</em></strong></span> <span class='ocrx_word' id='word_1_119' title='bbox 441 1952 501 2036; x_wconf 75' lang='grc' dir='ltr'>μὲν</span> <span class='ocrx_word' id='word_1_120' title='bbox 521 1950 578 2018; x_wconf 82' lang='grc' dir='ltr'>καὶ</span> <span class='ocrx_word' id='word_1_121' title='bbox 599 1944 693 2030; x_wconf 80' lang='grc' dir='ltr'><strong><em>’όνους</em></strong></span> <span class='ocrx_word' id='word_1_122' title='bbox 715 1948 895 2038; x_wconf 81' lang='grc' dir='ltr'><strong><em>διζήμεθα,</em></strong></span> <span class='ocrx_word' id='word_1_123' title='bbox 918 1948 1033 2038; x_wconf 76' lang='grc' dir='ltr'><strong><em>Κύρνε,</em></strong></span> <span class='ocrx_word' id='word_1_124' title='bbox 1055 1950 1112 2017; x_wconf 81' lang='grc' dir='ltr'>καὶ</span> <span class='ocrx_word' id='word_1_125' title='bbox 1129 1951 1260 2031; x_wconf 76' lang='grc' dir='ltr'><strong><em>ἵππους</em></strong></span> 
     </span>
     <span class='ocr_line' id='line_1_17' title="bbox 396 2048 1096 2140; baseline -0.004 -19"><span class='ocrx_word' id='word_1_126' title='bbox 396 2050 554 2140; x_wconf 78' lang='grc' dir='ltr'><strong><em>εδγενέας,</em></strong></span> <span class='ocrx_word' id='word_1_127' title='bbox 568 2059 626 2124; x_wconf 79' lang='grc' dir='ltr'>καί</span> <span class='ocrx_word' id='word_1_128' title='bbox 645 2077 696 2131; x_wconf 79' lang='grc' dir='ltr'>τις</span> <span class='ocrx_word' id='word_1_129' title='bbox 717 2052 874 2137; x_wconf 75' lang='grc' dir='ltr'><strong><em>βούλεται</em></strong></span> <span class='ocrx_word' id='word_1_130' title='bbox 896 2050 933 2132; x_wconf 74' lang='grc' dir='ltr'>ἔξ</span> <span class='ocrx_word' id='word_1_131' title='bbox 954 2048 1096 2138; x_wconf 73' lang='grc' dir='ltr'><strong><em>ἀγαθῶν</em></strong></span> 
     </span>
     <span class='ocr_line' id='line_1_18' title="bbox 295 2155 578 2247; baseline -0.014 -22"><span class='ocrx_word' id='word_1_132' title='bbox 295 2155 488 2247; x_wconf 79' lang='grc' dir='ltr'><strong><em>κτήσασθαι</em></strong></span> <span class='ocrx_word' id='word_1_133' title='bbox 510 2157 578 2223; x_wconf 80' lang='grc' dir='ltr'><strong><em>κτλ.</em></strong></span> 
     </span>
    </p>
   </div>
   <div class='ocr_carea' id='block_1_4' title="bbox 195 2276 1367 3794">
    <p class='ocr_par' dir='ltr' id='par_1_4' title="bbox 195 2276 1367 3794">
     <span class='ocr_line' id='line_1_19' title="bbox 195 2276 1361 2362; baseline 0.003 -17"><span class='ocrx_word' id='word_1_134' title='bbox 195 2282 257 2345; x_wconf 83' lang='grc' dir='ltr'>Νοο</span> <span class='ocrx_word' id='word_1_135' title='bbox 268 2281 433 2345; x_wconf 81' lang='lat' dir='ltr'>absimilem</span> <span class='ocrx_word' id='word_1_136' title='bbox 447 2279 652 2343; x_wconf 77' lang='lat' dir='ltr'>collectionem</span> <span class='ocrx_word' id='word_1_137' title='bbox 668 2277 757 2340; x_wconf 91' lang='lat' dir='ltr'>etiam</span> <span class='ocrx_word' id='word_1_138' title='bbox 775 2277 829 2339; x_wconf 89' lang='lat' dir='ltr'>llio</span> <span class='ocrx_word' id='word_1_139' title='bbox 846 2276 1075 2358; x_wconf 73' lang='lat' dir='ltr'>chrysostomus</span> <span class='ocrx_word' id='word_1_140' title='bbox 1096 2281 1259 2362; x_wconf 79' lang='lat' dir='ltr'>significare</span> <span class='ocrx_word' id='word_1_141' title='bbox 1279 2286 1361 2349; x_wconf 67' lang='lat' dir='ltr'>&#39;vide-</span> 
     </span>
     <span class='ocr_line' id='line_1_20' title="bbox 196 2376 1363 2467; baseline 0.003 -20"><span class='ocrx_word' id='word_1_142' title='bbox 196 2392 254 2458; x_wconf 90' lang='lat' dir='ltr'>tur,</span> <span class='ocrx_word' id='word_1_143' title='bbox 268 2402 311 2446; x_wconf 89' lang='lat' dir='ltr'>or.</span> <span class='ocrx_word' id='word_1_144' title='bbox 325 2384 352 2447; x_wconf 91' lang='lat' dir='ltr'>ll</span> <span class='ocrx_word' id='word_1_145' title='bbox 366 2385 416 2459; x_wconf 65' lang='lat' dir='ltr'>in„</span> <span class='ocrx_word' id='word_1_146' title='bbox 432 2376 483 2446; x_wconf 89' lang='lat' dir='ltr'>uhi</span> <span class='ocrx_word' id='word_1_147' title='bbox 497 2382 695 2444; x_wconf 81' lang='lat' dir='ltr'>Alexandrum</span> <span class='ocrx_word' id='word_1_148' title='bbox 711 2378 865 2461; x_wconf 85' lang='lat' dir='ltr'>quaerenti</span> <span class='ocrx_word' id='word_1_149' title='bbox 879 2379 964 2459; x_wconf 89' lang='lat' dir='ltr'>patri,</span> <span class='ocrx_word' id='word_1_150' title='bbox 981 2398 1034 2441; x_wconf 88' lang='lat' dir='ltr'>cur</span> <span class='ocrx_word' id='word_1_151' title='bbox 1048 2400 1142 2445; x_wconf 89' lang='lat' dir='ltr'>unum</span> <span class='ocrx_word' id='word_1_152' title='bbox 1158 2404 1174 2446; x_wconf 91' lang='lat' dir='ltr'>e</span> <span class='ocrx_word' id='word_1_153' title='bbox 1188 2388 1286 2467; x_wconf 89' lang='lat' dir='ltr'>poetis</span> <span class='ocrx_word' id='word_1_154' title='bbox 1298 2388 1363 2450; x_wconf 87' lang='lat' dir='ltr'>llo-</span> 
     </span>
     <span class='ocr_line' id='line_1_21' title="bbox 196 2484 1362 2569; baseline 0.003 -20"><span class='ocrx_word' id='word_1_155' title='bbox 196 2505 314 2549; x_wconf 86' lang='lat' dir='ltr'>merum</span> <span class='ocrx_word' id='word_1_156' title='bbox 328 2486 454 2566; x_wconf 81' lang='lat' dir='ltr'>legeret,</span> <span class='ocrx_word' id='word_1_157' title='bbox 475 2485 663 2566; x_wconf 88' lang='lat' dir='ltr'>respondisse</span> <span class='ocrx_word' id='word_1_158' title='bbox 685 2484 726 2545; x_wconf 91' lang='lat' dir='ltr'>ait</span> <span class='ocrx_word' id='word_1_159' title='bbox 747 2499 808 2543; x_wconf 89' lang='lat' dir='ltr'>non</span> <span class='ocrx_word' id='word_1_160' title='bbox 824 2498 912 2543; x_wconf 87' lang='lat' dir='ltr'>omne</span> <span class='ocrx_word' id='word_1_161' title='bbox 926 2499 1018 2562; x_wconf 80' lang='lat' dir='ltr'>genus</span> <span class='ocrx_word' id='word_1_162' title='bbox 1033 2486 1199 2549; x_wconf 81' lang='lat' dir='ltr'>carminum</span> <span class='ocrx_word' id='word_1_163' title='bbox 1213 2489 1275 2569; x_wconf 82' lang='lat' dir='ltr'>regi</span> <span class='ocrx_word' id='word_1_164' title='bbox 1290 2509 1362 2553; x_wconf 90' lang='lat' dir='ltr'>con-</span> 
     </span>
     <span class='ocr_line' id='line_1_22' title="bbox 195 2587 1363 2668; baseline 0.005 -17"><span class='ocrx_word' id='word_1_165' title='bbox 195 2589 315 2651; x_wconf 78' lang='lat' dir='ltr'>veniens</span> <span class='ocrx_word' id='word_1_166' title='bbox 330 2608 405 2663; x_wconf 87' lang='lat' dir='ltr'>esse,</span> <span class='ocrx_word' id='word_1_167' title='bbox 420 2597 449 2649; x_wconf 86' lang='lat' dir='ltr'>et</span> <span class='ocrx_word' id='word_1_168' title='bbox 462 2587 495 2649; x_wconf 91' lang='lat' dir='ltr'>in</span> <span class='ocrx_word' id='word_1_169' title='bbox 509 2588 564 2663; x_wconf 87' lang='lat' dir='ltr'>his,</span> <span class='ocrx_word' id='word_1_170' title='bbox 580 2606 656 2668; x_wconf 86' lang='lat' dir='ltr'>quae</span> <span class='ocrx_word' id='word_1_171' title='bbox 670 2602 731 2647; x_wconf 91' lang='lat' dir='ltr'>non</span> <span class='ocrx_word' id='word_1_172' title='bbox 742 2592 858 2646; x_wconf 88' lang='lat' dir='ltr'>curaret</span> <span class='ocrx_word' id='word_1_173' title='bbox 873 2601 1058 2663; x_wconf 81' lang='lat' dir='ltr'>cognoscere,</span> <span class='ocrx_word' id='word_1_174' title='bbox 1075 2597 1191 2668; x_wconf 90' lang='lat' dir='ltr'>praeter</span> <span class='ocrx_word' id='word_1_175' title='bbox 1206 2594 1363 2657; x_wconf 80' lang='lat' dir='ltr'>convivalia</span> 
     </span>
     <span class='ocr_line' id='line_1_23' title="bbox 197 2685 1364 2768; baseline 0.003 -14"><span class='ocrx_word' id='word_1_176' title='bbox 197 2690 327 2754; x_wconf 89' lang='lat' dir='ltr'>carmina</span> <span class='ocrx_word' id='word_1_177' title='bbox 342 2700 372 2752; x_wconf 89' lang='lat' dir='ltr'>et</span> <span class='ocrx_word' id='word_1_178' title='bbox 386 2691 537 2762; x_wconf 88' lang='lat' dir='ltr'>amatoria,</span> <span class='ocrx_word' id='word_1_179' title='bbox 553 2706 660 2768; x_wconf 85' lang='lat' dir='ltr'>eaque,</span> <span class='ocrx_word' id='word_1_180' title='bbox 683 2704 757 2767; x_wconf 88' lang='lat' dir='ltr'>quae</span> <span class='ocrx_word' id='word_1_181' title='bbox 771 2685 952 2748; x_wconf 90' lang='lat' dir='ltr'>ludicrorum</span> <span class='ocrx_word' id='word_1_182' title='bbox 968 2690 1162 2752; x_wconf 80' lang='lat' dir='ltr'>certaminum</span> <span class='ocrx_word' id='word_1_183' title='bbox 1174 2693 1298 2757; x_wconf 78' lang='lat' dir='ltr'>victores</span> <span class='ocrx_word' id='word_1_184' title='bbox 1314 2716 1364 2758; x_wconf 87' lang='lat' dir='ltr'>ce-</span> 
     </span>
     <span class='ocr_line' id='line_1_24' title="bbox 197 2790 1364 2872; baseline 0.003 -16"><span class='ocrx_word' id='word_1_185' title='bbox 197 2793 354 2869; x_wconf 87' lang='lat' dir='ltr'>lebrarent,</span> <span class='ocrx_word' id='word_1_186' title='bbox 370 2799 421 2854; x_wconf 87' lang='lat' dir='ltr'>aut</span> <span class='ocrx_word' id='word_1_187' title='bbox 436 2811 510 2872; x_wconf 88' lang='lat' dir='ltr'>quae</span> <span class='ocrx_word' id='word_1_188' title='bbox 525 2799 659 2853; x_wconf 89' lang='lat' dir='ltr'>mortuos</span> <span class='ocrx_word' id='word_1_189' title='bbox 674 2790 826 2864; x_wconf 89' lang='lat' dir='ltr'>dederent,</span> <span class='ocrx_word' id='word_1_190' title='bbox 842 2797 892 2851; x_wconf 93' lang='lat' dir='ltr'>aut</span> <span class='ocrx_word' id='word_1_191' title='bbox 907 2808 982 2869; x_wconf 87' lang='lat' dir='ltr'>quae</span> <span class='ocrx_word' id='word_1_192' title='bbox 997 2791 1043 2854; x_wconf 80' lang='lat' dir='ltr'>vel</span> <span class='ocrx_word' id='word_1_193' title='bbox 1057 2792 1213 2855; x_wconf 89' lang='lat' dir='ltr'>irriderent</span> <span class='ocrx_word' id='word_1_194' title='bbox 1227 2795 1364 2860; x_wconf 87' lang='lat' dir='ltr'>homines</span> 
     </span>
     <span class='ocr_line' id='line_1_25' title="bbox 197 2892 1366 2981; baseline 0.004 -24"><span class='ocrx_word' id='word_1_195' title='bbox 197 2895 243 2957; x_wconf 86' lang='lat' dir='ltr'>vel</span> <span class='ocrx_word' id='word_1_196' title='bbox 258 2894 394 2959; x_wconf 84' lang='lat' dir='ltr'>conviciis</span> <span class='ocrx_word' id='word_1_197' title='bbox 407 2894 640 2976; x_wconf 87' lang='lat' dir='ltr'>proscinderent‚</span> <span class='ocrx_word' id='word_1_198' title='bbox 657 2900 810 2972; x_wconf 88' lang='lat' dir='ltr'>postremo</span> <span class='ocrx_word' id='word_1_199' title='bbox 832 2892 898 2954; x_wconf 92' lang='lat' dir='ltr'>loco</span> <span class='ocrx_word' id='word_1_200' title='bbox 918 2894 1006 2955; x_wconf 88' lang='lat' dir='ltr'>etiam</span> <span class='ocrx_word' id='word_1_201' title='bbox 1026 2913 1060 2956; x_wconf 88' lang='lat' dir='ltr'>ea</span> <span class='ocrx_word' id='word_1_202' title='bbox 1081 2913 1273 2973; x_wconf 87' lang='lat' dir='ltr'>numerasse,</span> <span class='ocrx_word' id='word_1_203' title='bbox 1290 2919 1366 2981; x_wconf 86' lang='lat' dir='ltr'>quae</span> 
     </span>
     <span class='ocr_line' id='line_1_26' title="bbox 200 2983 1365 3082; baseline 0.005 -22"><span class='ocrx_word' id='word_1_204' title='bbox 200 2990 363 3082; x_wconf 79' lang='grc' dir='ltr'><strong><em>δημοτικά</em></strong></span> <span class='ocrx_word' id='word_1_205' title='bbox 377 3004 486 3069; x_wconf 85' lang='lat' dir='ltr'>essent,</span> <span class='ocrx_word' id='word_1_206' title='bbox 500 2996 529 3057; x_wconf 88' lang='lat' dir='ltr'>h.</span> <span class='ocrx_word' id='word_1_207' title='bbox 545 2983 571 3057; x_wconf 78' lang='lat' dir='ltr'>e.</span> <span class='ocrx_word' id='word_1_208' title='bbox 587 2995 623 3057; x_wconf 91' lang='lat' dir='ltr'>ad</span> <span class='ocrx_word' id='word_1_209' title='bbox 638 2996 820 3076; x_wconf 84' lang='lat' dir='ltr'>privatorum</span> <span class='ocrx_word' id='word_1_210' title='bbox 835 2995 992 3059; x_wconf 91' lang='lat' dir='ltr'>hominum</span> <span class='ocrx_word' id='word_1_211' title='bbox 1007 2997 1098 3059; x_wconf 82' lang='lat' dir='ltr'>vitam</span> <span class='ocrx_word' id='word_1_212' title='bbox 1115 2997 1365 3066; x_wconf 81' lang='lat' dir='ltr'>admonitionibus</span> 
     </span>
     <span class='ocr_line' id='line_1_27' title="bbox 198 3091 1366 3182; baseline 0.003 -18"><span class='ocrx_word' id='word_1_213' title='bbox 198 3107 228 3164; x_wconf 91' lang='lat' dir='ltr'>et</span> <span class='ocrx_word' id='word_1_214' title='bbox 241 3102 406 3182; x_wconf 79' lang='lat' dir='ltr'>praeceptis</span> <span class='ocrx_word' id='word_1_215' title='bbox 419 3099 578 3179; x_wconf 73' lang='lat' dir='ltr'>regendm</span> <span class='ocrx_word' id='word_1_216' title='bbox 593 3098 679 3171; x_wconf 89' lang='lat' dir='ltr'>lacta,</span> <span class='ocrx_word' id='word_1_217' title='bbox 696 3091 959 3178; x_wconf 74' lang='grc' dir='ltr'><strong><em>συμβουλεύοντα</em></strong></span> <span class='ocrx_word' id='word_1_218' title='bbox 979 3094 1036 3161; x_wconf 86' lang='grc' dir='ltr'>καὶ</span> <span class='ocrx_word' id='word_1_219' title='bbox 1056 3099 1282 3182; x_wconf 82' lang='grc' dir='ltr'><strong><em>παραινοῦντα</em></strong></span> <span class='ocrx_word' id='word_1_220' title='bbox 1296 3105 1366 3180; x_wconf 78' lang='grc' dir='ltr'><strong><em>τοῖς</em></strong></span> 
     </span>
     <span class='ocr_line' id='line_1_28' title="bbox 199 3186 1365 3284; baseline 0.005 -21"><span class='ocrx_word' id='word_1_221' title='bbox 199 3199 336 3276; x_wconf 81' lang='grc' dir='ltr'><strong><em>πολλοῖς</em></strong></span> <span class='ocrx_word' id='word_1_222' title='bbox 356 3197 411 3263; x_wconf 86' lang='grc' dir='ltr'>καὶ</span> <span class='ocrx_word' id='word_1_223' title='bbox 426 3193 588 3275; x_wconf 77' lang='grc' dir='ltr'><strong><em>ἰδιώταις,</em></strong></span> <span class='ocrx_word' id='word_1_224' title='bbox 610 3193 779 3284; x_wconf 80' lang='grc' dir='ltr'><strong><em>καθάπερ,</em></strong></span> <span class='ocrx_word' id='word_1_225' title='bbox 796 3186 901 3279; x_wconf 82' lang='grc' dir='ltr'><strong><em>οἶμαι,</em></strong></span> <span class='ocrx_word' id='word_1_226' title='bbox 924 3195 966 3262; x_wconf 79' lang='lat' dir='ltr'>sd</span> <span class='ocrx_word' id='word_1_227' title='bbox 989 3199 1183 3266; x_wconf 79' lang='grc' dir='ltr'><strong><em>Φωκυλίδου</em></strong></span> <span class='ocrx_word' id='word_1_228' title='bbox 1199 3201 1255 3267; x_wconf 85' lang='grc' dir='ltr'>καὶ</span> <span class='ocrx_word' id='word_1_229' title='bbox 1283 3199 1365 3269; x_wconf 81' lang='grc' dir='ltr'><strong><em>Θεό-</em></strong></span> 
     </span>
     <span class='ocr_line' id='line_1_29' title="bbox 199 3289 1367 3389; baseline 0.005 -25"><span class='ocrx_word' id='word_1_230' title='bbox 199 3300 321 3387; x_wconf 91' lang='grc' dir='ltr'><strong><em>γνιδος,</em></strong></span> <span class='ocrx_word' id='word_1_231' title='bbox 344 3293 402 3388; x_wconf 68' lang='grc' dir='ltr'>εἶφ’</span> <span class='ocrx_word' id='word_1_232' title='bbox 424 3289 468 3363; x_wconf 76' lang='grc' dir='ltr'>ὧν</span> <span class='ocrx_word' id='word_1_233' title='bbox 489 3301 523 3363; x_wconf 81' lang='grc' dir='ltr'>τί</span> <span class='ocrx_word' id='word_1_234' title='bbox 544 3290 583 3363; x_wconf 75' lang='grc' dir='ltr'>ἂν</span> <span class='ocrx_word' id='word_1_235' title='bbox 611 3292 830 3387; x_wconf 71' lang='grc' dir='ltr'><strong><em>ὠφεληθῆναι</em></strong></span> <span class='ocrx_word' id='word_1_236' title='bbox 858 3295 992 3365; x_wconf 80' lang='grc' dir='ltr'><strong><em>δύναιτο</em></strong></span> <span class='ocrx_word' id='word_1_237' title='bbox 1021 3295 1101 3387; x_wconf 69' lang='grc' dir='ltr'>α’νήρ</span> <span class='ocrx_word' id='word_1_238' title='bbox 1129 3295 1206 3389; x_wconf 75' lang='grc' dir='ltr'><strong><em>ἡμῖν</em></strong></span> <span class='ocrx_word' id='word_1_239' title='bbox 1235 3299 1367 3387; x_wconf 75' lang='grc' dir='ltr'><strong><em>ὅμοιοςς</em></strong></span> 
     </span>
     <span class='ocr_line' id='line_1_30' title="bbox 198 3404 1365 3488; baseline 0.004 -20"><span class='ocrx_word' id='word_1_240' title='bbox 198 3405 350 3468; x_wconf 77' lang='lat' dir='ltr'>Amatoria</span> <span class='ocrx_word' id='word_1_241' title='bbox 364 3405 453 3485; x_wconf 78' lang='lat' dir='ltr'>igitur</span> <span class='ocrx_word' id='word_1_242' title='bbox 463 3411 542 3467; x_wconf 86' lang='lat' dir='ltr'>certe</span> <span class='ocrx_word' id='word_1_243' title='bbox 557 3412 588 3466; x_wconf 92' lang='lat' dir='ltr'>et</span> <span class='ocrx_word' id='word_1_244' title='bbox 602 3405 759 3467; x_wconf 80' lang='lat' dir='ltr'>conviraha</span> <span class='ocrx_word' id='word_1_245' title='bbox 775 3404 888 3486; x_wconf 84' lang='lat' dir='ltr'>alisque</span> <span class='ocrx_word' id='word_1_246' title='bbox 904 3405 1013 3467; x_wconf 91' lang='lat' dir='ltr'>ludicra</span> <span class='ocrx_word' id='word_1_247' title='bbox 1029 3405 1136 3468; x_wconf 92' lang='lat' dir='ltr'>abillis</span> <span class='ocrx_word' id='word_1_248' title='bbox 1152 3425 1228 3488; x_wconf 89' lang='lat' dir='ltr'>quos</span> <span class='ocrx_word' id='word_1_249' title='bbox 1239 3409 1365 3472; x_wconf 81' lang='lat' dir='ltr'>Alexan-</span> 
     </span>
     <span class='ocr_line' id='line_1_31' title="bbox 200 3505 1364 3590; baseline 0.002 -19"><span class='ocrx_word' id='word_1_250' title='bbox 200 3510 254 3571; x_wconf 88' lang='lat' dir='ltr'>der</span> <span class='ocrx_word' id='word_1_251' title='bbox 267 3515 420 3588; x_wconf 84' lang='lat' dir='ltr'>sperneret</span> <span class='ocrx_word' id='word_1_252' title='bbox 433 3506 611 3587; x_wconf 78' lang='lat' dir='ltr'>Theognidis</span> <span class='ocrx_word' id='word_1_253' title='bbox 627 3507 759 3569; x_wconf 87' lang='lat' dir='ltr'>versihus</span> <span class='ocrx_word' id='word_1_254' title='bbox 774 3505 902 3569; x_wconf 84' lang='lat' dir='ltr'>ahhiisse</span> <span class='ocrx_word' id='word_1_255' title='bbox 926 3507 1094 3570; x_wconf 85' lang='lat' dir='ltr'>conieceris.</span> <span class='ocrx_word' id='word_1_256' title='bbox 1124 3508 1364 3590; x_wconf 77' lang='lat' dir='ltr'>lienique‘etiam</span> 
     </span>
     <span class='ocr_line' id='line_1_32' title="bbox 200 3607 1366 3691; baseline 0.002 -15"><span class='ocrx_word' id='word_1_257' title='bbox 200 3610 304 3676; x_wconf 87' lang='lat' dir='ltr'>Iuliani</span> <span class='ocrx_word' id='word_1_258' title='bbox 328 3609 515 3691; x_wconf 89' lang='lat' dir='ltr'>imperatoris</span> <span class='ocrx_word' id='word_1_259' title='bbox 540 3615 634 3671; x_wconf 86' lang='lat' dir='ltr'>aetate</span> <span class='ocrx_word' id='word_1_260' title='bbox 659 3607 876 3689; x_wconf 81' lang='lat' dir='ltr'>gnomologiam</span> <span class='ocrx_word' id='word_1_261' title='bbox 911 3609 1059 3688; x_wconf 86' lang='lat' dir='ltr'>quandam</span> <span class='ocrx_word' id='word_1_262' title='bbox 1085 3609 1302 3691; x_wconf 80' lang='lat' dir='ltr'>Theognideam</span> <span class='ocrx_word' id='word_1_263' title='bbox 1329 3615 1366 3678; x_wconf 88' lang='lat' dir='ltr'>ah</span> 
     </span>
     <span class='ocr_line' id='line_1_33' title="bbox 200 3710 1365 3794; baseline 0.001 -16"><span class='ocrx_word' id='word_1_264' title='bbox 200 3713 371 3778; x_wconf 91' lang='lat' dir='ltr'>huiusmodi</span> <span class='ocrx_word' id='word_1_265' title='bbox 395 3710 601 3775; x_wconf 86' lang='lat' dir='ltr'>additamentis</span> <span class='ocrx_word' id='word_1_266' title='bbox 626 3730 732 3794; x_wconf 84' lang='lat' dir='ltr'>puram</span> <span class='ocrx_word' id='word_1_267' title='bbox 757 3710 938 3792; x_wconf 85' lang='lat' dir='ltr'>superfuisse</span> <span class='ocrx_word' id='word_1_268' title='bbox 971 3713 1144 3794; x_wconf 86' lang='lat' dir='ltr'>suspiceris,</span> <span class='ocrx_word' id='word_1_269' title='bbox 1169 3713 1315 3793; x_wconf 88' lang='lat' dir='ltr'>siquidem</span> <span class='ocrx_word' id='word_1_270' title='bbox 1340 3717 1365 3779; x_wconf 92' lang='lat' dir='ltr'>is</span> 
     </span>
    </p>
   </div>
   <div class='ocr_carea' id='block_1_5' title="bbox 199 3895 1365 4051">
    <p class='ocr_par' dir='ltr' id='par_1_5' title="bbox 199 3895 1365 4051">
     <span class='ocr_line' id='line_1_34' title="bbox 199 3895 1365 3969; baseline 0.003 -18"><span class='ocrx_word' id='word_1_271' title='bbox 199 3899 319 3969; x_wconf 73' lang='lat' dir='ltr'>potencie</span> <span class='ocrx_word' id='word_1_272' title='bbox 329 3898 489 3951; x_wconf 81' lang='lat' dir='ltr'>scribendum</span> <span class='ocrx_word' id='word_1_273' title='bbox 501 3911 566 3950; x_wconf 83' lang='lat' dir='ltr'>csse.</span> <span class='ocrx_word' id='word_1_274' title='bbox 587 3897 650 3950; x_wconf 79' lang='lat' dir='ltr'>Mihl</span> <span class='ocrx_word' id='word_1_275' title='bbox 658 3913 721 3950; x_wconf 80' lang='lat' dir='ltr'>vero</span> <span class='ocrx_word' id='word_1_276' title='bbox 733 3897 798 3949; x_wconf 88' lang='lat' dir='ltr'>illud</span> <span class='ocrx_word' id='word_1_277' title='bbox 809 3896 913 3958; x_wconf 78' lang='grc' dir='ltr'><strong><em>ἔνιικιδς</em></strong></span> <span class='ocrx_word' id='word_1_278' title='bbox 925 3908 1073 3965; x_wconf 86' lang='lat' dir='ltr'>corruptum</span> <span class='ocrx_word' id='word_1_279' title='bbox 1084 3913 1141 3951; x_wconf 85' lang='lat' dir='ltr'>esso</span> <span class='ocrx_word' id='word_1_280' title='bbox 1153 3898 1255 3951; x_wconf 82' lang='lat' dir='ltr'>videtur</span> <span class='ocrx_word' id='word_1_281' title='bbox 1266 3916 1300 3952; x_wconf 77' lang='lat' dir='ltr'>es</span> <span class='ocrx_word' id='word_1_282' title='bbox 1311 3895 1365 3969; x_wconf 74' lang='grc' dir='ltr'>ἔπη</span> 
     </span>
     <span class='ocr_line' id='line_1_35' title="bbox 200 3981 1365 4051; baseline 0.004 -17"><span class='ocrx_word' id='word_1_283' title='bbox 200 3981 272 4051; x_wconf 63' lang='grc' dir='ltr'>γαί,</span> <span class='ocrx_word' id='word_1_284' title='bbox 284 3991 311 4035; x_wconf 86' lang='lat' dir='ltr'>ct</span> <span class='ocrx_word' id='word_1_285' title='bbox 322 3981 429 4035; x_wconf 83' lang='lat' dir='ltr'>similem</span> <span class='ocrx_word' id='word_1_286' title='bbox 442 3982 615 4035; x_wconf 76' lang='lat' dir='ltr'>coniecturam</span> <span class='ocrx_word' id='word_1_287' title='bbox 627 3983 704 4035; x_wconf 82' lang='lat' dir='ltr'>etism</span> <span class='ocrx_word' id='word_1_288' title='bbox 714 3984 831 4036; x_wconf 84' lang='lat' dir='ltr'>llitzenio</span> <span class='ocrx_word' id='word_1_289' title='bbox 844 3984 871 4036; x_wconf 87' lang='lat' dir='ltr'>iu</span> <span class='ocrx_word' id='word_1_290' title='bbox 879 3993 986 4037; x_wconf 82' lang='lat' dir='ltr'>mentam</span> <span class='ocrx_word' id='word_1_291' title='bbox 996 3986 1097 4037; x_wconf 83' lang='lat' dir='ltr'>venisse</span> <span class='ocrx_word' id='word_1_292' title='bbox 1109 3985 1315 4038; x_wconf 82' lang='lat' dir='ltr'>Schneidewinos</span> <span class='ocrx_word' id='word_1_293' title='bbox 1323 4002 1365 4039; x_wconf 85' lang='lat' dir='ltr'>re·</span> 
     </span>
    </p>
   </div>
   <div class='ocr_carea' id='block_1_6' title="bbox 9 4065 581 4138">
    <p class='ocr_par' dir='ltr' id='par_1_6' title="bbox 9 4065 581 4138">
     <span class='ocr_line' id='line_1_36' title="bbox 9 4065 581 4138; baseline -0.003 -18"><span class='ocrx_word' id='word_1_294' title='bbox 9 4088 10 4095; x_wconf 52' lang='lat'>¹</span> <span class='ocrx_word' id='word_1_295' title='bbox 110 4135 112 4138; x_wconf 8' lang='lat' dir='ltr'>y</span> <span class='ocrx_word' id='word_1_296' title='bbox 201 4067 263 4134; x_wconf 85' lang='lat' dir='ltr'>lert,</span> <span class='ocrx_word' id='word_1_297' title='bbox 275 4065 401 4120; x_wconf 82' lang='lat' dir='ltr'>Gonisett.</span> <span class='ocrx_word' id='word_1_298' title='bbox 415 4068 473 4120; x_wconf 89' lang='lat' dir='ltr'>crit.</span> <span class='ocrx_word' id='word_1_299' title='bbox 485 4083 509 4134; x_wconf 88' lang='lat' dir='ltr'>p.</span> <span class='ocrx_word' id='word_1_300' title='bbox 524 4068 581 4119; x_wconf 80' lang='lat'>176.</span> 
     </span>
    </p>
   </div>
   <div class='ocr_carea' id='block_1_7' title="bbox 202 4151 1368 4481">
    <p class='ocr_par' dir='ltr' id='par_1_7' title="bbox 202 4151 1368 4481">
     <span class='ocr_line' id='line_1_37' title="bbox 271 4151 1367 4224; baseline 0.006 -22"><span class='ocrx_word' id='word_1_301' title='bbox 271 4153 296 4218; x_wconf 81' lang='lat'>2)</span> <span class='ocrx_word' id='word_1_302' title='bbox 314 4153 499 4223; x_wconf 71' lang='grc' dir='ltr'><strong><em>Ξενοφῶντος</em></strong></span> <span class='ocrx_word' id='word_1_303' title='bbox 512 4151 542 4206; x_wconf 80' lang='grc' dir='ltr'>ἐκ</span> <span class='ocrx_word' id='word_1_304' title='bbox 553 4153 603 4205; x_wconf 84' lang='grc' dir='ltr'>τοῦ</span> <span class='ocrx_word' id='word_1_305' title='bbox 615 4154 681 4224; x_wconf 84' lang='grc' dir='ltr'>περὶ</span> <span class='ocrx_word' id='word_1_306' title='bbox 695 4151 849 4224; x_wconf 78' lang='grc' dir='ltr'><strong><em>Θεόγνιδος</em></strong></span> <span class='ocrx_word' id='word_1_307' title='bbox 859 4156 921 4207; x_wconf 84' lang='lat' dir='ltr'>haee</span> <span class='ocrx_word' id='word_1_308' title='bbox 930 4155 1010 4207; x_wconf 86' lang='lat' dir='ltr'>verba</span> <span class='ocrx_word' id='word_1_309' title='bbox 1022 4171 1079 4208; x_wconf 86' lang='lat' dir='ltr'>esse</span> <span class='ocrx_word' id='word_1_310' title='bbox 1091 4157 1234 4208; x_wconf 84' lang='lat' dir='ltr'>dicuuturs</span> <span class='ocrx_word' id='word_1_311' title='bbox 1246 4157 1367 4223; x_wconf 77' lang='lat' dir='ltr'>stubam,</span> 
     </span>
     <span class='ocr_line' id='line_1_38' title="bbox 202 4235 1365 4307; baseline 0.009 -19"><span class='ocrx_word' id='word_1_312' title='bbox 202 4244 231 4288; x_wconf 81' lang='lat' dir='ltr'>ut</span> <span class='ocrx_word' id='word_1_313' title='bbox 243 4235 360 4290; x_wconf 84' lang='lat' dir='ltr'>videatur</span> <span class='ocrx_word' id='word_1_314' title='bbox 369 4239 507 4305; x_wconf 68' lang='lat' dir='ltr'>singularis</span> <span class='ocrx_word' id='word_1_315' title='bbox 520 4239 551 4290; x_wconf 87' lang='lat' dir='ltr'>do</span> <span class='ocrx_word' id='word_1_316' title='bbox 563 4238 706 4306; x_wconf 66' lang='lat' dir='ltr'>Theognidc</span> <span class='ocrx_word' id='word_1_317' title='bbox 718 4240 820 4293; x_wconf 83' lang='lat' dir='ltr'>libellos</span> <span class='ocrx_word' id='word_1_318' title='bbox 833 4241 968 4307; x_wconf 66' lang='lat' dir='ltr'>designari.</span> <span class='ocrx_word' id='word_1_319' title='bbox 996 4240 1131 4293; x_wconf 82' lang='lat' dir='ltr'>Heilsndus</span> <span class='ocrx_word' id='word_1_320' title='bbox 1144 4250 1226 4294; x_wconf 72' lang='lat' dir='ltr'>umen</span> <span class='ocrx_word' id='word_1_321' title='bbox 1239 4245 1266 4295; x_wconf 87' lang='lat' dir='ltr'>in</span> <span class='ocrx_word' id='word_1_322' title='bbox 1278 4245 1365 4299; x_wconf 83' lang='lat' dir='ltr'>illurn.</span> 
     </span>
     <span class='ocr_line' id='line_1_39' title="bbox 203 4322 1368 4395; baseline 0.008 -20"><span class='ocrx_word' id='word_1_323' title='bbox 203 4322 299 4389; x_wconf 75' lang='lat' dir='ltr'>antiqu.</span> <span class='ocrx_word' id='word_1_324' title='bbox 311 4323 472 4387; x_wconf 76' lang='lat' dir='ltr'>(zeitschrift</span> <span class='ocrx_word' id='word_1_325' title='bbox 483 4322 501 4377; x_wconf 86' lang='lat' dir='ltr'>l.</span> <span class='ocrx_word' id='word_1_326' title='bbox 515 4326 538 4376; x_wconf 93' lang='lat' dir='ltr'>d.</span> <span class='ocrx_word' id='word_1_327' title='bbox 552 4324 754 4392; x_wconf 78' lang='lat' dir='ltr'>Alterthnmsw.)</span> <span class='ocrx_word' id='word_1_328' title='bbox 765 4341 822 4377; x_wconf 86' lang='lat' dir='ltr'>sou.</span> <span class='ocrx_word' id='word_1_329' title='bbox 837 4325 902 4377; x_wconf 74' lang='lat'>1847</span> <span class='ocrx_word' id='word_1_330' title='bbox 915 4342 939 4392; x_wconf 90' lang='lat' dir='ltr'>p.</span> <span class='ocrx_word' id='word_1_331' title='bbox 952 4327 1001 4378; x_wconf 79' lang='lat' dir='ltr'>oct</span> <span class='ocrx_word' id='word_1_332' title='bbox 1013 4328 1155 4394; x_wconf 82' lang='lat' dir='ltr'>deperdito</span> <span class='ocrx_word' id='word_1_333' title='bbox 1172 4329 1257 4395; x_wconf 73' lang='lat' dir='ltr'>aliquo</span> <span class='ocrx_word' id='word_1_334' title='bbox 1274 4331 1301 4382; x_wconf 87' lang='lat' dir='ltr'>iu</span> <span class='ocrx_word' id='word_1_335' title='bbox 1313 4330 1368 4384; x_wconf 81' lang='lat' dir='ltr'>lle·</span> 
     </span>
     <span class='ocr_line' id='line_1_40' title="bbox 203 4409 1204 4481; baseline 0.002 -17"><span class='ocrx_word' id='word_1_336' title='bbox 203 4409 368 4464; x_wconf 78' lang='lat' dir='ltr'>morabilihus</span> <span class='ocrx_word' id='word_1_337' title='bbox 381 4412 463 4477; x_wconf 85' lang='lat' dir='ltr'>capite</span> <span class='ocrx_word' id='word_1_338' title='bbox 474 4413 582 4477; x_wconf 69' lang='lat' dir='ltr'>cogitari</span> <span class='ocrx_word' id='word_1_339' title='bbox 594 4412 697 4477; x_wconf 78' lang='lat' dir='ltr'>mavult,</span> <span class='ocrx_word' id='word_1_340' title='bbox 710 4417 799 4480; x_wconf 77' lang='lat' dir='ltr'>quippe</span> <span class='ocrx_word' id='word_1_341' title='bbox 812 4427 876 4481; x_wconf 80' lang='lat' dir='ltr'>quse</span> <span class='ocrx_word' id='word_1_342' title='bbox 890 4428 938 4464; x_wconf 85' lang='lat' dir='ltr'>oon</span> <span class='ocrx_word' id='word_1_343' title='bbox 955 4414 1054 4480; x_wconf 67' lang='lat' dir='ltr'>integra</span> <span class='ocrx_word' id='word_1_344' title='bbox 1067 4414 1204 4480; x_wconf 80' lang='lat' dir='ltr'>supersint.</span> 
     </span>
    </p>
   </div>
   <div class='ocr_carea' id='block_1_8' title="bbox 0 0 1665 5142">
    <p class='ocr_par' dir='ltr' id='par_1_8' title="bbox 0 0 1665 5142">
     <span class='ocr_line' id='line_1_41' title="bbox 0 0 1665 5142; baseline 0 0"><span class='ocrx_word' id='word_1_345' title='bbox 0 0 1665 5142; x_wconf 95' lang='lat' dir='ltr'> </span> 
     </span>
    </p>
   </div>
  </div>
 </body>
</html>
