3284 5152
801 487 951 583 ...⁹92

295 668 434 748 positum,
446 684 585 743 constans
596 697 668 742 usus
680 676 820 760 loquendi
827 677 950 758 respuit,
966 684 996 738 et
1008 675 1144 739 credibile
1155 683 1200 738 est
1212 674 1262 755 qui
1272 675 1315 737 sic
1326 675 1453 756 scripse·

294 779 364 833 ramt
383 779 578 844 accusantum
598 782 752 863 singularis
770 779 886 842 numeri
906 798 970 841 esse
992 778 1127 852 columae,
1142 777 1330 840 referendum
1343 777 1455 840 seilicet

294 873 330 935 ad
347 867 460 949 αὐδάν.
475 883 554 962 quod
570 884 743 948 vocabulum
759 901 812 946 cur
825 881 896 945 terri
911 899 971 944 non
988 881 1079 962 possit
1095 880 1185 943 modo
1199 880 1331 960 exposui.
1355 880 1454 942 Possit

294 977 398 1061 aliquis
429 1001 529 1045 rerum
556 995 659 1066 putare
685 978 781 1058 aide,
805 984 838 1048 ei
858 978 897 1045 tl
918 977 1047 1059 ddisse,
1067 991 1101 1046 ut
1126 981 1282 1047 dochmius
1305 981 1344 1043 sit
1365 981 1453 1045 buius

296 1079 423 1155 ῙθΠΜθ,
444 1130 463 1141 -
476 1103 606 1163 tow,
627 1089 774 1170 superiori
787 1077 824 1147 od
847 1080 959 1166 θέμις,
983 1072 1010 1148 ai
1033 1080 1125 1162 ξέναι
1145 1102 1305 1154 ,μιν
1325 1101 1452 1167 respon·

293 1183 380 1247 dsus:
395 1205 451 1251 uec
464 1190 635 1270 repugnabo
647 1200 756 1264 tamen,
772 1190 797 1253 si
812 1189 878 1270 quis
892 1206 960 1251 curn
976 1187 1106 1251 Nauckio
1121 1196 1151 1251 et
1166 1185 1347 1251 llircbboido
1363 1186 1452 1249 etiam

296 1281 335 1348 tt
354 1289 524 1368 particulam
546 1293 655 1368 deleat,
676 1302 708 1358 ut
730 1292 932 1374 anapaesticus
952 1290 1054 1353 eradat
1077 1298 1281 1362 monometer,
1302 1288 1393 1351 modo
1413 1306 1452 1351 ue

295 1389 381 1452 etiam
396 1395 540 1474 superiori
555 1396 596 1459 illi
612 1397 753 1460 versiculo
769 1394 984 1476 anapacslienm
997 1392 1168 1474 rhythmum
1181 1391 1317 1464 dnotoea,
1333 1392 1361 1454 id
1374 1391 1454 1472 quod

294 1492 330 1554 iis
345 1501 460 1557 tantum
480 1497 594 1579 placere
620 1509 732 1581 potest,
754 1497 803 1579 qui
827 1514 963 1559 versuum
980 1513 1121 1559 nummos
1136 1495 1233 1576 digitis
1248 1494 1453 1576 potiusquam

294 1595 413 1659 auribus
433 1600 530 1663 metiri
551 1610 742 1665 consuerunt.
786 1601 883 1681 itque
902 1598 959 1662 boc
976 1597 1055 1661 idem
1079 1599 1170 1680 magia
1191 1597 1280 1660 etiam
1296 1596 1332 1658 do
1347 1615 1372 1657 v.
1390 1596 1454 1657 214

295 1697 405 1761 dictum
422 1702 495 1776 volo,
512 1721 571 1784 quo
587 1705 641 1767 lon
656 1701 828 1766 mulieribus
844 1702 880 1764 dc
899 1700 1037 1764 umbilico
1057 1700 1279 1779 quaerentibus,
1309 1715 1398 1780 quern
1422 1698 1455 1761 in

293 1802 405 1882 templo
420 1802 559 1884 Apollinis
575 1824 638 1868 esse
653 1804 815 1878 audierant,
829 1821 863 1866 re
877 1820 943 1867 uera
959 1821 1028 1865 eum
1043 1802 1083 1866 ibi
1095 1822 1159 1867 esse
1174 1801 1334 1885 respondet

494 1903 658 1987 στέμμασί
679 1899 710 1989 γ’
732 1900 871 1970 bomar·
897 1897 985 1990 ἀμφὶ
1007 1898 1045 1967 δὲ
1067 1897 1226 1989 yupyo'ssg.

295 2008 430 2070 Ceterum
450 2009 487 2071 de
508 2009 686 2072 umbilicos.
704 2000 1000 2093 dupoiqillelpbieo
1021 2008 1093 2071 satis
1112 2008 1222 2070 dietum
1243 2007 1337 2070 estin
1359 2006 1454 2068 schol.

293 2109 329 2171 ad
344 2109 460 2191 Prolog.
476 2130 504 2191 p.
522 2111 579 2185 473
601 2111 654 2175 sed
676 2128 821 2192 quaenam
842 2111 902 2173 siut
916 2111 992 2173 cirea
1007 2129 1076 2173 eum
1092 2127 1167 2191 quae
1182 2102 1335 2193 popydeag
1349 2109 1454 2171 dicun-

294 2220 352 2281 tur,
368 2212 492 2276 diidcilis
509 2220 555 2276 cst
570 2213 703 2294 quaestio
758 2214 970 2286 Hermannum,
986 2213 1104 2276 easdem
1117 2211 1262 2294 designari
1273 2211 1455 2293 opinantem,

294 2332 368 2396 (quac
388 2315 418 2377 iu
433 2314 552 2377 Pindari
572 2314 700 2395 quodam
722 2314 867 2379 versiculo
886 2315 963 2396 apud
986 2314 1160 2378 Pausaniam
1183 2314 1217 2388 X,
1239 2316 1258 2376 5
1280 2307 1457 2398 spipddsag

292 2417 483 2498 appellantur,
497 2433 553 2479 nce
566 2416 694 2480 diversas
709 2417 762 2505 bas
776 2416 813 2478 ab
824 2417 858 2480 iis
869 2436 943 2489 esse,
959 2435 1033 2498 quae
1048 2434 1063 2478 a
1079 2416 1225 2481 Strabone
1238 2415 1286 2487 lx,
1303 2415 1331 2488 3,
1347 2434 1376 2497 p.
1393 2414 1456 2477 419

294 2511 327 2581 αἱ
352 2510 476 2594 εἰκόνες
497 2514 555 2582 τοῦ
576 2513 689 2598 μύθου
711 2517 858 2590 dicuntur,
875 2519 987 2582 dudu-
1003 2518 1050 2582 alii
1064 2519 1241 2583 retuterunt.
1269 2517 1454 2600 llartungnm

292 2626 391 2683 nutem
407 2621 525 2683 endem
541 2620 593 2693 has
609 2612 746 2695 εἰκόνας,
762 2637 835 2700 quas
849 2620 911 2701 ipse
926 2621 1177 2686 columbarum
1191 2620 1282 2684 luisse
1294 2621 1343 2692 tit,
1360 2638 1454 2701 quum

292 2723 458 2804 aquilarum
472 2723 565 2785 luisse
579 2730 704 2794 constet,
719 2721 756 2784 ab
772 2722 910 2804 Euripide
925 2741 1005 2786 nunc
1019 2743 1073 2804 pro
1089 2724 1260 2805 Gorgonum
1277 2720 1454 2804 imaginibus

292 2824 407 2887 babitus
428 2842 492 2887 csse
513 2824 715 2897 hariolantenr,
736 2823 866 2886 refutare
880 2842 1129 2908 supervacaneum
1142 2835 1198 2887 ast.
1243 2823 1345 2905 Neque
1359 2825 1454 2904 magis

293 2927 511 2989 lldlsemaunus
527 2924 689 2987 audiendus
703 2933 758 2998 est,
774 2925 821 2988 cui
837 2923 990 3009 γαργόνες
1004 2926 1077 2989 nihil
1091 2926 1168 2990 aliud
1185 2925 1240 2989 nisi
1257 2926 1308 2999 „iu
1329 2925 1451 3007 parieti·

292 3029 346 3092 bus
358 3027 546 3092 circumcirca
558 3027 688 3090 sinuatae
700 3028 808 3109 figuram
820 3035 1012 3111 serpentum“
1024 3029 1228 3102 videaturaut
1240 3027 1452 3103 tolleman),

291 3131 342 3212 qui
357 3130 452 3194 nullas
464 3129 586 3193 omnmo
599 3129 705 3212 ligures
717 3131 836 3212 intelligi
846 3130 916 3203 vult,
932 3130 984 3193 sed
996 3147 1112 3193 sacrum
1124 3129 1272 3211 quenulam
1285 3128 1452 3203 horrorem,

292 3252 350 3315 quo
366 3232 615 3313 perfunderentur
636 3232 686 3313 qui
707 3231 827 3313 adytum
848 3231 971 3305 adirent,
995 3232 1106 3295 scilicet
1125 3238 1265 3313 tanquam
1281 3231 1453 3313 Gorgonum

290 3342 409 3417 aspectu
431 3333 566 3414 perculsi
612 3335 840 3397 Subtilissimaan
866 3342 964 3397 antem
990 3335 1034 3397 rei
1059 3333 1282 3416 explicationem
1304 3334 1362 3396 iam
1384 3341 1453 3395 aute

290 3438 402 3520 aliquot
425 3454 519 3500 anuos
539 3455 556 3499 a
579 3456 612 3499 se
632 3437 812 3519 propositam
833 3453 929 3518 nuper
944 3436 1119 3500 Wiesalerus
1139 3436 1296 3518 repetiitin
1311 3435 1453 3498 disserta-

290 3541 370 3603 tione
386 3541 422 3602 de
436 3539 586 3619 Omphala
602 3538 741 3619 lielphico
755 3543 761 3581 ¹
775 3543 813 3615 ¹),
831 3531 989 3621 yopydaug
1009 3538 1067 3600 boe
1088 3540 1151 3602 loco
1172 3556 1233 3602 uon
1251 3537 1383 3602 laudosa
1405 3538 1452 3600 illa

290 3650 423 3705 monstra
443 3660 508 3704 csse
530 3658 662 3713 consens,
683 3641 735 3703 sed
754 3639 828 3702 nibil
843 3640 899 3702 nisi
919 3646 981 3703 rete
997 3640 1146 3723 quoddam
1162 3659 1176 3702 s
1202 3640 1298 3703 velum
1312 3641 1453 3704 reticula·

290 3754 364 3819 tum,
386 3763 446 3826 quo
468 3743 625 3806 umbilicus
647 3742 886 3805 circumdaretur.
931 3742 1106 3805 Huiusmodi
1129 3742 1203 3805 retia
1223 3734 1355 3824 αἰγίδας
1374 3742 1453 3805 dicta

290 3866 354 3909 esse
369 3844 608 3926 Harpocrationis
623 3843 807 3924 aliorumque
820 3845 1081 3926 grammaticorum
1101 3844 1276 3907 testimoniis
1295 3845 1448 3926 probatur,

288 3967 441 4030 quumque
457 3946 617 4028 Hesychius
633 3953 663 4008 et
678 3946 806 4008 Zonaras
823 3944 980 4030 yopyo'rnc
1000 3965 1118 4030 quoque
1139 3939 1273 4026 αἰγίδας
1292 3947 1450 4029 appellatas

289 4071 353 4115 csse
367 4051 501 4123 doceant,
519 4067 580 4112 non
594 4046 710 4128 aegides
726 4048 811 4129 vulgo
827 4049 918 4113 dictas
934 4050 962 4110 h.
979 4070 1005 4114 e.
1021 4060 1104 4114 scuta
1125 4066 1192 4112 eum
1209 4049 1374 4130 dorganio,
1397 4049 1450 4112 sed

289 4152 392 4216 eadam
412 4152 458 4215 illa
479 4151 552 4215 retia
573 4147 757 4230 intelligenda
784 4168 864 4223 esse,
890 4150 958 4216 dcet
976 4170 1031 4234 pro
1058 4158 1137 4216 carto
1162 4151 1301 4214 affirmari
1323 4158 1452 4233 nequeat

302 4313 328 4320 ι.-
338 4310 494 4320 -..m-...mann-

362 4390 402 4453 to)
420 4384 515 4453 Ganga.
528 4386 608 4456 myth.
621 4404 644 4455 p.
656 4386 698 4439 ³⁰.

357 4474 398 4537 11)
416 4469 511 4525 Annali
523 4468 582 4526 tatt’
594 4471 677 4526 instit.
691 4470 717 4525 dl
729 4471 837 4538 corrlsp.
851 4470 961 4525 amboni.
975 4473 1024 4525 vol.
1038 4471 1163 4540 xxtxp
1179 4474 1226 4526 111
1239 4488 1292 4543 sqq.
