3154 5138
303 574 413 638 Latinis
428 574 590 639 inauditum
605 581 700 655 est2).
742 574 815 639 Nam
835 578 868 639 ln
882 577 958 650 hoc,
979 575 1016 639 de
1029 592 1089 657 qao
1104 573 1298 656 disputamus,
1312 573 1453 641 liemcule

302 676 368 739 loco
384 677 531 741 neminem
546 679 612 741 lore
626 677 811 754 confidimus,
826 679 898 761 quin
911 678 1065 759 intelligat,
1079 676 1153 742 haec
1170 675 1257 741 verba
1270 695 1312 739 ex
1325 679 1454 744 hosde-

304 778 385 855 mia,
409 799 448 843 ex
466 781 596 861 Lyceo,
624 801 640 843 e
660 781 860 862 puerilibus
882 781 1087 863 disciplinis
1107 798 1171 845 non
1189 780 1359 844 mmvemo
1374 782 1455 856 olet,

303 883 354 944 sed
370 902 438 945 curu
452 884 544 946 nihil
558 884 728 959 cohaerere,
754 892 788 947 ut
811 884 903 947 nihil
923 903 962 947 ex
985 884 1171 948 Academia
1190 884 1229 947 sit
1245 884 1264 946 i.
1286 901 1315 964 q.
1333 884 1407 947 nibil
1424 904 1456 947 er

302 984 457 1049 aleademls
470 986 618 1062 haustum,
634 986 802 1069 dicaturque
816 987 961 1069 Epicurus
975 994 1036 1050 tam
1050 1005 1154 1068 expers
1174 986 1272 1049 omnia
1288 985 1457 1048 eruditionis

208 1130 212 1137 -
302 1104 381 1160 esse,
395 1096 428 1150 ut
441 1088 514 1151 nllsll
528 1107 653 1171 prorsus
668 1090 757 1162 oleat,
773 1089 853 1171 quod
873 1109 909 1152 ex
923 1089 1092 1162 Academia,
1112 1109 1146 1151 ex
1166 1089 1277 1169 Lyceo,
1296 1087 1430 1169 adeoque
1443 1110 1458 1150 e

300 1188 461 1269 puerilibus
475 1190 637 1273 disciplinis
651 1192 820 1255 mussent
857 1192 922 1255 Uno
936 1192 1040 1255 verbo:
1054 1191 1144 1253 nihil
1158 1206 1220 1253 non
1235 1199 1285 1252 est
1296 1188 1457 1253 subiectum

298 1291 380 1353 verbi
400 1292 474 1357 olet
488 1295 539 1358 sod
559 1295 721 1369 obiectum,
735 1312 798 1357 non
813 1294 1024 1369 nominativus,
1040 1294 1094 1356 sed
1108 1291 1307 1367 aocumtlvua,
1323 1301 1358 1355 ut
1370 1292 1402 1354 ln
1415 1311 1459 1373 ep.

298 1392 336 1455 ad
351 1394 435 1457 httlc.
450 1395 486 1470 ll,
506 1397 531 1472 l,
545 1400 577 1458 l:
592 1397 672 1460 ideo
687 1397 776 1460 bene
791 1398 900 1472 olere,
916 1397 994 1479 quia
1009 1395 1100 1459 nihil
1115 1394 1273 1469 olebant,
1287 1395 1459 1458 videban-

301 1505 364 1560 tur.
409 1498 490 1573 Quae
504 1519 595 1582 quum
610 1500 649 1563 ita
663 1500 731 1576 siut,
745 1509 795 1564 aut
810 1500 951 1563 wanda
965 1501 1021 1563 luit
1033 1499 1118 1563 lectio
1132 1497 1255 1577 vulgata,
1270 1506 1337 1570 aut,
1352 1496 1379 1559 ai
1394 1499 1461 1579 qsrid

301 1597 485 1662 tribuendum
500 1600 646 1664 mderehsr
658 1601 694 1664 iis
710 1601 875 1673 wulsinus,
897 1602 946 1683 qul
961 1601 1070 1664 floret
1084 1599 1204 1673 habent,
1219 1599 1294 1663 hino
1306 1617 1371 1662 non
1387 1609 1461 1665 cade

299 1701 329 1762 ei
345 1701 429 1777 olet,
444 1703 496 1766 sed
510 1704 649 1767 redolet
662 1704 762 1786 potius
778 1702 973 1767 scribendum.

383 1804 405 1879 l,
421 1803 471 1877 30,
493 1803 533 1868 85
553 1804 748 1887 plurimomm
775 1804 910 1869 codicum
935 1806 1136 1868 auctoritatem
1162 1813 1285 1868 acerbas
1310 1804 1344 1867 in
1369 1804 1463 1885 prima

297 1904 426 1967 edilium
440 1905 617 1987 scripseram
632 1905 670 1981 id,
685 1906 763 1987 quod
779 1907 867 1969 etiam
878 1906 1021 1969 lllotaium
1036 1908 1168 1970 oeuulsae
1181 1907 1286 1970 rideo:
1308 1907 1340 1969 ai
1355 1907 1465 1986 igitur

297 2025 362 2069 nec
385 2007 538 2071 humano
564 2008 656 2082 visu,
681 2009 775 2089 quod
801 2008 917 2082 dooui,
943 2027 1007 2071 nec
1032 2009 1093 2072 tali
1120 2007 1259 2089 aliquo,
1281 2009 1381 2089 quod
1400 2008 1465 2071 tihi

296 2128 508 2189 persuasum
528 2118 596 2187 est,
615 2129 696 2175 nuuc
709 2119 807 2174 autem
821 2130 854 2174 re
867 2111 1030 2176 accuratius
1044 2128 1191 2192 perpensa
1212 2128 1285 2175 carm
1305 2111 1424 2175 harisio
1438 2122 1465 2173 et

294 2212 466 2276 Heindorllo
481 2215 616 2295 praetuli,
630 2215 710 2295 quod
726 2215 784 2278 duo
800 2215 903 2278 saltem
919 2214 1035 2277 codices
1049 2213 1203 2294 praebent:
1218 2231 1291 2276 uec
1311 2213 1384 2276 alio
1400 2212 1464 2275 ali·

244 2327 271 2377 11
296 2333 372 2396 quo.
416 2315 490 2378 Nam
510 2317 540 2379 in
559 2317 645 2380 altera
663 2317 788 2380 lectione
808 2316 989 2397 significatur
1006 2317 1101 2389 alsus,
1118 2314 1212 2396 qaselie
1227 2324 1279 2379 est
1293 2334 1418 2389 eorum,
1432 2316 1466 2378 de

295 2416 401 2497 quibus
426 2416 517 2479 modo
544 2418 654 2481 dietum
681 2426 756 2492 erat,
776 2418 861 2493 solla,
880 2418 980 2491 lunae,
1000 2418 1085 2492 caell3
1108 2416 1249 2498 Epicurei
1276 2428 1382 2482 autem
1405 2436 1466 2482 nou

294 2517 384 2580 modo
409 2518 494 2580 telem
520 2519 642 2583 deorum
664 2519 806 2600 speciem,
825 2520 877 2581 sed
897 2519 1019 2581 omnino
1039 2519 1122 2584 allam
1137 2518 1383 2603 qualemcunque
1402 2540 1467 2584 ease

292 2620 436 2700 negabam
450 2628 651 2703 praeterquam
667 2623 835 2685 humanam.
850 2656 893 2668 -
907 2622 953 2684 lle
975 2622 1051 2684 visu
1077 2640 1132 2703 pro
1164 2621 1296 2703 specle
1323 2624 1420 2698 dicto,
1438 2624 1468 2686 in

293 2740 351 2802 quo
366 2722 498 2786 lllotzlus
514 2724 643 2799 offendit,
658 2723 714 2786 vid.
730 2723 885 2787 Ruhnken.
901 2723 936 2786 ad
954 2723 1047 2787 Vellei.
1065 2724 1099 2797 ll,
1114 2725 1166 2796 94,
1182 2724 1213 2786 2.

375 2825 408 2887 lu
424 2826 529 2891 eodem
544 2827 651 2908 eapite,
668 2832 695 2903 b.
713 2827 767 2899 86,
781 2826 882 2909 utique
898 2827 1064 2908 recipienda
1083 2828 1138 2890 lalt
1157 2828 1297 2894 duorum
1322 2831 1469 2903 codicum,

292 2927 415 2991 fillencis
426 2936 455 2989 et
469 2928 564 2991 Onon.
576 2949 601 2991 e.
619 2929 777 3011 scriptura:
796 2929 938 2992 dublum
951 2937 1006 2991 est
1020 2929 1126 3005 enim,
1139 2937 1267 2995 utrum
1285 2934 1389 2997 dicat
1402 2933 1467 2998 ali·

291 3029 373 3111 quid
400 3048 479 3092 esee
504 3030 658 3105 beatum,
684 3051 726 3094 an
753 3034 782 3093 ei
803 3032 895 3112 quod
914 3032 968 3095 sit„
1014 3031 1183 3096 Pronomae
1198 3033 1296 3112 iste,
1313 3038 1399 3119 quod
1414 3054 1469 3118 pro

290 3132 432 3196 infinitivo
458 3152 537 3196 esse
555 3154 571 3196 a
590 3133 704 3196 Klotzio
725 3133 869 3216 seriptum
889 3144 948 3208 ast,
969 3136 1103 3216 quamvis
1122 3136 1300 3201 multorum
1330 3141 1470 3204 codierrm

289 3251 438 3298 consensu
452 3236 683 3308 commendetur,
697 3243 775 3298 certe
788 3254 1033 3317 supervacaneum
1049 3256 1116 3300 ease
1128 3238 1293 3304 latendum
1309 3251 1375 3320 eet3
1390 3244 1471 3306 lbum

288 3336 462 3401 infinitivum
478 3349 580 3403 contra
594 3358 643 3402 nea
658 3339 722 3420 ipsa
737 3347 767 3402 et
780 3339 925 3403 sententia
939 3339 1057 3420 hamtab.
1084 3340 1160 3403 Nam
1173 3340 1403 3424 hypotheticae
1416 3362 1473 3425 po·

288 3439 387 3502 ultioni
403 3440 541 3523 siquod
557 3441 618 3516 ait,
634 3442 683 3504 ubl
698 3443 842 3506 lncenum
857 3451 910 3516 est,
926 3441 1002 3505 sitne
1016 3460 1053 3505 an
1068 3461 1130 3506 non
1146 3443 1195 3518 sit,
1212 3448 1401 3512 necessario
1418 3466 1473 3528 op·

286 3541 383 3621 posita
398 3561 466 3606 esse
481 3542 567 3606 debet
580 3544 750 3618 affirmatio,
766 3564 844 3607 esse
857 3564 890 3607 re
904 3564 970 3608 vera
984 3545 1090 3627 aliquid
1106 3545 1275 3612 eiusmodi.

371 3644 392 3721 l,
408 3644 457 3719 36,
475 3646 535 3708 100
551 3645 678 3709 defendit
695 3646 823 3710 Klotzius
844 3647 979 3710 codicum
1001 3647 1194 3729 scripturam:
1227 3652 1296 3731 qul
1328 3651 1473 3716 etiamsi

355 3873 379 3938 2)
398 3872 577 3943 Nonnunquam
591 3874 679 3926 olere
693 3891 747 3927 oum
759 3875 883 3939 ablativo,
898 3876 941 3926 aad
961 3874 1014 3926 sine
1027 3875 1232 3944 praepositione,
1247 3882 1374 3933 construi
1389 3888 1473 3933 eous·

285 3965 333 4009 ess.
370 3959 421 4010 Sed
433 3959 454 4010 is
465 3959 591 4012 ablativus
603 3961 641 4011 sic
652 3962 748 4011 denaus
760 3967 908 4028 neomutus,
925 3960 946 4010 ai
963 3975 1012 4027 qua
1028 3975 1070 4012 res
1086 3961 1161 4013 alteas·
1181 3966 1267 4031 quasi
1281 3968 1406 4021 admixta
1417 3982 1474 4020 esse

284 4034 411 4107 cogitatur
422 4060 525 4114 eamque
538 4047 645 4098 olentem
657 4046 769 4097 officere.
788 4046 932 4114 Eodemque
941 4047 1013 4098 medo
1025 4047 1100 4099 etism
1113 4047 1239 4112 irascare
1254 4070 1318 4107 cun
1331 4054 1392 4104 solo
1404 4052 1473 4105 slsls·

284 4129 336 4179 tivo
354 4131 522 4195 contraitur,
538 4130 683 4182 utSaetoa.
701 4129 777 4197 Veap.
800 4146 822 4181 c.
845 4131 875 4181 8.·
895 4131 1083 4183 adolescens
1103 4131 1273 4196 resersus
1298 4146 1473 4206 unguento.

284 4213 333 4265 Sed
354 4230 390 4266 ex
412 4223 571 4280 unguento
592 4215 738 4280 fragrare
758 4223 803 4267 aut
818 4217 905 4267 olere
929 4233 976 4266 uon
995 4217 1238 4286 maglsdicisolet,
1260 4240 1391 4292 φησι
1406 4227 1473 4277 hiero

283 4298 361 4365 olere,
375 4306 401 4350 et
413 4316 444 4350 ue
456 4300 525 4351 hirco
538 4299 635 4366 quidem
647 4300 727 4365 olere,
740 4317 788 4351 noc
802 4302 879 4367 magis
892 4318 963 4369 quam
976 4301 1123 4367 Academia,
1140 4310 1190 4355 sut
1207 4308 1324 4379 militia,
1338 4311 1472 4366 subdisti-

283 4382 356 4450 pliula
366 4382 503 4450 puerilibus
514 4384 592 4436 olere.
