3284 5152
682 464 831 566 ..¹3¹-

177 647 275 738 οῗπορ
296 656 359 719 suit
381 656 468 719 rerba
488 651 607 735 μέτρον
624 647 707 741 ἥβης
728 643 827 735 editt,
846 672 908 717 neu
927 663 1028 719 autera
1046 647 1166 719 redde
1183 670 1281 737 neque
1295 643 1337 718 ὄν

176 758 455 840 subintelligendum
477 774 556 834 osse,
577 759 687 839 qnippe
706 775 781 840 quae
801 758 889 822 rerba
903 757 940 820 ad
954 758 1099 839 apoduein
1111 766 1229 821 tantum
1243 758 1336 839 perti·

175 869 295 936 nerent,
314 868 349 924 ut
369 862 453 942 piena
472 863 567 925 oratio
586 863 659 925 base
677 861 769 924 ieret:
792 852 889 943 αἴπερ
907 855 1027 942 μέτρον
1044 854 1130 947 ἥβης
1157 848 1256 939 siper,
1278 854 1335 922 oui

174 954 296 1026 sudreie
308 953 349 1025 dv
364 952 457 1042 εἶχεν.
486 964 589 1026 bierito
604 965 658 1026 bes
672 963 800 1044 rmntios
811 962 920 1044 sprevit
931 962 1114 1045 Harmnpre:
1130 962 1225 1026 miror
1234 968 1336 1026 sutem

175 1066 255 1148 qnod
269 1067 332 1147 ipse
345 1066 463 1148 seripsit
476 1060 532 1128 nod
551 1056 670 1129 ταύτὸν
690 1060 781 1151 ἥβης,
804 1056 902 1145 εἴπερ
917 1055 999 1141 ἔστ’,
1023 1056 1091 1143 ἔχει
1105 1059 1231 1145 μέτρον,
1245 1065 1337 1128 adso-

175 1184 234 1250 que
253 1182 292 1229 ne
312 1168 382 1231 terri
397 1168 516 1249 quidem
530 1186 619 1250 posse
634 1158 730 1249 οἵπερ
745 1153 785 1250 ἦν
799 1165 938 1241 atdrrnet,
962 1166 1071 1248 qrdppa
1086 1167 1166 1249 quod
1181 1182 1336 1248 nunquam

176 1270 338 1352 significare
358 1271 453 1351 possit
471 1272 500 1333 si
520 1276 743 1353 superesset
763 1272 877 1345 (menn
899 1287 938 1335 er
957 1274 1072 1348 utre).
1108 1270 1225 1333 Soiiioet
1244 1269 1337 1333 eenri-

175 1373 262 1454 gendi
280 1374 413 1436 stadium
432 1378 586 1455 tantopere
605 1388 819 1453 nonnunquam
839 1372 970 1434 virorum
993 1370 1081 1435 etiam
1097 1372 1338 1437 domimimornrn

176 1482 307 1537 mentem
328 1475 495 1550 obnubilat,
516 1485 551 1538 ut
569 1476 613 1538 vei
631 1476 855 1538 notissimarum
868 1492 970 1538 rernm
984 1475 1177 1538 immemores
1192 1474 1271 1539 flent
1300 1472 1339 1537 iit

177 1596 236 1658 quo
257 1578 350 1658 megia
370 1578 503 1651 arbans,
523 1578 692 1659 lienungns
712 1594 814 1640 seeum
834 1576 896 1659 ipse
910 1586 1037 1659 pugnat,
1060 1596 1154 1659 quun
1168 1580 1200 1640 in
1213 1595 1337 1641 eomu-

177 1680 262 1743 siene
275 1680 430 1742 rmnaeuia
443 1681 610 1762 scripserit:
631 1680 679 1743 Er
694 1681 813 1753 bttts,
835 1678 918 1750 lebt’
934 1698 989 1752 er,
1011 1679 1339 1762 gieiebeniiiters-

176 1783 266 1863 grad
281 1782 349 1844 mit
361 1782 425 1845 dir.

264 1884 305 1947 De
331 1885 533 1967 proximorum
564 1903 702 1951 rmsnnrn
722 1885 929 1948 distributione
948 1885 1113 1967 ambigitur.
1149 1885 1225 1950 Nam
1245 1901 1340 1966 quum

180 1988 265 2068 trigo
281 2006 308 2049 r.
325 1987 389 2051 369

395 2082 509 2154 ἀδικοῖ
528 2110 578 2153 nv
601 2084 620 2152 d
642 2083 733 2167 θοός,
755 2084 777 2175 ἡ
798 2093 940 2156 τεκοῦσα
961 2083 995 2153 δ’
1018 2083 1126 2157 ἀθλία

180 2192 245 2255 ioui
259 2193 414 2267 tribuatur,
428 2210 558 2276 eamque
572 2193 698 2276 excipiat
712 2195 838 2258 &nusae
852 2212 954 2259 tersus

404 2287 522 2361 niseus
543 2289 592 2360 ἔτ’
614 2288 713 2361 ditm
733 2291 869 2381 busaeus
888 2298 993 2362 steen
1015 2293 1118 2380 γόνον,

184 2397 370 2462 Ηοοοιοοοοο
384 2399 442 2463 bos
456 2418 557 2463 rerum
572 2402 767 2483 transposuit,
788 2402 868 2465 buno
882 2401 1007 2463 alteram
1023 2401 1087 2464 iuni
1101 2400 1247 2472 tribuens,
1268 2397 1342 2460 ntis

181 2499 351 2582 interroget,
363 2518 462 2565 nonne
473 2502 563 2565 alium
574 2510 680 2583 postea
688 2510 807 2584 psrtnrn
818 2503 865 2565 dis
876 2503 982 2565 mulier
991 2503 1123 2577 ediderit,
1137 2503 1231 2566 altero
1240 2508 1343 2562 rme·

182 2618 284 2677 tarsa,
305 2604 339 2665 in
355 2620 417 2686 qao
434 2596 472 2667 οὗ
491 2605 634 2668 τεκοῦσα
654 2624 709 2687 pro
723 2598 743 2688 ἡ
757 2601 900 2668 omniun
914 2606 1005 2669 soribi
1017 2607 1092 2681 vonit,
1113 2602 1222 2668 dream
1235 2604 1265 2666 id
1280 2617 1343 2665 nun

182 2705 294 2797 iactum
316 2724 382 2768 esse
399 2707 587 2788 respondeat.
617 2707 688 2770 biibi
707 2708 838 2780 isordo,
859 2722 948 2790 quem
964 2710 1080 2772 oodiees
1094 2707 1218 2781 babent,
1232 2704 1343 2768 servmi

62 2872 66 2879 ,
184 2824 273 2889 posse
286 2808 408 2872 uidetur.
438 2809 512 2871 Nam
527 2810 606 2891 qnod
620 2810 809 2873 dermannus
823 2809 877 2885 ait,
899 2826 962 2873 nos
976 2811 1112 2874 debuisse
1125 2809 1241 2885 ionem,
1255 2809 1281 2872 si
1295 2809 1343 2876 dm·

184 2909 356 2973 iniustitiam
383 2911 548 2992 uituperare
573 2912 671 2986 rediet,
698 2912 734 2973 ad
759 2919 909 2995 aeeeptam
927 2915 1018 2976 modo
1038 2912 1141 2976 aetatis
1159 2912 1343 2975 mundonem

183 3012 372 3095 respondere,
389 3013 498 3096 quippo
512 3030 587 3096 qnae
601 3015 675 3078 nihii
688 3016 724 3077 ad
738 3014 807 3078 danti
822 3014 1003 3096 imquitatem
1017 3014 1172 3097 pertineat,
1187 3013 1245 3076 bne
1255 3030 1344 3095 argu-

186 3122 321 3178 mentum
341 3115 384 3179 sio
401 3123 518 3180 tautum
539 3119 661 3191 unieret,
682 3117 929 3181 sitantnmrnode
945 3119 981 3181 de
995 3123 1107 3191 aetate,
1127 3116 1292 3179 nonedam
1306 3116 1344 3179 ds

185 3217 306 3281 interitu
325 3220 408 3300 pueri
428 3236 522 3301 quanm
541 3238 558 3282 a
574 3220 682 3284 Creusa
702 3224 741 3298 (a.
762 3218 824 3283 368
845 3211 942 3304 si‘saap
960 3208 1026 3304 ἦν),
1044 3226 1110 3284 tum
1130 3218 1168 3282 ab
1189 3217 1344 3299 psoium

187 3321 228 3399 (r.
244 3320 306 3383 ddi
321 3314 616 3407 διαπεπραγμένῳ)
631 3323 744 3384 dietum
758 3331 847 3385 esset.
877 3318 962 3385 Nune
975 3323 1066 3404 igitur
1078 3318 1115 3385 de
1129 3321 1252 3383 interitu
1263 3321 1344 3402 eogi-

186 3429 252 3484 tans
268 3440 329 3484 neu
344 3440 414 3485 saue
429 3424 528 3506 inepte
544 3426 596 3487 ion
612 3424 658 3487 dei
673 3424 875 3505 iniquitatem,
897 3425 948 3506 qui
962 3440 1089 3506 puerum
1103 3423 1224 3486 interire
1240 3441 1343 3504 passus

185 3523 233 3595 sit,
248 3533 373 3586 eoenset.
399 3517 546 3588 udrnetr
557 3528 648 3600 enirn,
663 3527 808 3608 praesenti
822 3533 967 3608 tempore,
983 3543 1045 3589 non
1059 3527 1097 3588 de
1109 3527 1146 3588 iie
1160 3526 1257 3588 solum
1272 3525 1343 3587 dioi-

186 3631 244 3696 tm,
260 3626 310 3707 qni
326 3626 382 3688 boo
396 3628 462 3708 ipso
476 3637 610 3711 tompore
625 3629 762 3692 iniuriam
777 3629 897 3701 iao'rnnt,
913 3629 965 3692 sod
978 3637 1025 3692 eet
1038 3628 1251 3712 saepenumero
1265 3627 1344 3690 idern

186 3726 267 3807 quod
290 3716 411 3790 dieser
431 3717 532 3804 εἶναι,
552 3738 587 3795 nt
607 3733 702 3814 possit
720 3750 775 3813 pso
795 3748 831 3794 eo
851 3731 939 3795 atium
955 3723 1161 3817 ἠδικηκέναι,
1183 3723 1345 3814 ἀδικῆσαι

185 3828 258 3904 diei,
284 3829 313 3891 id
333 3830 414 3911 qtred
433 3831 584 3895 Heindorf.
606 3841 636 3895 et
658 3833 772 3896 Bonits.
792 3832 828 3895 ud
848 3832 923 3897 Pus.
942 3834 1056 3915 Protag.
1076 3839 1094 3910 b
1110 3835 1139 3898 4.
1159 3833 1280 3914 imper.
1309 3831 1345 3894 ad

185 3932 305 4014 Dionys.
319 3932 380 3996 ilai.
396 3933 563 4016 historiogr.
577 3956 606 4016 p.
620 3935 681 3998 304
696 3936 803 4018 aliique
817 3937 903 3999 multi
914 3935 1116 4001 observarunt
1145 3932 1242 3999 biiruts
1256 3935 1346 3997 etiam

185 4034 222 4097 de
236 4035 329 4099 aitero
345 4050 433 4098 versu
447 4038 591 4100 assentior
602 4037 782 4110 Hermanno,
799 4055 891 4118 quum
907 4043 1008 4119 uptum
1023 4058 1090 4103 esse
1103 4046 1191 4119 negat
1201 4038 1244 4100 sio
1255 4038 1347 4099 Creu-

185 4152 249 4199 sam
264 4138 354 4220 ioqai,
370 4154 447 4220 quae
460 4156 523 4203 non
537 4146 598 4203 tam
613 4157 720 4203 noram
734 4139 868 4221 prolem,
884 4156 973 4221 mlum
988 4156 1077 4224 quem
1092 4139 1240 4224 pepererit
1253 4140 1347 4202 filiunt

186 4246 315 4319 quaem.
345 4241 466 4315 Quaerit
485 4259 573 4318 senet
593 4242 645 4307 sed
665 4259 727 4307 non
747 4242 846 4305 minus
866 4242 955 4305 etiam
969 4260 1076 4306 noram
1091 4243 1206 4325 prolem
1218 4248 1347 4324 exoptat,

185 4356 266 4404 numo
278 4349 393 4415 eutem,
408 4344 444 4409 de
458 4343 553 4409 ambs
566 4363 621 4409 sue
634 4344 770 4427 benene,
783 4350 896 4409 sortem
910 4344 974 4409 eius
987 4350 1071 4409 tantu
1084 4346 1270 4411 miseriorem
1284 4362 1350 4407 esse

185 4445 240 4520 ait,
263 4446 343 4526 quod
364 4464 401 4509 ne
423 4446 479 4511 aiio
500 4445 619 4529 quidem
642 4463 735 4529 puero
754 4454 823 4530 post
844 4446 952 4530 prioris
970 4445 1124 4511 interitum
1137 4445 1216 4510 odito
1231 4445 1350 4528 ebuuod

1106 4543 1148 4607 0*
