3222 5148
617 499 767 598 „39⁵-

109 694 236 758 Graeeos
251 685 374 766 ἐκεῖνος
396 691 508 753 factum
529 698 575 753 est
594 709 630 753 ex
650 690 773 767 κεῖνος,
793 684 875 770 ἐμοῦ
902 681 979 767 ἐμοί
998 680 1058 769 ἐμέ
1078 707 1114 753 ex
1128 686 1194 770 μοῦ
1213 686 1272 770 poi

109 790 160 882 ped,
174 804 204 859 et
218 795 249 857 in
264 795 474 857 hodiernorum
490 793 671 857 Graecorum
685 810 824 857 sermone
839 792 929 854 etiam
946 780 1015 863 tad,
1039 783 1135 852 dodra
1158 810 1212 873 pro
1237 808 1279 854 συ

112 906 140 960 et
154 893 203 976 σε’,
225 892 340 962 dronae
354 915 409 977 pro
425 893 523 958 τοῦτο
539 897 676 959 dicuntur
687 899 696 936 ¹
706 898 736 972 4)
752 896 830 977 apud
847 893 974 956 Umbros
988 900 1019 955 et
1033 893 1126 955 Oscos
1141 901 1271 956 etanta

111 1019 164 1082 pro
175 1008 278 1062 tanto
286 1005 296 1040 ¹
305 1001 344 1075 5),
356 999 434 1079 apud
445 1000 558 1079 priseos
569 998 689 1061 Latinos
700 1016 743 1060 en
752 1016 791 1059 os
802 1015 856 1077 pro
868 1012 938 1057 nos
950 996 991 1073 (in
1004 996 1134 1058 earmina
1144 996 1271 1058 fratrum

110 1103 271 1181 annalium),
286 1103 422 1175 fortasse,
439 1102 527 1163 etiam
543 1102 639 1164 enim
654 1120 695 1163 er
708 1101 843 1177 nam¹⁶)
856 1107 895 1172 et,
911 1098 990 1179 quod
1003 1099 1075 1161 mihi
1087 1099 1134 1160 rix
1145 1098 1269 1160 dubium

112 1223 175 1266 esse
191 1204 314 1277 ridetur,
330 1212 403 1278 ete,
424 1203 511 1277 unde,
533 1203 646 1266 abiecta
660 1205 750 1266 altera
765 1202 864 1274 vocali,
881 1209 915 1264 et
929 1202 1029 1274 evasit,
1045 1220 1082 1262 ex
1097 1208 1131 1263 te
1146 1200 1272 1264 demon·

113 1308 243 1380 sustivo,
259 1305 515 1387 quemadmodum
531 1308 620 1370 etiam
636 1324 772 1386 graecum
789 1298 840 1367 ἔτι
853 1322 915 1366 non
929 1305 1046 1366 aliunde
1060 1302 1116 1365 nisi
1127 1322 1164 1364 ex
1175 1324 1208 1364 τι
1220 1302 1273 1364 de·

116 1410 309 1472 monstrativo
324 1427 392 1471 eum
408 1405 603 1488 &prothetioo
619 1414 718 1471 ortum
734 1426 797 1468 esse
812 1407 951 1486 puto¹⁷>.
983 1406 1014 1467 in
1030 1424 1112 1469 enee
1127 1414 1226 1468 autem
1240 1412 1275 1467 nt

114 1511 334 1594 pronuntiando
361 1510 561 1592 geminaretur
587 1511 741 1591 gutturalis
762 1508 876 1581 littera,
900 1509 1012 1573 fantum
1034 1510 1163 1571 estsine
1183 1506 1274 1570 dubio

114 1621 237 1695 propter
250 1613 308 1674 rim
324 1622 470 1674 aeeentus.
486 1645 529 1658 -
542 1611 662 1674 Abieeta
676 1630 745 1674 vero
761 1611 854 1674 vocali
868 1611 1031 1692 posteriore
1045 1629 1082 1672 ex
1093 1629 1154 1672 eoe
1163 1610 1275 1675 iactum

114 1724 225 1789 estse,
240 1733 302 1777 non
316 1716 374 1778 iam
390 1714 620 1777 demonstrativa
635 1715 686 1776 sed
703 1714 854 1776 indefinita
866 1714 1075 1794 significatione
1087 1721 1274 1794 usurpatum,

115 1836 189 1899 quae
203 1817 375 1896 significatio
391 1835 450 1898 quo
466 1817 558 1879 modo
573 1836 608 1879 er
620 1816 846 1879 demonstrativa
858 1817 975 1897 prodire
986 1815 1124 1898 potuerit,
1140 1815 1171 1877 in
1182 1815 1277 1896 eapite

114 1920 210 2001 primo
225 1920 331 1980 harum
346 1920 554 2000 quaestionum
568 1938 597 2001 p.
613 1918 685 1981 269.
701 1921 877 2000 explicatum
892 1927 945 1982 est
956 1921 993 1979 *d
1012 1919 1158 1999 plerisque
1177 1926 1279 1981 tamen

117 2022 153 2083 de
167 2021 232 2101 ipso
247 2020 296 2082 iiio
312 2038 350 2081 ee
364 2021 491 2083 dubitari
507 2021 601 2097 video,
623 2020 702 2102 quod
717 2039 811 2101 quum
825 2039 973 2102 nusquam
987 2039 1041 2101 per
1055 2040 1088 2083 se
1102 2020 1209 2093 solum,
1225 2019 1276 2083 sed

115 2121 315 2203 compositum
329 2140 447 2203 semper
460 2141 530 2185 eum
545 2122 607 2184 aliis
623 2122 798 2198 inveniatur,
813 2124 890 2186 utin
904 2124 1049 2205 eequis,
1065 2123 1276 2206 sequendo,

116 2226 239 2288 fuerunt
260 2225 310 2307 qui
331 2226 457 2308 primam
478 2224 587 2288 horum
609 2226 840 2306 compositorum
862 2234 978 2308 partem
999 2206 1136 2307 primitus
1157 2242 1219 2287 non
1238 2243 1279 2287 ee

117 2328 172 2390 sed
193 2344 237 2390 en
257 2325 350 2388 fuisse
369 2325 490 2398 vellent,
512 2326 595 2389 euius
614 2327 710 2389 littera
725 2327 831 2391 nasaiis
846 2337 915 2391 ante
929 2330 1108 2410 gutturaiem
1124 2325 1278 2408 gutturalis

118 2440 148 2493 et
172 2431 235 2511 ipsa
253 2431 331 2493 faeta
351 2429 398 2490 sit.
433 2429 531 2492 Etiam
550 2438 684 2494 veterum
704 2432 980 2511 grammaticorum,
1006 2431 1112 2494 sinon
1132 2430 1278 2503 omnium,

117 2532 330 2595 nonnullorum
344 2539 425 2593 oerte
438 2531 514 2594 hane
529 2532 698 2613 opinionem
714 2534 805 2597 fuisse
820 2552 881 2597 non
892 2534 1067 2617 ignoro¹⁸);
1081 2534 1164 2616 atqui
1175 2540 1279 2597 eontra

191 2701 233 2767 14)
250 2701 309 2754 Vid.
323 2697 441 2764 Mullaoh,
453 2715 556 2765 gramm.
570 2718 609 2766 gr.
621 2702 690 2768 vulg.
703 2720 726 2770 p.
740 2702 788 2754 182
801 2711 827 2754 et
840 2702 898 2756 194.

197 2789 238 2854 15)
259 2784 296 2837 Ci.
309 2784 455 2837 Mommsen.
468 2786 498 2836 de
509 2785 567 2836 dial.
581 2784 636 2838 lul.
650 2804 674 2854 p.
687 2787 745 2839 258.

194 2872 234 2936 ld)
252 2870 290 2923 Ci.
306 2877 391 2922 nmen
407 2886 470 2939 quse
487 2872 543 2922 dini
559 2873 589 2923 de
606 2880 684 2940 partt.
702 2889 740 2926 or.
757 2888 782 2940 p.
799 2874 856 2926 197.
872 2889 930 2927 euru
945 2874 1052 2926 addend.
1068 2891 1093 2941 p.
1109 2874 1168 2928 239.
1196 2873 1278 2927 num

120 2959 261 3026 squidem
274 2956 310 3009 ibi
322 2958 522 3020 commemoravi,
535 2960 599 3025 qnod
612 2959 671 3026 quin
680 2958 746 3011 falso
755 2959 829 3013 multi
837 2975 870 3011 ex
882 2975 937 3026 ego
949 2960 1069 3028 quidem
1081 2964 1215 3012 enodatum
1225 2975 1283 3011 ssss

122 3043 278 3095 erediderint
289 3042 363 3094 hodie
377 3044 422 3094 vix
434 3045 562 3110 quisquam
573 3044 682 3097 dubitat.
705 3043 742 3096 Cf.
755 3046 815 3097 ibid.
827 3063 851 3115 p.
866 3045 923 3098 188.

193 3129 233 3192 17)
251 3127 291 3178 Ex
309 3128 396 3179 eadem
408 3129 489 3194 stirpe
501 3144 574 3195 qnam
586 3129 618 3180 ob
631 3145 731 3181 eausam
743 3131 819 3181 etiam
831 3147 873 3191 τις
884 3131 1040 3184 indefinitum
1051 3130 1214 3199 repetendum
1225 3144 1283 3181 esu-

124 3229 207 3280 seam,
225 3221 311 3279 spreta
328 3228 415 3265 eorum
431 3214 542 3281 ratione,
559 3214 602 3281 qui
617 3216 743 3267 dentatam
759 3231 774 3266 e
791 3216 916 3282 guttursli
928 3218 1042 3269 evasisse
1054 3217 1202 3286 opinantur,
1219 3216 1283 3267 satis

122 3301 219 3352 diserto
236 3314 276 3351 me
292 3299 440 3365 exposuisse
455 3299 572 3366 putabam
589 3315 643 3365 esp.
663 3300 685 3351 l.
710 3301 757 3351 Sed
771 3315 830 3351 eece
843 3302 1017 3353 adversarium
1029 3310 1117 3353 nactus
1130 3317 1184 3354 sum
1197 3302 1283 3354 neseio

122 3400 208 3453 quarm
226 3384 268 3451 qui
285 3385 310 3434 in
327 3385 411 3435 sshed.
429 3383 534 3436 eentrsl.
553 3383 653 3448 (Litter.
671 3385 850 3449 Gsutrslblatt)
870 3386 934 3438 1865
951 3402 975 3452 p.
990 3387 1041 3439 478
1053 3389 1233 3440 admonendum
1244 3403 1284 3439 ms

122 3470 225 3538 putavit
242 3469 380 3521 numeralis
397 3470 502 3521 nominis
519 3471 665 3539 τέσσαρες,
682 3470 708 3521 ἰιι
725 3486 773 3537 qno
786 3471 946 3523 manifestum
962 3473 998 3523 sit
1014 3473 1124 3524 eiusdem
1137 3473 1284 3525 mutationis

124 3555 276 3618 exemplum.
302 3555 380 3617 Saum
397 3562 423 3606 st
440 3561 542 3622 potarat
558 3555 634 3606 etism
651 3555 759 3607 altarum
777 3557 906 3608 numenls
922 3556 1023 3608 πέντε
1040 3556 1176 3624 quinque
1192 3559 1285 3613 addere

123 3639 200 3692 Talis
207 3638 320 3706 proiseto
330 3655 378 3689 non
388 3640 531 3692 meminisse
541 3656 613 3708 qnam
623 3639 996 3701 neminissediideiliusiusrit3
1006 3642 1050 3692 sad
1057 3641 1115 3707 quid
1120 3641 1159 3692 dis
1164 3643 1284 3707 exemplis

125 3732 216 3775 eontra
228 3737 267 3773 me
278 3723 379 3790 probari
391 3726 482 3792 possit,
494 3743 542 3778 non
554 3727 677 3793 intelligo.
693 3725 780 3793 Neque
792 3727 858 3777 euim
867 3743 914 3792 ego
924 3726 1014 3790 negari
1024 3725 1099 3775 istum
1108 3726 1243 3778 transitum
1252 3742 1286 3779 ex

124 3808 251 3876 guttursii
260 3810 284 3859 in
295 3810 419 3860 dantulsm
429 3810 485 3861 fleri
493 3814 606 3879 potuisse
616 3822 641 3866 et
651 3812 788 3880 aliquoties
796 3810 891 3864 iactum
900 3826 970 3873 ssse;
981 3810 1025 3862 sed
1033 3811 1081 3861 hoo
1090 3818 1186 3862 mutum
1196 3813 1286 3878 negavi
1382 3876 1385 3885 Ι

123 3897 203 3948 nlhm
214 3895 278 3946 satis
288 3909 392 3959 gravem
402 3910 501 3947 eausam
512 3913 576 3963 osse,
586 3915 632 3950 eur
641 3914 696 3949 sun
705 3898 780 3949 etiam
791 3898 816 3949 iu
825 3897 971 3964 pronomine
979 3894 1024 3947 ilio
1034 3893 1127 3947 fautum
1137 3911 1195 3949 ssss
1203 3904 1287 3949 statu·

124 3996 205 4043 amns,
214 3980 335 4047 siquidem
347 3979 455 4031 alterum
465 3982 519 4032 eius
529 3985 669 4049 exemplum
679 3984 704 4033 in
716 3984 886 4048 pronominum
893 3983 991 4049 quidem
1001 3990 1075 4049 parts
1084 3980 1232 4047 nullusnest,
1241 3999 1287 4035 nso

124 4067 206 4118 lisera
218 4074 287 4131 puto,
300 4066 366 4133 quod
380 4067 404 4117 in
417 4065 474 4117 aliis
487 4067 667 4118 vocabulorum
679 4069 814 4132 gonoribus
827 4067 932 4119 subinde
944 4066 1037 4118 factum
1048 4067 1090 4131 sit,
1103 4067 1179 4119 stiam
1190 4069 1221 4119 sd
1232 4066 1285 4131 ilis,

125 4165 190 4221 quas
203 4153 276 4217 pisus
288 4152 328 4203 sui
340 4152 441 4218 generis
454 4159 520 4216 sunt,
533 4151 587 4202 sins
600 4152 689 4203 idonea
701 4169 776 4205 sauss
788 4151 938 4204 transferre.
957 4151 1074 4204 Ceterum
1088 4152 1119 4202 de
1128 4150 1288 4210 ressonisrri

125 4234 205 4288 velim
223 4239 298 4288 etiam
317 4254 361 4303 ea,
378 4254 441 4306 quae
453 4238 513 4289 olim
525 4252 541 4288 a
551 4252 591 4288 me
603 4238 731 4302 disputata
743 4247 802 4290 suut
813 4239 838 4289 in
851 4237 953 4290 Hoeieri
965 4236 1077 4307 sylloge,
1093 4237 1216 4288 Zeitsehr.
1230 4236 1248 4288 i.
1261 4236 1285 4289 d.

126 4320 212 4374 Wiss.
224 4323 249 4373 d.
262 4322 379 4389 Spraehe,
397 4322 415 4375 1.
427 4340 450 4390 p.
463 4323 521 4382 241.
535 4323 624 4390 quibus
637 4321 769 4386 Tofflerns,
782 4324 824 4373 vir
836 4312 891 4375 sani
903 4323 998 4387 iudicii,
1011 4338 1039 4374 ss
1051 4323 1170 4374 assentiri
1182 4322 1287 4387 prodts·

126 4417 173 4462 tur
190 4408 215 4458 in
234 4409 334 4477 sylloge
348 4408 481 4461 iiuhniaus
493 4408 546 4462 vn.
559 4425 582 4475 p.
595 4409 653 4461 ³75.
679 4408 741 4460 Ado.
754 4410 830 4460 etism
842 4425 905 4476 quas
918 4408 972 4459 dixi
983 4410 1014 4459 da
1026 4414 1103 4473 partt.
1115 4417 1180 4460 orat.
1194 4424 1216 4473 p.
1231 4407 1290 4461 10³.

202 4494 241 4559 18)
262 4495 320 4548 Vid.
334 4494 490 4548 Prisciani.
502 4495 545 4548 40.
557 4510 581 4561 p.
594 4495 652 4547 556.
664 4492 766 4547 Putsoh.
778 4495 809 4546 31
823 4494 911 4546 ider-ts.
924 4502 951 4546 st
962 4493 1107 4546 Csssiodor.
1118 4511 1143 4563 p.
1156 4493 1233 4545 nate.

180 4576 229 4640 tv.
1046 4577 1087 4640 20
