3290 5142
892 436 913 499 2

320 626 399 690 lecto
419 644 488 690 cum
509 625 558 690 illo
579 644 737 690 eommune
756 625 829 702 luit,
849 634 884 690 ut
904 628 940 690 de
961 627 1037 708 regis
1051 641 1175 688 munere
1190 634 1279 707 atque
1294 625 1391 689 officio
1406 633 1485 689 reete

321 730 444 794 sentiret
456 730 544 810 idque
559 747 621 791 non
636 729 770 792 studeret
784 729 881 792 solum
894 730 1026 811 implere,
1041 728 1196 792 sedetiam
1208 729 1323 811 reipsa,
1340 736 1484 810 quantum

321 832 442 913 quidem
456 833 604 895 humanae
619 841 741 896 naturae
756 832 864 895 modus
879 833 998 913 patitur,
1013 833 1152 914 implesse
1168 831 1309 895 dicendus
1323 831 1371 895 sit.
1403 832 1485 894 Cadit

320 936 441 1016 quidem
462 935 495 998 In
515 935 595 997 buno
613 954 732 1016 quoque
751 934 780 997 id
801 936 879 1016 quod
895 936 1041 999 inomnes
1057 953 1210 1017 magnaeo
1224 934 1350 998 diflicilia
1368 935 1484 1015 negotia

320 1045 482 1102 tractantes
498 1038 601 1100 cadere
616 1042 701 1100 relus
717 1044 804 1120 poeta
819 1046 936 1100 monet:

492 1133 651 1223 ἔργμασιν
672 1133 708 1202 ἐν
728 1137 889 1218 χαλεποῖς
911 1138 1019 1202 πᾶσιν
1041 1131 1134 1202 «ideis
1155 1132 1308 1218 χαλεπόν.

321 1261 424 1306 rerum
438 1244 497 1306 hoo
511 1244 615 1305 saltem
630 1261 683 1325 pro
699 1249 780 1305 certo
792 1242 938 1305 affirmare
948 1241 1026 1317 licet,
1042 1242 1131 1305 etiam
1144 1242 1169 1305 si
1181 1242 1231 1323 qui
1241 1242 1361 1317 fuerint,
1376 1242 1483 1323 quihus

320 1347 461 1410 nonnulla
480 1346 542 1409 eius
561 1346 638 1408 laeta
657 1345 756 1408 miuus
777 1345 938 1428 placerent,
959 1345 1075 1407 nullum
1095 1348 1195 1407 tamen
1213 1344 1309 1407 virum
1325 1345 1437 1408 bonum
1452 1354 1483 1409 et

320 1467 449 1529 aequum
468 1449 577 1525 fuisse,
599 1450 671 1532 quin
685 1448 795 1529 Regem
815 1449 899 1511 illum
919 1464 980 1510 non
998 1447 1097 1510 solum
1112 1447 1225 1510 bonore
1239 1456 1270 1510 et
1285 1450 1482 1524 veneratione,

319 1551 371 1615 sed
385 1569 502 1614 summa
517 1552 607 1615 etiam
622 1553 752 1625 canuto,
772 1569 891 1614 summo
906 1569 1008 1614 amoro
1021 1551 1142 1632 dignum
1156 1550 1287 1623 haberet,
1308 1568 1405 1631 neque
1422 1569 1482 1613 un·

320 1673 410 1736 quern
429 1655 465 1719 de
485 1657 584 1719 animo
604 1655 677 1718 Eius
698 1672 766 1718 rere
784 1655 883 1735 regio,
909 1653 997 1717 unius
1015 1653 1078 1714 reri
1097 1653 1229 1734 reothue
1247 1659 1381 1728 amante,
1406 1652 1481 1715 nibil

318 1764 441 1838 propter
459 1775 493 1820 se
508 1775 652 1839 suamque
667 1764 718 1820 aut
733 1757 914 1839 voluptatem
929 1764 980 1819 aut
993 1761 1171 1837 potestatem
1187 1761 1238 1817 aut
1251 1756 1375 1835 gloriam
1390 1774 1483 1838 appe-

317 1863 414 1933 tente,
442 1859 494 1925 sed
519 1860 608 1924 unius
631 1860 703 1923 boni
728 1861 836 1942 publici
864 1860 987 1941 cupido,
1013 1877 1030 1919 a
1049 1876 1200 1939 quoquam
1220 1858 1388 1921 dubitatum
1409 1877 1483 1934 esso,

317 1969 525 2045 praeterquam
539 1961 576 2025 ab
590 1962 762 2025 hominibus
777 1970 829 2025 aut
842 1961 1040 2025 stolidissimis
1054 1968 1106 2023 aut
1119 1960 1324 2042 perditissimis
1339 1979 1374 2024 ac
1387 1960 1483 2024 lurio-

318 2064 375 2139 sis,
390 2084 465 2148 quos
480 2066 546 2139 llle,
562 2083 656 2146 quum
671 2065 761 2127 etiam
776 2065 878 2128 turbas
894 2065 1019 2128 excitare
1034 2074 1064 2126 et
1078 2069 1188 2127 statum
1203 2063 1246 2125 rei
1261 2063 1394 2144 pubbeae
1408 2080 1483 2126 eon·

318 2171 419 2231 outere
434 2168 616 2249 coeperest,
637 2167 704 2229 licet
718 2185 855 2230 coercere
869 2185 923 2249 per
936 2168 996 2229 rim
1011 2172 1128 2247 posset,
1143 2172 1245 2229 tamen
1258 2165 1346 2228 Insita
1361 2174 1483 2229 naturae

317 2289 388 2333 suae
413 2270 545 2333 bonitate
573 2277 603 2331 et
626 2269 781 2332 clementia
802 2289 922 2352 parcere
942 2270 978 2332 iis
998 2276 1027 2332 et
1047 2269 1237 2351 resipiscendi
1258 2287 1293 2331 ae
1311 2267 1483 2348 poenitendi

320 2372 451 2454 spatium
463 2374 532 2436 dare
546 2372 664 2446 maluit,
684 2378 824 2453 tantaque
838 2372 869 2434 in
883 2372 939 2435 illis
952 2372 1048 2435 turbis
1061 2372 1265 2435 moderatione
1286 2390 1359 2434 usus
1374 2378 1433 2445 est,
1449 2380 1484 2433 ut

317 2476 362 2537 rol
383 2476 515 2540 relaxare
542 2475 740 2556 aliquantum,
766 2483 797 2537 et
816 2475 883 2556 plus
904 2475 1030 2537 sonasse
1051 2493 1140 2555 quam
1161 2493 1237 2555 opus
1261 2481 1339 2549 erat,
1367 2473 1483 2555 imperii

316 2578 446 2641 habenas
460 2587 490 2642 et
505 2579 665 2642 conradere
681 2579 718 2641 de
732 2578 797 2641 iuro
807 2596 873 2652 suo,
888 2596 976 2659 quam
988 2577 1133 2639 vindicare
1145 2578 1287 2640 violenter
1298 2576 1482 2639 maiestatem

317 2689 348 2743 et
366 2681 535 2764 proculcare
555 2681 714 2746 seditiosos
735 2681 873 2744 homines
893 2681 985 2743 satim
999 2680 1130 2743 baberet.
1161 2681 1227 2754 Qua
1241 2679 1360 2760 quidem
1375 2680 1481 2742 mode·

316 2783 431 2846 ratione
450 2783 517 2865 plus
540 2783 627 2847 nobis
642 2784 772 2847 effecisse
786 2784 915 2857 ridetur,
937 2800 1026 2865 quam
1040 2782 1067 2846 si
1080 2783 1109 2845 ri
1124 2802 1158 2845 ao
1170 2789 1285 2845 terrore
1300 2781 1480 2844 adversarios

317 2886 521 2966 oppressisset
554 2887 629 2949 Nam
655 2887 802 2950 bonorum
832 2887 967 2948 omnium
993 2905 1028 2949 ae
1046 2885 1236 2967 prudentium
1257 2885 1373 2947 animos
1392 2884 1480 2947 etiarn

318 2987 432 3050 firmius
454 3007 543 3070 quam
565 2997 651 3053 antea
671 2989 727 3051 sibi
747 2988 925 3065 conciliarit3
946 2989 1019 3051 istos
1041 2996 1141 3051 autem
1161 3007 1253 3068 quum
1273 3005 1412 3051 concessa
1425 2985 1480 3048 sibi

318 3091 452 3155 libertate
473 3092 537 3154 sine
556 3092 646 3155 modo
666 3109 702 3153 ao
721 3089 866 3152 modestia
886 3090 962 3153 mele
977 3091 1057 3153 abuti
1073 3098 1161 3171 atque
1176 3090 1395 3172 perversissima
1410 3107 1480 3171 per-

317 3193 487 3276 nicioseque
508 3195 550 3257 rei
571 3193 703 3275 publicae
723 3192 845 3256 consilia
866 3194 950 3273 sequi
969 3194 1151 3274 coepissent,
1176 3192 1207 3253 in
1229 3210 1381 3255 summum
1402 3192 1480 3273 apud

316 3314 419 3360 sanam
439 3304 554 3379 partem
574 3295 676 3376 populi
695 3302 747 3358 aut
766 3302 971 3377 contemptum
984 3303 1037 3358 aut
1051 3295 1153 3358 odium
1168 3294 1311 3358 adductos
1325 3314 1391 3357 esse
1404 3293 1480 3356 vidi·

316 3419 400 3475 mus,
421 3414 655 3483 persuasumque
677 3396 828 3470 omnibus,
851 3397 901 3479 qui
915 3397 1101 3461 mediocriter
1115 3398 1205 3461 modo
1221 3406 1373 3478 saperent,
1395 3397 1482 3477 longe

315 3502 471 3585 optabilius
491 3521 557 3565 esse
577 3498 648 3562 boni
667 3518 701 3563 ao
721 3499 791 3563 iusti
805 3500 883 3582 regis
898 3500 1024 3583 imperio
1037 3500 1200 3578 subiectos,
1223 3519 1313 3582 quam
1327 3499 1482 3582 imperitae

316 3604 514 3670 multitudinis
529 3602 690 3665 temeritati
706 3603 850 3666 obnoxios
865 3604 971 3667 rivere.

401 3709 484 3773 liano
497 3709 593 3791 ipsam
609 3707 784 3770 sententiam
802 3725 893 3789 quum
910 3722 988 3768 anno
1001 3706 1034 3768 h.
1049 3725 1074 3769 s.
1090 3704 1219 3780 XLVIII,
1238 3704 1270 3768 in
1285 3722 1390 3785 magna
1405 3722 1480 3785 quae

316 3811 469 3875 etiamtum
484 3818 547 3874 erat
561 3830 662 3874 rerum
678 3810 814 3874 omnium
829 3809 1049 3892 perturbatione
1064 3809 1287 3891 multorumque
1301 3806 1405 3871 animis
1420 3807 1481 3871 buo

316 3914 385 3977 illuc
399 3912 619 3989 fluctuantibus,
633 3913 748 3994 publice
762 3929 818 3974 nos
832 3911 937 3975 iisdem
951 3912 1014 3975 lere
1029 3910 1125 3974 verbis
1140 3911 1398 3993 profiteremur²)‚
1413 3930 1480 3974 me-

316 4016 458 4079 miuimus
473 4016 632 4087 nonnullis,
647 4015 733 4078 bonis
747 4014 874 4076 fortasse
884 4014 952 4076 viris
964 4014 1017 4076 sed
1028 4014 1127 4076 minus
1138 4014 1251 4093 peritis,
1267 4014 1376 4076 mirum
1389 4013 1479 4076 rideri

315 4117 374 4181 boc
386 4118 526 4181 iudicium
538 4125 569 4180 et
580 4117 626 4181 rix
636 4115 849 4199 ignoscendum
860 4116 907 4191 iis,
923 4117 983 4198 qui,
999 4115 1075 4179 sicut
1085 4133 1152 4190 nos,
1167 4115 1348 4197 antiquitatis
1359 4133 1478 4197 graecae

260 4407 261 4411 Ἰ
384 4340 409 4405 2)
427 4336 455 4391 ln
476 4344 661 4407 programmate
682 4335 822 4390 indicendis
841 4336 917 4403 Regis
936 4333 1077 4405 neubotle,
1100 4336 1210 4406 repetito
1228 4336 1253 4390 in
1272 4335 1364 4405 Opere.
1380 4353 1418 4391 ae.
1436 4334 1477 4390 ΙΙΙ.

314 4438 340 4492 p.
357 4425 417 4478 tls.
