3178 5136
650 466 713 532 209

108 653 164 717 lom
175 657 304 737 propria
317 656 533 737 Epicureorum
548 656 738 719 oeconomiae
752 662 903 738 praecepta
917 653 995 730 edat,
1014 670 1072 716 nos
1090 669 1170 715 nunc
1183 652 1214 715 in
1228 670 1263 715 ea

109 757 295 837 potissimum
309 767 393 838 perte
412 758 641 833 continehimnr‚
664 778 737 839 quae
761 759 797 821 ad
818 756 1013 839 Theophrasti
1039 756 1262 834 oeconomicum

110 860 243 938 pertinet,
268 862 416 941 simulque
433 860 597 924 Philodemi
624 861 660 923 de
683 869 802 924 auctore
825 859 912 922 libelli
935 846 1144 922 testimoninm
1162 865 1264 920 contra

111 961 315 1043 &olimpium
328 963 405 1027 tueri
421 964 605 1042 oonahimm3
621 973 811 1046 qaae-contra
824 963 1051 1044 Xenophontem
1066 961 1263 1042 disputantur,

111 1082 184 1127 nunc
197 1066 318 1146 quidem
332 1067 419 1147 plane
433 1069 711 1148 praetermittemus3
726 1067 762 1129 de
776 1067 905 1149 propriis
919 1063 1083 1128 Philodemi
1098 1064 1263 1144 praeceptis

110 1185 195 1247 panca
206 1170 349 1249 mamam
360 1170 561 1234 delibabimus.
908 1192 916 1207 ¹

190 1270 352 1335 Exorditur
366 1272 590 1354 Theophrastus
605 1294 622 1337 a
636 1274 805 1337 discrimine
819 1268 909 1336 civilis
928 1280 957 1333 et
970 1270 1149 1334 domesticae
1168 1267 1263 1331 admi·

111 1374 304 1451 maraonis,
319 1394 426 1457 easque
439 1394 502 1439 non
520 1387 639 1440 eatenus
659 1376 756 1440 solum
776 1376 898 1439 interae
918 1375 1034 1437 differre
1048 1372 1099 1447 ait,
1118 1380 1262 1451 quotenus

111 1492 179 1554 quae
194 1476 326 1540 subiecta
340 1479 455 1559 utrique
469 1487 548 1555 sant,
564 1480 662 1542 civitas
676 1488 706 1542 et
720 1481 835 1554 domus,
850 1479 927 1541 inter
940 1496 974 1540 so
983 1477 1100 1550 distent,
1114 1479 1264 1542 sedetiam

112 1596 151 1651 eo,
169 1579 250 1658 qnod
270 1579 302 1642 in
322 1582 409 1644 altero
428 1582 567 1663 pluriam,
586 1583 617 1644 in
636 1583 723 1646 altera
740 1583 830 1644 unios
844 1580 883 1644 sit
897 1581 1068 1662 imperium:
1087 1571 1183 1663 ἡμὲν
1197 1602 1265 1646 πο-

111 1675 215 1766 λιτικὴ
238 1674 279 1743 ἐν
299 1681 432 1746 πολλῶν
452 1675 615 1767 ἀρχόντων
636 1676 738 1759 ἐστίν,
765 1676 786 1769 'i
815 1675 1005 1770 οἰκονομική
1029 1678 1069 1747 δὲ
1091 1676 1264 1769 μοναρχία.

112 1783 284 1867 conspirare
297 1787 371 1848 haee
388 1806 455 1849 cum
476 1788 513 1850 iis
533 1805 607 1869 quae
622 1785 792 1849 Aristoteles
812 1786 897 1849 docet
911 1786 996 1850 Polit
1016 1787 1045 1863 1;
1061 1787 1081 1850 2
1101 1809 1129 1870 p.
1149 1789 1201 1861 11,
1223 1787 1262 1850 21

110 1896 137 1948 et
147 1888 200 1961 tlt,
223 1891 264 1951 10
279 1908 308 1969 p.
327 1889 400 1964 103,
415 1890 449 1965 2,
462 1890 519 1953 iam
536 1888 728 1969 Goettlingius
742 1888 866 1952 monuit.
896 1888 919 1951 t
934 1888 1107 1954 Philodamo
1123 1899 1220 1953 autem
1235 1910 1265 1970 p.

110 1991 157 2062 45,
171 1990 211 2053 13
224 1991 331 2054 Goettl.
343 2000 439 2054 totum
450 1994 508 2055 hoe
518 1993 671 2056 exordium
685 1992 916 2071 reprehenditur,
932 1992 1063 2073 primum
1077 1993 1145 2073 quia
1159 2012 1264 2075 super·

110 2110 266 2155 meaneum
280 2095 368 2155 fuerit
382 2095 419 2157 de
433 2095 566 2176 politicae
581 2103 610 2157 et
625 2095 829 2156 oeconomioae
843 2094 1012 2157 discrimine
1031 2114 1190 2175 exponere:
1210 2086 1265 2158 οὗ·

108 2188 160 2256 δέν
173 2191 238 2277 χοὶρ
254 2186 303 2270 εἷς
316 2187 529 2280 οἰκονομικήν
541 2191 581 2259 τὸ
597 2189 770 2282 διαφέρειν
782 2194 843 2282 τῆς
856 2192 1045 2282 πολιτικῆςι
1061 2197 1165 2260 deinde
1185 2196 1264 2278 quod

13 2322 14 2351 .
107 2314 143 2357 ne
157 2316 264 2360 verum
278 2297 397 2377 quidem
411 2299 451 2361 sit
464 2298 612 2380 politicam
632 2298 816 2380 neutiquam,
837 2298 1057 2362 oeconomicam
1077 2317 1145 2361 vero
1165 2299 1265 2379 utique

107 2400 194 2461 anius
208 2400 494 2463 administrationem
509 2419 589 2475 esse,
610 2419 705 2483 neque
721 2420 848 2482 unquam
863 2421 930 2465 esse
944 2401 1125 2483 inutraque,
1141 2420 1214 2483 quae
1229 2399 1264 2463 ad

13 2548 14 2567 .
106 2501 224 2565 nasius
238 2502 460 2566 similitudinem
475 2505 627 2567 accedant:
641 2501 700 2567 xci
715 2496 767 2568 ἔτι
776 2498 904 2587 ψεῦδός
918 2499 990 2568 ἐστι
1004 2499 1045 2567 τὸ
1058 2500 1117 2588 τὴν
1129 2500 1265 2568 πολιτι-

105 2601 162 2689 κὴν
175 2600 314 2680 πάντας
327 2601 373 2690 μὴ
387 2599 566 2688 μοναρχίαν
580 2593 674 2684 εἶναι,
694 2603 752 2667 καὶ
769 2601 809 2667 τὸ
826 2601 885 2690 τὴν
903 2596 1114 2690 οἰκονομικὴν
1132 2598 1265 2678 πάντως
1314 2605 1315 2608 ’

13 2714 15 2763 i
104 2699 296 2791 μοναρχίαν,
310 2701 369 2769 καὶ
383 2702 516 2791 μήποτε
531 2699 741 2788 ἀναίογοῦντ’
753 2696 839 2771 εἶναι
854 2701 933 2790 περὶ
943 2699 1110 2790 ἑκατέραν.
1138 2708 1195 2771 Pro
1206 2703 1265 2768 καὶ

104 2800 154 2870 ἔτι
169 2811 202 2872 in
217 2810 397 2873 editionibus
408 2810 514 2890 legitur
532 2798 596 2872 κᾶν
614 2802 656 2886 ei,
678 2810 757 2890 quod
777 2810 845 2873 terri
864 2828 925 2873 non
944 2829 1034 2892 posse
1052 2810 1125 2872 mihi
1145 2808 1262 2888 quidem
1281 2818 1297 2868 8

106 2913 306 2975 certissimum
320 2913 441 2975 videtur.
471 2912 547 2975 Nam
562 2913 640 2994 quod
652 2896 845 2993 Goettlingius
860 2931 917 2975 nos
932 2914 969 2975 ad
984 2912 1114 2975 notulam
1130 2929 1214 2973 suam
1233 2911 1264 2973 in

105 3014 191 3077 Arist
208 3015 296 3077 Polit
311 3034 342 3096 p.
356 3015 429 3078 285.
444 3015 581 3088 remittit,
598 3015 647 3077 ubi
662 3004 724 3077 xiie
739 3006 769 3078 ai
783 3015 861 3096 apud
877 3014 1061 3078 Aristotelem
1076 3014 1193 3096 saepius
1208 3033 1263 3096 pro

13 3138 14 3191 v
106 3112 163 3179 καὶ
176 3109 209 3180 si
223 3116 348 3180 inveniri
362 3117 460 3181 docet:
476 3137 531 3199 ego
545 3136 584 3180 ne
597 3118 656 3180 hoc
670 3118 770 3198 ipsum
781 3117 898 3198 quidem
913 3110 971 3180 καὶ
987 3110 1017 3181 ei
1030 3118 1100 3180 huic
1113 3118 1178 3180 loco
1191 3134 1263 3178 oon·

106 3222 203 3283 νοοῖτο
218 3220 354 3295 arbitror,
368 3239 458 3302 quum
472 3221 551 3284 nullo
565 3221 604 3283 sit
618 3221 694 3285 inter
706 3221 784 3283 hanc
793 3219 949 3302 periodum
960 3238 1082 3300 eamque
1093 3237 1166 3301 quae
1177 3237 1263 3299 prae-

108 3322 201 3396 mesu,
217 3341 292 3404 quae
306 3323 403 3402 paullo
418 3333 485 3387 ante
499 3343 516 3386 a
530 3343 578 3385 me
592 3323 738 3411 adscripta
750 3331 808 3396 est,
824 3321 1026 3384 conditionalis
1040 3322 1084 3384 vel
1099 3321 1264 3384 concessiva

13 3486 15 3507 p
107 3426 267 3500 monnio,
289 3425 340 3487 sed
354 3426 413 3489 hoc
425 3434 650 3509 unum-aptum,
664 3434 699 3488 ut
712 3433 868 3507 postquam
883 3425 966 3506 prius
982 3422 1178 3503 Theophrasti
1192 3440 1265 3501 pro-

105 3530 215 3607 positio
229 3538 371 3609 mnqnam
385 3547 600 3610 supervacanea
614 3528 791 3609 reprehensa
806 3536 862 3601 est,
877 3545 958 3589 nunc
970 3526 1058 3589 altera
1073 3525 1265 3606 reprehensio

105 3650 157 3710 per
170 3632 388 3696 continuativas
403 3632 559 3713 particulas
573 3632 753 3712 adiungatur.
784 3630 897 3704 Quodsi
911 3638 1008 3691 umen
1023 3627 1092 3689 illud
1107 3617 1169 3688 κίίν
1184 3618 1214 3689 oi
1234 3626 1265 3687 in

105 3752 217 3815 papyro
231 3736 320 3816 plane
334 3754 369 3798 ac
383 3744 463 3798 certo
478 3735 623 3816 scripurm
638 3741 728 3807 extat,
748 3751 868 3795 necesse
883 3731 939 3794 erit
952 3730 1115 3811 negativam
1135 3728 1265 3810 particu-

103 3834 161 3898 lam
174 3838 261 3900 addi:
281 3827 344 3899 κᾶν
363 3826 393 3899 εἰ
411 3834 456 3923 μή
476 3831 605 3921 ψεῦδός
619 3829 705 3913 ἔστι,
726 3843 760 3898 ut
778 3836 850 3897 haec
868 3835 907 3897 sit
925 3832 1088 3897 Philodemi
1106 3830 1266 3895 sententia:

104 3955 352 4019 supervacaneam
367 3939 467 4020 ntique
480 3958 546 4002 esse
559 3932 648 4001 istam'
662 3939 699 4000 de
717 3936 885 3999 discrimine
901 3935 1034 4017 politicae
1049 3942 1078 3997 et
1094 3935 1266 3997 oeconomi-

106 4058 154 4102 cae
168 4042 408 4123 disputationem,
423 4042 536 4104 etiamsi
550 4058 613 4103 non
627 4040 732 4103 laisum
745 4040 784 4102 sit
794 4040 873 4120 quod
885 4039 1005 4100 dicatur.
1036 4037 1093 4100 Sed
1104 4037 1151 4099 vir
1168 4044 1266 4099 tamen

108 4142 209 4217 credo,
228 4144 288 4207 hoc
306 4144 510 4207 aPhilodemo
531 4160 707 4212 concessum
726 4161 806 4215 esse,
828 4159 917 4222 mum
938 4139 1110 4221 praesertim
1130 4140 1169 4201 sit
1187 4138 1266 4201 haud

110 4243 195 4307 dnhie
209 4248 239 4308 in
254 4248 303 4310 illo
319 4247 434 4328 placito,
451 4246 529 4328 quod
544 4244 721 4329 reprehendi
735 4263 826 4325 posse
836 4243 976 4318 videatur,
988 4243 1110 4325 ipsaque
1120 4242 1167 4303 illa
1180 4240 1267 4303 verba

13 4426 14 4435 χ
114 4341 169 4406 wi
183 4342 313 4433 μήποτε
328 4341 550 4432 ἀναλογοῦντα
564 4336 651 4435 εἶναι
665 4341 744 4429 περὶ
760 4338 917 4431 ἑκατέραν
931 4344 977 4406 vir
991 4343 1109 4426 possint
1123 4343 1178 4404 alio
1193 4356 1267 4401 con·

114 4444 179 4509 silio
193 4452 288 4515 addita
302 4452 408 4527 videri,
427 4469 514 4535 quam
531 4469 590 4531 quo
606 4447 716 4511 facilius
732 4449 967 4530 Theophrasteae
983 4446 1144 4508 sententiae
1159 4440 1267 4503 falsitas

153 4551 200 4615 tlt
1029 4548 1067 4607 14
