3154 5138
840 467 901 532 300

293 653 423 735 Tempus
438 670 529 717 sensu
544 655 671 736 quodam
687 655 765 716 verbi
780 654 838 717 iam
853 654 918 729 brit,
938 660 1093 737 antequam
1109 657 1237 720 mundus
1251 664 1356 719 nomer
1374 671 1449 719 con·

293 756 371 819 ditus
385 765 473 833 esset,
487 756 543 820 etsi
557 765 621 821 tum
635 788 678 803 ω
691 752 796 843 χρόνῳ
810 756 861 819 illo
873 747 1000 843 ἀχρόνῳ
1014 788 1056 802 —-
1070 759 1131 821 aevi
1145 774 1315 822 mensuram
1329 772 1402 834 nnn,
1417 768 1451 823 nt

292 876 384 935 nuno,
404 874 525 922 menses
540 868 569 921 et
583 859 652 922 anni
670 858 840 923 iaciebant.“
869 868 899 922 et
915 859 1018 940 paucis
1037 860 1210 924 interiectis:
1230 861 1313 937 „llun
1330 861 1451 935 accedit,

293 961 372 1042 quod
386 978 482 1043 nuper
494 962 646 1025 verissime
656 964 805 1026 monitum
815 969 870 1037 est,
885 963 974 1025 verbo
989 972 1103 1026 tamen
1117 964 1161 1026 vel
1174 964 1240 1045 ipso
1256 964 1327 1026 satis
1337 963 1449 1026 excludi

292 1062 421 1126 additam
441 1064 641 1143 negationem,
666 1072 752 1146 atque
770 1064 857 1128 mem
877 1082 927 1141 eo,
947 1066 1013 1146 quia
1028 1064 1127 1128 Cicero
1147 1065 1179 1128 in
1197 1066 1355 1148 proximis,
1374 1065 1449 1129 loto

292 1174 362 1228 tam
377 1164 547 1228 immenso
563 1164 692 1248 spatio,
707 1175 778 1247 post
788 1166 961 1247 ampliorem
972 1162 1188 1256 παρενθήκην
1198 1169 1277 1233 nulle
1290 1169 1381 1232 modo
1392 1184 1449 1250 po-

292 1268 398 1331 tuisset
415 1268 447 1330 in
465 1266 638 1332 uocabulum
659 1269 766 1350 spatii
784 1269 926 1346 incidere,
951 1271 1009 1334 nisi
1024 1282 1108 1334 antea
1121 1272 1198 1335 idom
1217 1273 1373 1354 spatium
1392 1287 1451 1353 po·

293 1373 402 1434 suisset
415 1371 451 1433 ad
463 1371 630 1452 explicanda
641 1370 862 1434 innumerabilia
874 1373 1017 1435 teeoule“
1043 1374 1157 1438 llorum
1170 1375 1304 1438 omnium
1314 1374 1450 1456 etpridem

292 1473 364 1536 nibil
377 1490 478 1536 rerum
493 1490 559 1535 esse
573 1473 678 1536 iudico.
705 1473 790 1550 Nem,
805 1482 838 1537 ot
852 1473 967 1538 initium
981 1476 1017 1538 ab
1029 1492 1065 1540 eo
1077 1477 1189 1553 leolam,
1206 1479 1285 1559 quod
1295 1485 1451 1558 postremo

291 1577 357 1639 loeo
369 1575 500 1658 positum
512 1584 566 1651 est,
581 1577 652 1638 isto
667 1585 738 1639 tam
752 1576 924 1639 immenso
936 1579 1052 1659 spatio
1064 1574 1234 1643 Ciceronem
1245 1594 1307 1642 non
1317 1577 1453 1660 potuisse

292 1679 401 1755 dicere,
419 1677 477 1741 nisi
492 1679 578 1741 etiem
593 1686 678 1741 antea
692 1679 797 1741 eodem
817 1680 924 1762 spatii
939 1681 1080 1745 vocabulo
1095 1683 1131 1745 ad
1146 1680 1367 1745 innumerabilia
1382 1697 1452 1743 sae·

292 1781 356 1844 cole
370 1779 549 1861 dmtgnenda
562 1796 635 1844 usus
649 1788 736 1856 esset,
755 1781 785 1844 id
800 1798 926 1864 prorsus
940 1800 1048 1848 venum
1063 1780 1198 1867 aulaque
1212 1784 1326 1848 ratione
1340 1783 1451 1847 dietum

245 1898 276 1949 to
294 1893 347 1947 est
373 1884 447 1946 Nam
463 1898 554 1964 φιιιιιι
570 1884 678 1964 spatii
693 1885 876 1961 vocabulum,
890 1886 990 1949 itidem
1002 1896 1034 1950 nt
1047 1888 1241 1969 temporis,
1255 1882 1371 1950 duobus
1383 1902 1453 1948 mo·

292 1987 338 2049 dis
352 1987 490 2068 usurpari
505 1987 605 2063 soleat,
619 1994 654 2049 ιιι
667 1998 717 2050 aut
730 1986 877 2051 infinitum
892 1989 1037 2072 nullisque
1051 1991 1184 2054 terminis
1198 1988 1454 2065 meorumnam

294 2104 432 2152 mensum
451 2089 632 2171 descriptum
652 2090 777 2165 dicatur,
801 2099 851 2153 aut
869 2091 1022 2155 delinitum
1042 2101 1129 2175 atque
1148 2088 1356 2169 mensurabile,
1379 2088 1453 2154 nibil

294 2192 426 2257 obstabat
439 2195 581 2274 prolecto,
597 2195 755 2275 quominus
769 2192 869 2257 Gieero
884 2206 963 2257 nunc
977 2195 1187 2261 immensum
1201 2197 1356 2279 spatium
1372 2196 1454 2259 dice-

293 2310 350 2376 ret,
364 2300 478 2364 etiarnsi
492 2307 577 2362 antea
590 2308 642 2363 aut
654 2300 741 2381 plane
755 2316 816 2360 non
830 2306 1004 2379 usurpasset
1017 2299 1076 2362 hoe
1090 2299 1275 2374 vocabulum,
1295 2306 1345 2363 ont
1357 2312 1455 2362 men·

294 2420 370 2467 sum
385 2402 539 2486 spatium
554 2401 755 2483 significasset.
784 2401 893 2465 minda
907 2409 940 2464 ut
953 2398 1041 2463 verbo
1062 2409 1179 2465 tamen
1193 2403 1305 2466 excludi
1318 2401 1454 2483 negatio-

292 2523 361 2570 nem
376 2506 515 2582 crederet,
529 2505 601 2569 haec
614 2505 691 2568 baud
706 2504 794 2568 dubie
808 2505 883 2569 ratio
897 2504 993 2567 ulrum
1007 2505 1212 2568 doctissimum
1226 2505 1354 2579 induxit,
1374 2505 1456 2586 quod

293 2629 346 2690 per
360 2609 567 2673 adversativum
582 2608 819 2673 coniunctionem
839 2607 986 2690 superiori
1005 2606 1213 2682 enuntiationi,
1237 2624 1338 2689 quam
1356 2607 1458 2670 nulla

293 2720 494 2793 temporum
517 2710 809 2792 circumscriptio
834 2709 1061 2785 metiebatur,
1084 2709 1250 2772 necessario
1275 2709 1457 2773 annuariam

294 2814 522 2878 enuntiationem
537 2808 737 2876 affirmativam
753 2813 866 2895 opponi
880 2812 1016 2875 debuisse
1027 2819 1151 2894 putaret.
1176 2812 1264 2892 Atqui
1276 2811 1378 2874 lelellit
1387 2828 1455 2874 eum

295 2937 361 2981 vera
376 2917 578 2981 membrorum
594 2912 670 2979 inter
680 2934 713 2978 se
724 2916 826 2979 relatio
839 2925 926 2997 atque
937 2915 1089 2989 connexio,
1105 2930 1181 2995 quae
1195 2913 1261 2976 talis
1272 2922 1327 2989 est,
1342 2924 1377 2977 ut
1386 2915 1458 2977 buin

296 3019 443 3095 membro,
467 3019 535 3081 luit
553 3019 725 3100 quaedam
746 3018 787 3081 ab
806 3018 866 3081 ini.
886 3025 988 3098 temp.
1009 3018 1204 3081 aeternitas
1224 3048 1266 3062 -—
1285 3024 1458 3098 opponatur

295 3123 364 3186 illud
380 3121 607 3195 adversativum,
622 3120 740 3201 spatio
755 3127 874 3183 tamen
888 3121 1003 3202 qualis
1019 3140 1058 3185 ee
1073 3121 1196 3195 luerit,
1211 3119 1370 3200 intelligi
1385 3136 1456 3183 nou

296 3233 429 3307 potest,
451 3238 524 3305 quae
538 3228 633 3287 autern
648 3223 822 3304 interposita
840 3231 887 3287 est
905 3224 1064 3288 enuntiatio
1083 3223 1213 3300 ructu,
1232 3236 1336 3303 quam
1356 3222 1456 3286 nulla

295 3337 496 3409 temporum
517 3325 808 3406 circumscriptio
828 3326 1054 3402 metiebatur,
1075 3322 1280 3390 tantummodo
1300 3326 1338 3389 ed
1357 3335 1455 3390 aetem

295 3429 393 3493 nitatis
407 3426 559 3492 notionem
574 3428 711 3491 disertius
727 3426 927 3510 explicandam
942 3430 1092 3510 pertineat.
1120 3430 1187 3492 Non
1202 3428 1290 3509 igitur
1302 3429 1387 3505 hoio,
1403 3429 1455 3492 sed

296 3531 441 3615 superiori
456 3530 590 3595 membro
606 3530 674 3594 illud
689 3540 804 3595 tamen
820 3533 989 3614 opponitur,
1005 3542 1033 3595 et
1046 3532 1210 3595 reodesime
1224 3550 1258 3594 se
1267 3531 1344 3593 banc
1355 3550 1456 3613 oppo-

295 3636 433 3699 sitionem
452 3634 559 3698 habere
578 3632 765 3698 manilestum
784 3643 838 3698 est
871 3635 945 3699 llam
964 3636 1078 3700 tuisse
1098 3634 1272 3717 quandam
1296 3634 1457 3697 aeterni·

297 3747 403 3803 tatem
417 3754 474 3819 pro
488 3744 567 3800 certo
582 3744 612 3800 et
625 3739 761 3801 oonicsso
772 3736 907 3820 ponitur3
921 3739 973 3801 sed
984 3738 1117 3820 quamvis
1132 3736 1244 3801 inisse
1257 3736 1456 3800 multatur

296 3841 483 3904 statuendum
498 3841 548 3917 sit,
570 3846 668 3903 tamen
682 3840 798 3922 qualis
816 3856 853 3903 ea
873 3842 992 3923 spatio
1012 3841 1132 3916 luerit,
1151 3836 1269 3919 intelligi
1283 3854 1346 3901 non
1364 3856 1458 3921 posse

297 3945 494 4007 confitendum
510 3950 563 4006 est
594 3945 687 4025 Atque
702 3943 746 4006 sic
759 3943 878 4007 demum
898 3944 984 4008 ctiam
998 3945 1131 4026 proxima
1152 3942 1310 4006 ennndatio
1330 3942 1457 4006 annuis

296 4055 374 4110 recte
392 4046 567 4127 adiungitur.
603 4046 720 4126 Quippe
742 4055 899 4127 propterea
918 4045 986 4110 illud
1007 4046 1124 4128 intelligi
1143 4060 1205 4109 non
1225 4063 1316 4127 posse
1339 4044 1457 4117 dicitur,

296 4148 375 4230 quod
390 4166 429 4211 ne
443 4149 472 4210 in
488 4149 694 4229 cogitationem
710 4148 827 4229 quidem
842 4149 933 4225 eadat,
948 4157 981 4213 ιιι
994 4150 1080 4213 nem
1093 4158 1220 4230 tempus,
1236 4164 1327 4230 quum
1341 4148 1457 4211 nullum

296 4264 414 4333 tempus
427 4257 514 4314 esset.
544 4250 690 4312 Nimimur
705 4260 831 4332 tempus,
845 4251 923 4332 quod
939 4253 1060 4333 proprie
1073 4260 1161 4333 atque
1175 4250 1281 4314 usitate
1295 4247 1412 4324 dieitur,
1426 4257 1461 4312 et

296 4354 378 4417 cuius
393 4353 478 4415 notio
492 4360 577 4433 atque
590 4352 777 4434 intelligentia
788 4353 921 4416 omnium
933 4354 1040 4416 animis
1052 4354 1207 4416 informata
1218 4360 1271 4427 est,
1286 4352 1459 4415 necessario
