3178 5136
313 1461 373 1555 nu
388 1460 665 1556 EMENDANDO
679 1456 790 1555 1000
806 1458 1038 1554 CICERONIS
1053 1461 1111 1552 011
1130 1457 1367 1554 ottobon
1378 1461 1423 1574 H,
1438 1474 1477 1553 3.

283 1799 299 1852 3
397 1774 576 1855 Persuasum
595 1790 684 1853 nobis
704 1798 763 1865 est,
783 1788 1017 1863 Commiiitones,
1040 1787 1127 1853 nudis
1149 1787 1186 1850 ad
1201 1786 1261 1849 voa
1281 1784 1378 1848 verbis
1398 1805 1479 1867 opus

315 1911 396 1967 esse,
411 1892 517 1973 pubes
532 1893 569 1956 ad
584 1893 750 1968 certamino,
764 1910 839 1974 quae
852 1892 940 1954 bodie
953 1893 986 1954 in
996 1892 1165 1973 proximum
1176 1906 1287 1953 annum
1297 1888 1481 1967 indicuntur,

315 1994 438 2076 impigre
451 2008 481 2061 et
495 1995 626 2059 alacriter
640 1995 768 2059 ineunda
782 1997 842 2058 Vos
857 1995 1056 2058 cohortemur.
1091 1993 1167 2057 Nem
1187 2008 1279 2073 quum
1297 1991 1397 2073 ipsum
1419 1993 1481 2056 hoc

314 2114 406 2178 genus
419 2099 548 2162 eruditae
562 2098 787 2163 concertationis
802 2099 858 2160 tale
879 2098 926 2174 sit,
946 2097 1027 2179 quod
1046 2112 1150 2159 omnes
1169 2093 1365 2177 generosioris
1384 2095 1480 2157 animi

314 2201 511 2265 adolescentes
527 2202 609 2265 facile
623 2221 676 2265 sua
690 2209 798 2283 sponte
812 2201 924 2277 alliciat,
943 2210 1007 2264 tum
1021 2201 1108 2263 etiam
1123 2198 1260 2261 Vestrtun
1279 2214 1342 2259 non
1362 2216 1481 2277 paucos

315 2322 390 2379 csse,
404 2303 456 2385 qui
470 2303 644 2368 industriam
657 2305 748 2367 nobis
763 2324 849 2367 suem
864 2313 893 2366 et
907 2303 1066 2366 sollertiam
1080 2299 1250 2365 huiusmodi
1264 2298 1481 2380 speciminibus

314 2407 441 2487 probare
455 2406 581 2488 cupiant,
599 2407 787 2488 superiorum
806 2406 999 2469 certaminum
1020 2413 1140 2468 emtus
1159 2404 1268 2467 docuit
1299 2402 1480 2465 Poteramns

314 2507 401 2588 igitur
415 2509 498 2571 omni
516 2506 694 2589 praefatione
708 2509 913 2590 supersedere,
933 2508 1089 2589 statimque
1102 2507 1162 2570 boc
1174 2524 1273 2587 agere,
1291 2505 1371 2585 quod
1385 2524 1481 2586 agen-

314 2602 387 2673 dum
403 2618 463 2686 est,
483 2618 517 2675 ut
535 2620 626 2673 nores
647 2612 849 2692 quaestiones,
873 2611 981 2692 quibus
1002 2609 1212 2691 pertractandis
1233 2606 1369 2689 proximo
1394 2626 1477 2670 enno

313 2713 388 2776 vires
403 2722 514 2776 vestras
529 2713 657 2777 exerceri
674 2712 824 2788 amamus,
847 2713 936 2775 Vobis
956 2730 1204 2794 proponeremus:
1224 2710 1277 2773 sed
1297 2711 1477 2773 serrandum

314 2824 413 2879 tamen
426 2816 594 2897 putavimus
608 2815 749 2878 nuditum
763 2835 780 2878 a
794 2815 955 2878 maioribus
970 2833 1093 2889 morem,
1114 2814 1165 2896 qui
1179 2813 1287 2876 nubam
1302 2812 1476 2876 huiusmodi

315 2918 506 2999 scriptionem
520 2914 580 2981 noir
597 2917 705 2998 aliquid
719 2917 877 2980 litterariae
891 2917 1096 2998 disputationis
1111 2915 1217 2979 habere
1232 2914 1394 2991 voluerunt,
1415 2936 1477 2998 quo

315 3020 423 3085 scilicet
437 3019 525 3085 etiem
541 3021 583 3082 sic
597 3020 656 3082 Vos
672 3020 949 3094 commonemini,
970 3019 1083 3082 nudum
1103 3019 1189 3099 piane
1208 3025 1338 3098 tempus,
1358 3019 1476 3082 nudum

313 3123 411 3185 iocum
427 3122 568 3185 studiosis
583 3122 753 3185 bominibus
768 3142 784 3185 a
799 3122 903 3185 litteris
923 3141 1022 3186 vacare
1041 3121 1156 3186 debers.
1185 3119 1355 3184 Versebitur
1375 3130 1476 3185 antem

200 3232 204 3239 '
313 3230 418 3309 nostm
431 3230 511 3289 nunc'
520 3208 680 3307 disputatio
692 3225 723 3315 in
734 3222 896 3289 difficiliore
907 3225 1035 3305 quodam
1044 3225 1112 3287 loco
1122 3222 1324 3296 sinucodano,
1338 3240 1404 3287 non
1414 3244 1476 3306 qno

264 3320 267 3333 '
282 3339 297 3389 t
316 3326 422 3405 omnia,
437 3346 511 3409 quae
526 3328 557 3391 in
570 3347 606 3390 co
622 3327 748 3391 obscura
763 3334 842 3402 sunt,
857 3327 1049 3390 illustremus:
1064 3328 1094 3390 id
1108 3326 1187 3391 enim
1201 3344 1302 3390 rerum
1315 3324 1357 3389 ibi
1367 3334 1477 3391 111111-

315 3437 409 3492 tarum
423 3430 498 3493 ratio
512 3430 612 3493 minus
626 3429 715 3492 hodie
731 3428 846 3509 cognite
860 3446 923 3491 non
936 3429 1060 3510 patitur:
1078 3428 1130 3493 sed
1144 3436 1178 3491 ut
1190 3426 1334 3493 mendum
1346 3428 1476 3491 demon-

314 3528 450 3617 stremus,
465 3532 620 3596 satis'iltud
636 3531 764 3612 quidem,
779 3538 813 3593 nt
826 3531 914 3593 nobis
930 3540 1008 3594 certe
1022 3530 1145 3606 videtur,
1160 3528 1358 3603 manifestum,
1377 3547 1478 3617 neque

315 3634 431 3697 difficile
444 3635 480 3697 ad
495 3633 714 3714 corrigendum,
734 3633 787 3696 sed
804 3634 885 3714 quod
900 3652 1004 3697 omnes
1018 3641 1117 3697 tamen
1132 3631 1229 3696 adhuc
1241 3630 1346 3708 fefellit,
1366 3632 1476 3696 miras·

313 3753 370 3814 que
389 3737 598 3799 nonnullorum
617 3744 646 3799 et
669 3735 754 3817 plane
777 3734 960 3798 incredibiles
985 3738 1101 3817 peperit
1122 3732 1386 3817 interpretationes.
1421 3734 1479 3798 Est

313 3835 358 3897 iile
372 3832 455 3900 iocus
469 3836 513 3900 De
531 3847 643 3900 neutro
661 3838 783 3900 mmmm
797 3836 845 3899 lib.
860 3836 887 3898 Π
901 3855 963 3917 cap.
981 3838 1009 3913 3,
1028 3837 1079 3900 nbi
1093 3836 1193 3901 Cicero
1212 3837 1249 3900 de
1267 3835 1408 3917 neglectis
1428 3837 1476 3900 1111

313 3945 404 4000 aetate
418 3940 557 4020 auspiciis
572 3959 588 4001 e
602 3938 681 4001 natbi
696 3937 787 4001 Stoici
802 3955 929 4019 persona
945 3957 1129 4020 conquerens
1143 3941 1219 4002 inter
1233 3938 1288 4002 alia
1301 3939 1375 4001 baec
1389 3939 1477 4002 dicit:

311 4038 412 4122 dropace
424 4044 573 4104 mocimus
586 4040 778 4123 reipublicae
793 4049 911 4122 portes,
932 4045 964 4103 tir
983 4041 1027 4104 dis
1047 4040 1136 4117 deuo,
1155 4041 1260 4124 pedus
1277 4045 1324 4105 rei
1335 4041 1478 4124 potitore

310 4142 391 4206 ouius
405 4147 578 4216 caudaemr,
597 4143 688 4205 ardet
702 4145 839 4224 cuspidis
853 4143 1114 4219 ododmstrmm
1132 4143 1218 4207 1101
1234 4147 1391 4226 peresam
1409 4164 1476 4209 asr-

311 4255 430 4318 oaotur,
445 4246 532 4309 ranila
545 4265 583 4307 ec·
598 4243 795 4319 ocoooinidcs3
813 4243 892 4306 nulli
904 4247 967 4307 ciri
978 4256 1132 4319 vacanter,
1151 4264 1191 4309 eto
1204 4263 1260 4328 peto
1273 4249 1308 4308 irs
1318 4251 1476 4328 procusos

311 4357 478 4411 oestcorerctc
487 4351 649 4430 perterreat.
678 4347 809 4428 Apparet
822 4345 876 4408 tria
891 4346 950 4409 boc
967 4347 1034 4410 ioco
1054 4347 1283 4411 commemorari
1301 4348 1477 4413 militarium

310 4449 510 4532 auspiciorum
526 4468 645 4533 genera:
660 4449 789 4533 primum
799 4451 963 4531 peceato,
978 4460 1052 4532 qnae
1067 4449 1249 4551 obseruanda
1263 4462 1349 4515 erant
1362 4449 1401 4515 ab
1414 4449 1476 4514 irn-
