3164 5138
574 397 769 491 „L

114 581 169 644 107.
183 583 217 644 ad
232 582 321 664 Sepla.
336 584 449 646 Electr.
466 588 493 645 vl
509 583 556 645 27.
572 584 608 646 ad
628 584 719 664 Vigor.
735 604 764 665 p.
782 583 852 648 785.
883 585 952 647 Utra
966 594 1064 647 autem
1078 584 1108 645 h.
1124 584 1142 647 Ι.
1154 584 1249 647 vertor

108 683 140 745 sit
153 685 221 747 rau‘o
239 695 268 748 et
285 704 543 767 supmmeaneum
562 695 607 749 est
626 704 766 767 quaerere
784 696 813 749 ct
831 686 959 760 difficile,
978 696 1012 749 ut
1029 688 1059 749 iu
1075 688 1249 767 fragmento,

108 785 265 859 discemere;
290 788 351 849 nisi
377 790 447 870 quis
476 791 551 851 sorte
577 790 778 855 Stesichorum
804 790 834 851 in
867 782 983 852 ούνεκα
1011 791 1167 870 particulae
1192 810 1248 854 usu

106 906 156 949 non
168 890 319 953 descivisse
334 901 458 955 censeat
471 893 509 954 ab
520 893 641 954 Homeri
655 894 876 967 consuetudine,
890 894 967 973 apud
980 911 1068 973 quem
1081 893 1156 956 illam
1169 913 1248 955 sem-

104 991 183 1071 perei
196 993 404 1066 enuntiationi,
422 995 505 1058 euius
520 996 664 1058 rationem
685 996 844 1070 contineat,
864 998 1005 1077 postponi
1020 996 1157 1059 Lehrsius
1176 1016 1248 1076 pro·

106 1092 170 1155 lavit
181 1095 215 1156 de
227 1095 392 1159 Aristarch.
409 1098 486 1160 stud.
501 1098 589 1160 Hom.
606 1117 635 1178 p.
651 1099 701 1161 69.
746 1098 832 1172 Quod
848 1100 873 1159 si
887 1098 926 1161 ita
941 1098 991 1173 sit,
1011 1108 1130 1179 apparet
1144 1107 1248 1161 nostro

104 1197 158 1261 loco
172 1192 208 1260 λε’
219 1218 281 1261 non
295 1218 392 1279 posse
405 1200 437 1262 in
451 1201 576 1280 apodosi
591 1220 666 1263 esse.
708 1201 746 1263 Et
760 1219 831 1264 sane
845 1219 899 1279 ego
920 1193 1037 1263 ούνικα
1056 1219 1151 1282 neque
1169 1203 1245 1283 apud

104 1299 246 1364 Hesiodum
268 1320 369 1382 neque
392 1302 470 1383 apud
497 1302 585 1365 alum
606 1304 796 1365 vetustiorem
822 1313 938 1384 poetam
964 1304 1046 1366 aliter
1072 1305 1280 1370 collocatumt

103 1404 215 1466 nmini.
231 1439 268 1449 —
287 1405 323 1467 ln
339 1406 447 1467 eodem
463 1424 549 1468 versu
564 1404 675 1469 dativus
691 1399 827 1487 κούραις
848 1406 905 1484 (rel
927 1400 1056 1490 κόραις,
1077 1416 1110 1469 ut
1128 1417 1249 1488 propter

102 1514 213 1567 numm
231 1508 459 1589 rescripsimus)
480 1507 614 1570 dubitare
633 1508 738 1589 aliquis
758 1509 855 1588 possit
873 1527 911 1571 an
926 1518 1034 1572 rectea
1054 1509 1165 1571 llleinio
1181 1529 1247 1572 cun

102 1609 248 1671 occurativo
264 1618 457 1690 permutatus
472 1611 524 1683 sit,
550 1620 583 1673 ut
599 1612 724 1692 pendeat
738 1631 755 1673 a
769 1611 857 1673 verbo
873 1611 1025 1693 principali
1040 1605 1168 1696 τίθησι.
1211 1612 1249 1674 Et

101 1710 211 1772 fortasse
229 1711 382 1775 llleinium
402 1713 459 1774 hoc
478 1731 594 1793 quoque
613 1713 772 1793 permovit,
795 1715 874 1795 quod
894 1732 955 1776 non
973 1714 1088 1777 liliabus
1107 1714 1158 1776 sed
1175 1715 1247 1793 patri

102 1814 290 1875 tantummodo
306 1814 454 1877 Venerem
469 1816 572 1877 uatem
588 1815 679 1878 luisse
693 1817 833 1879 crederet.
864 1817 922 1879 Sed
937 1824 1034 1879 umen
1050 1818 1120 1880 haee
1134 1818 1164 1879 iu
1175 1816 1247 1880 filias

103 1931 210 1994 qouque,
225 1917 352 1997 opinor,
372 1916 447 1979 iram
462 1936 478 1979 a
494 1926 576 1999 patre
590 1918 750 1981 transtulit:
770 1920 850 1999 quod
865 1921 890 1981 si
905 1921 1114 1993 concedamus,
1136 1921 1247 1983 dativus

102 2015 179 2079 utdto
197 2018 291 2099 magis
320 2038 413 2100 quam
440 2020 620 2083 accusativus
646 2020 824 2084 Graecorum
850 2022 1054 2085 consuetudini
1078 2023 1247 2103 respondet.

103 2115 190 2180 Solent
203 2120 281 2183 enim
293 2122 338 2197 hi,
356 2122 383 2184 si
398 2140 460 2184 non
472 2112 597 2203 semper,
612 2131 642 2185 at
650 2123 822 2204 plerumque
834 2132 940 2196 tamen,
956 2124 1007 2185 ubi
1017 2125 1171 2204 participio
1182 2144 1247 2187 ver·

102 2216 183 2299 loque
195 2222 277 2284 finito
292 2240 393 2287 unum
408 2225 553 2289 obiectum
565 2225 774 2307 apponendum
785 2222 839 2298 est,
856 2226 963 2288 obiecti
974 2245 1074 2288 casum
1086 2226 1247 2307 participio,

103 2323 201 2399 quoue
214 2325 275 2388 hoc
290 2328 420 2407 propius
435 2337 491 2404 est,
506 2346 568 2390 nou
583 2328 666 2389 linito
683 2327 773 2389 verbo
787 2328 1022 2402 accommodare,
1037 2329 1113 2392 velut
1127 2328 1246 2392 Hesiod.

104 2422 149 2504 dp.
161 2434 188 2487 et
200 2426 232 2488 ll.
252 2429 333 2491 166:
352 2428 424 2505 τοῖς
443 2466 488 2476 --
508 2421 585 2516 ἤθε’
603 2421 759 2504 ύποίσσας
777 2423 965 2505 κατένασσε,
977 2431 1015 2492 ib.
1036 2432 1113 2493 505:
1135 2423 1248 2515 πόντῳ

104 2518 272 2607 ἐμπνεύσας
295 2522 406 2616 diotre.
450 2533 591 2596 Herodot.
609 2535 637 2609 1,
653 2531 707 2594 66:
729 2527 779 2614 τῷ
793 2525 980 2615 Λυκούργῳ
997 2523 1068 2616 ίρὸν
1082 2525 1248 2614 εἱσάμενοι
1300 2553 1305 2565 ·

105 2623 252 2709 σέβονται.
276 2633 321 2696 ib.
348 2635 405 2696 47:
438 2628 664 2716 ἐντειλάμενος
694 2634 767 2709 τοῖς
792 2630 945 2697 Λυδοῖσι
977 2670 1019 2680 -
1052 2628 1246 2716 ἀπέπεμπε

105 2728 216 2814 Τλοαρλ.
231 2737 258 2809 1,
273 2736 334 2798 2οε
345 2732 394 2821 τῷ
404 2728 581 2820 Ἱππάρχῳ
596 2730 827 2820 περιτυχόντες
840 2772 882 2782 —-
899 2726 1103 2799 ἀπέκτειναν.
1119 2738 1158 2799 ib.
1175 2740 1247 2800 144:

103 2826 214 2912 τούτοις
234 2829 503 2919 ἀποκρινάμενοι
537 2830 821 2922 οίποπεμίψιομεν.
859 2838 897 2900 ib.
928 2840 1001 2901 105:
1036 2839 1108 2913 τοῖς
1135 2830 1249 2913 ίίλλοις

103 2929 310 3016 ξυμβαλόντας
330 2933 520 3025 ἐκράτησαν.
548 2941 607 3016 llll,
627 2943 663 3003 5:
703 2933 824 3004 Ἰώνων
845 2935 1069 3025 κρατήσαντας
1090 2936 1247 3019 ἐξελάσα-

104 3039 185 3102 σθαι.
206 3041 255 3117 u,
271 3043 304 3104 6:
326 3028 371 3104 ὦν
385 3035 550 3128 κρατήσας
570 3040 615 3129 μή
630 3038 839 3128 κατασχήσει.
856 3044 990 3124 Χοοορίι
1007 3044 1115 3106 Hellen.
1131 3046 1157 3117 l,
1172 3045 1200 3117 5,
1213 3044 1247 3108 6:

104 3131 187 3225 τίτιρΙ
202 3140 362 3231 προπιών
382 3180 424 3190 -
445 3135 552 3230 ἤρετο.
596 3146 668 3209 Plat.
697 3147 784 3225 Legg.
815 3146 887 3219 Vlll,
917 3147 936 3208 6
962 3166 991 3226 p.
1008 3146 1084 3209 837:
1108 3139 1248 3229 Κλεινίᾳ

105 3235 222 3329 ἐπήδων
246 3240 453 3330 πειράσομαι
474 3238 620 3310 πείθειν.
643 3248 698 3321 lll,
720 3248 739 3311 3
759 3268 788 3329 p.
805 3246 880 3309 856:
902 3235 953 3323 οἷς
975 3238 1015 3310 dv
1037 3242 1148 3313 αἰτίαν
1170 3243 1248 3312 ἐπι-

105 3340 199 3429 φέρων
226 3342 276 3427 εἷς
297 3342 512 3434 δικαστήριον
539 3338 612 3434 dipp-
656 3351 808 3413 Demosth.
825 3369 869 3430 pr.
886 3370 945 3412 cor.
967 3372 996 3431 p.
1020 3352 1092 3425 281,
1109 3351 1164 3413 22:
1192 3344 1249 3425 ούς

106 3463 138 3509 oo
149 3445 332 3515 κολακεύων
345 3444 625 3538 παρηκολούθεις.
653 3453 822 3534 Apollodor.
834 3452 882 3526 lll,
903 3455 950 3525 14,
967 3452 1000 3515 3:
1014 3441 1052 3516 οὗ
1065 3448 1249 3538 ἐρασθεῖσα

104 3536 353 3640 Ἠολςήρπασεν.

176 3656 346 3719 stesichoro
361 3656 478 3736 Ibycum
495 3657 632 3719 comitem
644 3657 840 3736 adiungimus.
870 3656 962 3720 Huius
977 3658 1113 3738 reliquias
1125 3657 1248 3720 Schnei-

107 3752 223 3821 emus
246 3777 343 3839 nuper
368 3758 566 3821 eruditissimo
591 3761 741 3822 emendata
763 3767 793 3821 et
818 3760 954 3839 explicata
983 3760 1073 3822 edidit
1097 3758 1250 3839 Gottingae

110 3856 193 3935 1833,
206 3879 304 3942 neque
316 3868 416 3923 tamen
430 3860 460 3922 in
477 3861 615 3924 omnibus
631 3863 693 3925 viro
706 3862 878 3925 doctissimo
894 3881 956 3925 rem
972 3863 1047 3925 hene
1062 3863 1187 3925 cessisse
1202 3862 1248 3923 iu-

73 3984 87 4007 s
107 3957 238 4024 lienus:
251 3963 339 4025 veluti
354 3963 433 4043 quod
449 3963 547 4043 primo
561 3963 628 4025 Ιοοο
644 3965 744 4044 posuit
757 3964 1026 4044 splendidissimum
1043 3967 1248 4044 fragmentum.

107 4058 291 4127 alltltenaeo
313 4065 378 4127 lllll
398 4084 427 4145 p.
454 4066 510 4127 661
536 4074 698 4140 servatum,
723 4085 785 4129 non
807 4065 899 4145 magis
915 4066 990 4128 illius
1013 4086 1099 4146 quam
1125 4066 1249 4128 aliorum

108 4164 261 4229 triticorum
277 4166 454 4230 coniecturis
470 4187 503 4229 ex
524 4167 606 4230 omni
619 4178 702 4249 parte
712 4178 922 4251 perpurgatum
934 4166 1054 4229 videtur.
1078 4169 1250 4229 Postremos

109 4267 174 4329 enim
187 4270 342 4349 fragmenti
358 4288 460 4333 versus
476 4270 516 4332 ita
530 4271 696 4351 descriptos
711 4270 802 4333 dedit:

109 4415 323 4441 wem-e
345 4365 421 4454 ἐμοὶ
446 4362 475 4433 d'
487 4363 592 4458 ’Ἔρος
614 4364 772 4454 οὐδεμίαν
793 4365 992 4447 κατάκοιτος
1013 4365 1108 4456 ὥραν,
