3290 5142
827 467 976 565 ...⁶2-

406 656 572 719 Procedens
591 656 680 736 igitur
699 655 731 718 in
745 673 863 718 scenam
877 658 971 719 solem
986 658 1130 737 conspicit
1143 659 1234 720 modo
1249 665 1385 723 exortum
1398 661 1478 724 radi-

321 758 405 841 isque
419 759 479 822 suis
494 777 610 821 summa
625 759 683 820 iam
698 760 845 821 montium
859 760 1011 822 cacumina
1026 760 1260 823 collustrantem:

520 855 668 946 Ἄρματα
689 854 749 941 μὲν
769 855 850 922 τάδε
871 857 1010 941 λαμπροὶ
1032 855 1233 945 τεθρίππων

511 955 633 1038 Ἥλιος
654 953 717 1046 ἤδη
740 956 867 1043 λάμπει
888 959 973 1025 κατὰ
995 960 1062 1047 γῆν.

320 1067 371 1129 Sol
391 1067 598 1148 quadrigarum
619 1084 741 1128 suarum
760 1065 948 1146 splendorem
968 1067 1126 1129 interram
1148 1069 1271 1131 effundit
1289 1088 1313 1130 s.
1334 1069 1425 1133 efficit
1443 1079 1477 1133 ut

319 1170 475 1251 quadrigae
501 1168 655 1249 splendore
679 1187 734 1231 suo
760 1175 871 1230 terram
895 1169 1075 1231 collustrent.
1106 1164 1271 1250 Λάμπειν
1291 1173 1370 1234 enim
1389 1174 1477 1235 etiam

318 1290 407 1335 sensu
421 1272 574 1335 transitivo
590 1271 696 1333 dicitur
709 1271 745 1332 de
760 1290 811 1345 eo,
831 1272 883 1352 qui
896 1272 986 1334 efficit
999 1279 1033 1334 ut
1048 1291 1094 1334 ras
1110 1272 1204 1352 aliqua
1217 1275 1370 1356 splendida
1384 1294 1475 1356 appa-

318 1384 380 1438 reat
394 1376 610 1457 conspicuoque
624 1375 684 1448 liat,
698 1373 950 1455 quemadmodum
965 1374 1027 1436 iere
1041 1375 1073 1437 in
1084 1374 1184 1437 Helen.
1200 1395 1227 1437 v.
1243 1357 1324 1439 llll
1336 1378 1475 1458 Nauplius

316 1478 448 1541 fallacem
464 1478 561 1559 ignem
576 1477 607 1538 in
617 1477 737 1539 Euboea
752 1476 922 1549 accendens,
939 1495 998 1557 quo
1014 1476 1136 1539 classem
1149 1478 1327 1541 Graecorum
1339 1480 1475 1560 decipiat,

318 1573 430 1643 δόλιον
451 1572 572 1663 α’στέρα
593 1574 730 1661 λάμψας
748 1579 866 1652 dicitur,
888 1598 922 1641 ac
942 1578 978 1639 de
999 1579 1104 1641 eodem
1125 1581 1212 1642 etiam
1228 1582 1366 1644 audacius
1379 1582 1474 1662 Lyco-

315 1683 413 1764 pbron
433 1683 516 1755 dicit,
536 1682 616 1744 Cass.
636 1703 662 1743 v.
684 1682 756 1756 345,
781 1675 858 1744 ὅταν
878 1672 997 1765 λάμψῃ
1019 1676 1122 1742 κακδν
1136 1679 1335 1767 φροντωρόν.
1364 1682 1473 1747 Nostro

316 1790 415 1848 aulem
429 1785 504 1860 loco,
520 1774 611 1865 quum
628 1784 678 1846 Sol
694 1776 825 1866 ἅρματα
838 1779 886 1843 λα
891 1778 1003 1865 μπρδ
1017 1774 1163 1862 λάμπειν
1177 1784 1300 1860 dicatur,
1317 1786 1389 1849 baec
1400 1804 1473 1849 con-

315 1888 439 1950 structio
464 1907 500 1949 eo
526 1889 623 1950 minus
650 1887 819 1949 offensionis
843 1885 945 1958 babet,
971 1885 1053 1965 quod
1077 1887 1177 1966 ipsum
1202 1887 1273 1950 illud
1297 1889 1471 1952 adiectirum

314 1991 427 2052 nomini
442 1990 575 2053 additum
590 2008 650 2052 non
665 1998 727 2052 tam
740 1990 838 2070 ipsum
852 2004 907 2070 per
919 2006 951 2049 se
966 2004 1095 2062 currum,
1112 2004 1202 2069 quam
1214 2008 1319 2053 currus
1330 1992 1473 2071 splendo-

314 2112 377 2156 rem
399 2094 585 2175 cogitandum
605 2112 670 2154 esse
692 2093 825 2171 doceat).
856 2092 922 2154 Non
945 2098 1008 2154 erat
1022 2092 1122 2172 igitur,
1144 2093 1223 2172 quod
1238 2092 1384 2156 Nauclrius
1401 2113 1471 2158 cum

312 2196 476 2278 llusgravio
489 2191 637 2278 κάμπτει
650 2195 738 2257 scribi
752 2194 867 2257 mallet:
883 2194 977 2256 immo
991 2194 1039 2256 rix
1052 2202 1153 2273 aptum
1168 2194 1197 2256 h.
1214 2196 1232 2257 l
1246 2189 1472 2275 adumbrasse

313 2299 486 2373 iudicamus,
502 2299 647 2381 siquidem
657 2298 720 2359 boc
734 2297 857 2358 verbum
872 2297 908 2358 de
924 2316 959 2358 εο
974 2304 1090 2359 tantum
1104 2304 1184 2358 recte
1199 2298 1255 2360 dici
1269 2299 1398 2376 videtur,
1418 2302 1470 2380 qui

313 2402 349 2463 de
364 2421 462 2476 cursu,
479 2421 566 2482 quem
582 2400 678 2462 adhuc
691 2406 841 2472 tenuerat„
852 2399 988 2474 delleolit,
1003 2417 1066 2461 non
1081 2398 1117 2461 de
1131 2418 1176 2477 eo,
1192 2400 1252 2481 qui,
1267 2409 1301 2463 ut
1313 2401 1373 2474 Sol,
1389 2419 1470 2465 nunc

311 2504 410 2586 ipsum
425 2522 542 2568 currere
557 2503 667 2583 incipit.
683 2537 726 2547 —
740 2502 882 2583 Sequitur
895 2521 922 2562 v.
940 2500 994 2563 86:
1022 2520 1025 2528 ⁴

512 2598 743 2689 Παρνησιάδες
765 2594 799 2663 δ’
824 2593 947 2682 ἄβατοι
969 2598 1112 2686 κορυφαὶ

511 2700 809 2786 καταλαμπόμεναι
830 2701 888 2791 τὴν
909 2698 1045 2787 ἡμερίαν

511 2801 624 2895 ἁψῖδα
645 2807 798 2892 βροτοῖσι
821 2804 979 2884 δέχονται.

310 2916 358 2978 Sic
377 2916 470 2987 enirn,
490 2907 549 2994 τὴν
566 2905 719 2994 ἡμερίαν,
741 2918 822 2971 recte
837 2910 978 2971 Canterus
998 2909 1124 2971 correxit
1138 2910 1274 2973 codicum
1288 2913 1465 2993 scriptrnam

307 3012 366 3102 τὴν
385 3010 525 3101 ἡμέραν,
548 3030 637 3095 quam
662 3030 718 3075 nec
743 3020 839 3074 metro
863 3029 919 3074 nec
944 3011 1106 3074 sententiae
1131 3020 1230 3093 aptam
1251 3035 1315 3078 esse
1335 3026 1464 3100 apparet

308 3118 383 3183 Nam
399 3118 479 3200 quod
493 3115 672 3188 Lobeckim,
694 3115 868 3196 Paralipom.
884 3134 913 3195 p.
930 3113 1005 3188 359,
1022 3116 1110 3177 etiam
1125 3116 1256 3179 adiectiri
1269 3110 1388 3202 ἡμερος
1401 3119 1465 3181 lor·

307 3239 388 3284 mam
408 3220 581 3282 femininam
601 3219 691 3281 luisse
711 3219 767 3292 ait,
788 3218 865 3298 apud
881 3217 993 3279 Atticos
1015 3226 1094 3280 certe
1116 3219 1180 3281 eins
1198 3220 1313 3282 formae
1332 3222 1465 3302 exempla

306 3324 386 3386 nulla
401 3329 499 3384 extare
513 3322 657 3396 videntur,
675 3339 781 3401 neque,
797 3328 831 3382 ut
846 3319 882 3381 de
898 3327 994 3382 metro
1008 3329 1129 3394 taceam,
1145 3322 1203 3384 boc
1218 3322 1368 3403 epitheton
1384 3324 1464 3386 orbi-

306 3434 353 3488 tae
381 3425 458 3487 Solis
483 3431 586 3507 aptum
611 3444 675 3485 esse
702 3423 845 3495 arbitror,
877 3440 939 3483 non
959 3424 1052 3502 magis
1078 3442 1167 3504 quam
1193 3426 1350 3508 πρᾳεῖαν,
1383 3427 1462 3506 quod

305 3528 479 3591 Matthiaeus
499 3537 529 3590 et
542 3528 764 3596 Lachmannus,
785 3526 822 3587 de
841 3525 922 3586 chor.
942 3532 1063 3606 system.
1085 3547 1114 3608 p.
1132 3526 1183 3599 31,
1198 3546 1215 3588 e
1228 3528 1360 3608 margine
1374 3530 1462 3591 unlus

306 3632 412 3695 codicis
434 3636 621 3713 receperunt,
642 3629 739 3691 addila
759 3628 847 3690 metri
867 3624 1006 3690 fulciendi
1026 3646 1113 3691 causa
1128 3630 1267 3712 particula
1283 3625 1328 3711 γε’.
1358 3631 1462 3712 Aptius

372 3870 398 3933 2)
416 3869 473 3922 Non
490 3868 613 3920 absimilis
630 3869 695 3920 ratio
713 3874 753 3918 est
768 3867 876 3918 aliorum
886 3867 1015 3929 locorum,
1031 3867 1074 3917 nbi
1086 3883 1131 3933 pro
1144 3868 1241 3918 obiecto
1254 3869 1327 3920 verbi
1338 3864 1462 3937 λάμπειν

304 3970 347 4007 res
363 3957 479 4024 ponitur,
496 3970 559 4021 quac
574 3954 629 4020 ipsu
646 3953 739 4020 aliquid
757 3952 897 4019 splendoris
915 3959 959 4002 ant
976 3952 1097 4018 quandam
1114 3952 1256 4020 splendoris
1269 3954 1461 4005 similitudinem

303 4041 392 4103 babet,
409 4049 439 4092 ot
453 4035 544 4096 ὄνθος
559 4035 645 4092 καλόν
661 4039 687 4090 in
703 4040 881 4107 epigrammata
896 4037 999 4087 Anthol.
1016 4037 1097 4088 Palat.
1109 4037 1165 4102 xll,
1177 4040 1222 4088 65:
1241 4025 1263 4107 ἡ
1280 4038 1366 4092 καλὸν
1376 4035 1461 4113 ἁβρο-

303 4123 391 4196 κδμης
406 4120 497 4183 ἄνθος
507 4118 635 4194 ἔλαμψεν
647 4120 742 4195 Ἔρως,
753 4126 778 4175 b.
791 4139 812 4176 a.
825 4122 983 4191 splendorem
995 4124 1198 4190 pulchritudinis,
1210 4133 1254 4175 aut
1265 4120 1338 4179 ἄταν
1348 4126 1374 4176 in
1385 4125 1460 4177 Bian-

302 4212 336 4263 tis
352 4226 430 4263 vorsu
445 4211 510 4277 apud
523 4210 595 4275 Πίος.
608 4211 637 4262 L.
650 4210 669 4273 l,
682 4211 727 4263 85:
745 4206 873 4275 αὐθάδης
889 4207 920 4260 δὲ
937 4204 1043 4275 τρόπος
1058 4205 1194 4279 βλαβερὰν
1211 4206 1368 4279 ἐξέλαμψεν
1379 4206 1461 4275 ὅταν,

302 4300 325 4350 Ιι.
339 4313 361 4348 e.
374 4292 516 4364 λαμπράν,
528 4297 650 4362 insignem
662 4305 688 4347 ct
700 4297 858 4363 conspicuam
870 4295 1015 4361 pernicicm.
1040 4295 1120 4345 Habet
1131 4296 1177 4346 bos
1190 4296 1260 4346 locos
1272 4295 1413 4347 Lobecllius
1425 4298 1458 4348 ad

302 4384 328 4435 S.
338 4382 379 4434 lli.
388 4397 412 4448 p.
423 4380 455 4432 89
465 4382 503 4433 ed.
515 4397 576 4447 sec,
586 4382 629 4433 ubi
641 4382 671 4433 de
684 4383 749 4433 omni
761 4382 809 4433 boc
820 4394 912 4447 gonaro
922 4381 1069 4443 vorborum,
1077 4395 1139 4447 quaa
1149 4395 1182 4431 cn
1191 4381 1362 4434 intransitirls
1372 4389 1460 4433 uana-

300 4468 363 4522 itira
375 4472 427 4530 aut,
437 4474 468 4520 ut
477 4469 531 4536 ipra
544 4468 588 4535 ait,
600 4464 717 4521 lactitlra
728 4468 799 4531 liunt,
813 4465 914 4533 copiosa
927 4467 1036 4532 exponit.
