3190 5136
848 427 908 487 154

773 515 866 523 ...u-.-
901 515 974 521 --—-

291 631 423 688 amores,
439 633 465 674 r.
484 615 670 694 1401,quos
683 613 749 693 ipsa
762 612 823 674 ulta
838 619 901 673 erat
913 611 1055 691 Aegistho
1066 613 1097 674 in
1107 614 1215 677 hatum
1227 634 1313 679 suum
1324 626 1453 697 recepto,

292 734 345 795 par
359 716 467 778 scilicet
480 734 536 796 pro
550 716 613 795 pari
628 717 756 777 reterens
768 715 988 795 Agamemnoni.
1014 715 1114 795 Neque
1124 717 1249 781 dubitari
1262 726 1369 798 potest,
1382 719 1454 800 quin

290 818 450 899 Aeschylus
464 818 734 898 Clytaemnestram,
749 818 815 880 licet
828 817 911 878 initio
926 818 1061 881 fortassis
1076 819 1145 883 odio
1160 828 1272 883 uatum
1288 821 1385 883 mariu
1395 822 1454 883 Ae-

291 921 388 1000 gistho
404 940 437 982 se
452 920 577 993 dederit,
592 940 663 982 mou
677 928 774 981 tamen
789 920 875 981 etiam
891 939 992 981 amore
1006 921 1093 983 huius
1108 931 1223 1001 captam
1239 940 1306 984 esse
1320 924 1455 997 voluerit,

292 1042 350 1102 quo
366 1023 512 1102 pertinent
526 1023 557 1084 in
571 1022 700 1102 Choeph.
716 1042 742 1082 v.
759 1023 820 1084 590
839 1040 904 1102 sqq.
925 1020 1085 1104 γυναικῶν
1106 1015 1224 1107 ἔρωτες
1246 1018 1456 1104 ποντόλμοις

290 1116 408 1187 ἶν’ταισι
430 1120 596 1205 σύννομοι,
618 1133 648 1187 et
668 1119 879 1209 θηλυκρατὴς
900 1117 1072 1209 ἀπέρατος
1094 1117 1188 1210 ibice:
1218 1128 1290 1206 quin
1318 1127 1381 1207 ipsa
1411 1147 1455 1199 se,

291 1229 370 1308 quod
385 1229 496 1291 tarndm
509 1227 573 1291 viro
589 1229 749 1290 carendum
768 1236 860 1303 esset,
880 1227 995 1291 caelibis
1014 1230 1089 1291 ritae
1106 1228 1202 1290 taedio
1221 1230 1258 1290 ad
1279 1230 1454 1293 adulterium

290 1331 412 1393 illectam
427 1349 494 1392 esse
508 1331 614 1393 latetur
628 1350 653 1391 v.
670 1331 731 1392 908
749 1331 789 1406 ³).

374 1432 441 1494 hlox
456 1432 486 1494 in
502 1432 682 1495 commaticis
699 1431 782 1495 chori
797 1431 918 1493 canticis
936 1431 1017 1494 1449
1032 1451 1098 1513 sqq.
1114 1433 1185 1496 haec
1198 1433 1348 1513 leguntur:

489 1523 511 1619 ἦ
533 1529 636 1616 μέγαν
658 1526 769 1609 οἴκοις
789 1531 904 1596 τοῖσδε

490 1629 634 1716 δαίμονα
655 1631 713 1698 καὶ
734 1630 916 1720 βαρύμηνιν
937 1628 1052 1711 αἰνεῖς.

290 1759 416 1821 quorum
431 1758 570 1802 versuum
585 1740 716 1819 priorem
731 1747 903 1819 corruptum
916 1758 982 1801 esso
993 1740 1195 1819 antistrophus
1207 1741 1314 1821 arguit,
1329 1745 1457 1823 penthe-

290 1843 426 1905 mimeres
442 1841 624 1922 dactylicum,
641 1834 685 1916 ὡς
706 1834 767 1920 μὲν
789 1831 940 1916 ἀναίτιος
961 1830 1007 1919 εἶ,
1022 1861 1077 1922 pro
1094 1861 1152 1922 quo
1169 1844 1217 1924 qui
1232 1854 1282 1906 aut
1295 1833 1325 1907 εἶ
1347 1864 1388 1909 σν
1404 1856 1459 1908 aut

289 1937 365 2007 ἔσοι’
385 1946 580 2024 scripserunt,
600 1962 662 2006 non
683 1952 780 2005 tamen
799 1945 992 2007 restituerunt
1009 1945 1166 2024 legitimam
1186 1947 1263 2027 apud
1278 1947 1457 2029 Aeschylum

290 2048 520 2128 aequabilitatem
532 2064 829 2127 numerorumquum
844 2047 874 2109 in
890 2047 1043 2127 strophico
1056 2048 1208 2127 spondeus
1220 2050 1259 2113 sit
1272 2068 1327 2131 pro
1340 2051 1457 2132 dactylo

289 2150 473 2230 antistrophi.
502 2149 602 2230 ltaque
617 2149 801 2212 [dermannus
816 2149 1004 2212 scribendum
1020 2150 1135 2213 censuit

489 2239 512 2336 ἦ
533 2246 619 2333 μέγα
641 2246 777 2332 δώμασι
799 2243 907 2315 τοῖσδ’

491 2351 613 2434 αἵμονα
633 2351 692 2416 καὶ
713 2349 894 2440 βαρύμηνιν
915 2346 1030 2431 αἰνεῖς,

289 2458 321 2519 in
339 2457 445 2539 quihus
464 2452 552 2539 μέγα
572 2477 627 2538 pro
647 2451 738 2537 μάλα
757 2457 861 2537 accipi,
877 2449 1021 2537 δαίμονα
1033 2466 1132 2521 autem
1146 2478 1181 2521 ex
1196 2466 1264 2522 ante
1279 2459 1364 2523 dictis
1379 2461 1457 2524 suh·

289 2561 383 2621 audiri
397 2560 470 2621 vult:
485 2578 602 2639 parurn,
616 2568 649 2621 ut
663 2560 736 2621 mihi
751 2561 875 2634 videtur,
891 2560 1089 2641 probabiliter.
1119 2562 1198 2623 Duae
1218 2582 1251 2623 se
1266 2564 1394 2626 ollerunt
1408 2566 1456 2628 la-

290 2663 403 2726 ciliores
419 2663 596 2726 emendandi
609 2663 684 2725 riae:
701 2663 802 2736 altera,
817 2672 850 2724 ut
861 2671 1023 2726 statuamus
1040 2663 1173 2727 codicum
1187 2664 1343 2727 lectionem
1358 2677 1456 2730 ortam

288 2785 354 2828 esse
376 2786 411 2827 ex
430 2767 690 2847 interpretamento
711 2765 833 2828 alicuius
853 2766 984 2828 adiectivi
1004 2766 1040 2828 ab
1061 2767 1202 2847 Aeschylo
1217 2768 1324 2847 positi,
1338 2770 1416 2831 velut
1433 2753 1456 2854 a}

287 2862 390 2949 μέγαν
412 2859 598 2952 αὐτογενῆ
621 2861 765 2947 δαίμονα
785 2869 815 2930 h.
835 2889 860 2928 e.
890 2871 1040 2953 συγγενῆ,
1069 2869 1316 2950 quemadmodum
1338 2888 1458 2953 ovyys-

288 2966 345 3055 νης
359 2963 489 3049 πότμος
504 2971 609 3035 dicitur
623 2989 639 3031 a
654 2969 780 3032 Pindaro
795 2970 877 3032 Nem.
893 2972 925 3045 V,
940 2972 990 3033 40.
1019 2972 1122 3034 lsthm.
1142 2972 1155 3032 1
1161 3019 1168 3046 ,
1185 2974 1239 3049 40,
1254 2982 1303 3035 aut
1317 2959 1337 3057 ἦ
1351 2968 1458 3054 μέγαν

290 3066 463 3135 οἰκίδιον
490 3071 534 3149 d,
566 3071 813 3152 quemadmodum
842 3065 1048 3136 κατοικίδιοι
1076 3066 1231 3154 δαίμονες
1257 3075 1314 3137 dici
1344 3076 1456 3151 solent,

290 3176 439 3239 autetiam
454 3164 476 3259 ἦ
490 3171 593 3256 μέγαν
607 3168 809 3256 ἐμμενέτον
824 3171 868 3250 d,
886 3184 919 3237 ut
938 3177 1015 3256 apud
1030 3176 1219 3256 Apollonium
1233 3178 1289 3241 Rh.
1304 3178 1351 3253 IV,
1370 3180 1455 3241 1549

291 3273 443 3359 deciperes
467 3271 634 3359 ἐγγενέται
654 3277 701 3338 dei
720 3277 872 3355 indigenae
893 3286 976 3353 sunt,
999 3279 1153 3359 potuitque
1172 3280 1249 3343 haud
1265 3281 1351 3343 dubie
1365 3282 1456 3345 etiam

290 3385 397 3445 alastor
412 3379 593 3443 domesticus
608 3374 775 3464 ἒμγενέτης
789 3380 854 3442 dici.
885 3382 980 3443 Altera
999 3382 1045 3443 via
1059 3382 1132 3443 haec
1146 3391 1206 3457 est,
1227 3393 1261 3446 ut
1274 3383 1419 3446 scribatur
1435 3372 1456 3468 ἦ

289 3481 390 3567 μέγαν
410 3479 445 3548 ἐν
458 3476 642 3565 μελάθροις
656 3477 811 3562 δαίμονα,
827 3503 961 3563 eamque,
974 3492 1007 3547 ut
1021 3483 1201 3559 facillimam,
1216 3486 1348 3566 equidem
1364 3506 1456 3568 prae-

292 3587 415 3649 tulerhn.
443 3585 544 3647 Potuit
557 3593 654 3647 autem
669 3586 780 3665 vulgata
796 3586 919 3648 existere
933 3588 976 3648 rol
988 3606 1023 3648 ex
1038 3587 1235 3661 correctione,
1259 3607 1350 3669 quum
1364 3587 1454 3650 oblit-

292 3698 380 3752 lerata
399 3686 618 3769 praepositione
636 3681 670 3750 ἐν
688 3688 836 3751 turbatum
850 3697 977 3751 meuum
998 3689 1101 3769 aliquis
1116 3690 1268 3752 restituere
1283 3692 1454 3772 quadamte-

291 3811 347 3854 nus
363 3792 465 3854 saltem
480 3797 648 3865 conaretur,
664 3792 710 3853 vel
725 3791 812 3853 etiam
827 3792 886 3865 sic,
905 3800 938 3853 ut
952 3791 1124 3855 vocabulum
1143 3793 1179 3855 ah
1195 3794 1352 3874 interprete
1366 3794 1455 3856 adhi-

291 3895 384 3956 bitum
397 3893 544 3955 alibrariis
552 3913 605 3973 per
614 3912 744 3956 errorem
754 3912 808 3973 pro
816 3895 944 3973 genuino
959 3902 1128 3974 poneretur.
1160 3896 1289 3959 Tertiam
1305 3897 1452 3977 quandam

291 3999 503 4071 coniecturam,
517 4014 591 4076 quae
605 3996 705 4058 nescio
721 3996 767 4057 cui
782 3996 812 4057 in
833 4005 961 4058 mentem
981 3996 1072 4071 venit,
1092 3984 1115 4083 ἦ
1132 3998 1234 4080 μέγαν
1253 3991 1454 4082 dromedae,

291 4119 343 4162 cur
357 4099 550 4180 spernendam
566 4090 685 4172 ducam,
699 4115 762 4160 non
777 4116 853 4178 opus
868 4107 914 4161 cst
928 4118 1081 4179 exponere.

307 4268 455 4276 ---·—--
477 4268 592 4277 --—-.-—‹

360 4337 383 4399 5)
402 4336 441 4387 Ah
453 4336 560 4388 Homero
573 4353 670 4405 qnoque
683 4344 710 4390 et
720 4336 828 4389 Pindaro
841 4345 868 4391 et
879 4339 1003 4408 Sophocle
1012 4358 1065 4394 rein
1077 4343 1114 4394 slc
1122 4344 1226 4411 proponi
1235 4345 1319 4396 nonni
1329 4345 1355 4396 in
1365 4360 1452 4397 eom.

290 4422 323 4472 ed
333 4420 405 4472 Eum.
417 4437 441 4488 p.
455 4421 496 4473 56.
508 4422 550 4473 57,
573 4422 638 4475 Addi
650 4431 751 4490 poterat
762 4424 837 4477 etium
848 4424 936 4493 Enrip.
950 4426 1034 4480 (treet.
1045 4428 1086 4479 Ad.
1099 4428 1142 4481 ²7.
1154 4436 1182 4481 et
1194 4428 1253 4480 568.
