3276 5144
797 434 950 534 ..e—ro-

295 628 393 706 ipsum
414 623 649 705 interrogare
669 623 740 705 quid
758 623 807 700 sit,
833 632 863 687 et
882 625 953 707 quid
972 630 1038 706 egat
1052 624 1104 707 qui
1118 625 1327 707 interrogativo
1341 643 1456 707 prono·

294 729 375 790 mine
400 727 502 801 utitur,
529 725 758 789 consideremus.
787 726 879 808 Igitur
895 728 1112 808 interrogamus
1134 745 1228 809 quum
1247 728 1283 790 de
1302 747 1336 791 re
1355 728 1457 808 quota

295 831 436 894 certiores
454 830 518 891 lieri
538 830 682 911 cupimus,
704 836 735 892 et
754 830 963 912 interrogativo
985 831 1163 911 pronomine
1177 831 1300 908 utimur,
1325 831 1377 893 ubi
1391 850 1456 893 rem

294 939 346 996 aut
359 951 525 1014 personam,
541 952 615 1012 quae
631 932 754 995 actionis
769 934 935 1003 subiectum
950 941 1001 996 aut
1016 934 1164 997 obiectum
1180 933 1228 1006 sit,
1245 933 1359 995 anobis
1370 933 1457 1014 igno-

294 1036 354 1099 rari
375 1035 559 1099 ostendimus
578 1035 724 1116 simulque
743 1036 867 1117 cupidos
887 1053 943 1098 nos
962 1055 1027 1098 csse
1043 1044 1140 1099 certae
1155 1037 1329 1117 cognitionis
1344 1035 1456 1117 signifi-

295 1157 406 1203 camus.
435 1138 548 1203 llorum
569 1137 693 1199 alterum
715 1138 891 1218 pronomine
911 1140 1089 1220 profitemur
1102 1138 1268 1212 indefinito,
1284 1138 1313 1200 ln
1328 1158 1355 1200 e.
1370 1139 1457 1218 igno·

293 1250 374 1305 ratae
389 1249 418 1303 et
431 1241 561 1303 incertae
576 1240 618 1304 rei
633 1241 726 1321 siguo,
744 1242 870 1304 alterum
885 1250 995 1316 autem
1017 1242 1048 1303 h.
1064 1261 1089 1305 e.
1105 1240 1195 1304 animi
1210 1241 1304 1302 nostri
1319 1241 1457 1303 allectum

293 1345 543 1425 cupiditatemque
558 1348 655 1406 certae
671 1343 856 1423 cognitionis,
873 1344 1074 1407 moderatione
1085 1345 1164 1406 vocis
1175 1348 1206 1405 et
1221 1351 1354 1407 accentu.
1381 1343 1457 1406 Nam

293 1448 377 1510 aliter
391 1448 475 1530 quis
491 1466 517 1508 v.
533 1446 595 1527 qui
609 1446 827 1527 pronuntiatur,
842 1445 894 1508 ubi
907 1445 1081 1527 simpliciter
1093 1445 1290 1519 indefinitum,
1306 1446 1391 1507 aliter
1405 1445 1457 1509 ubi

293 1551 534 1631 interrogativum
561 1556 615 1610 est.
646 1548 755 1611 Natura
777 1557 877 1611 nutem
896 1549 1041 1629 ignoratio
1060 1549 1142 1630 prior
1164 1557 1209 1610 est
1224 1566 1313 1629 quam
1329 1549 1456 1611 interro·

292 1655 380 1734 gatio,
396 1671 492 1734 neque
508 1652 664 1733 quisquam
677 1651 792 1733 quaerit
802 1670 877 1725 rem,
893 1652 950 1714 nisi
961 1670 1052 1733 qnam
1064 1652 1185 1733 ignorat.
1207 1651 1257 1713 Sic
1268 1651 1457 1732 igituretiam

292 1755 478 1817 indefinitam
499 1753 684 1836 pronominis
704 1754 947 1834 significationem
969 1755 1101 1836 priorem
1116 1771 1205 1836 φιιιιι
1220 1753 1457 1835 interrogativam

294 1856 461 1920 habendam
476 1875 541 1919 esse
555 1856 751 1919 censebimus.

379 1959 431 2021 llis
445 1959 585 2039 expositis
603 1959 663 2021 iam
683 1959 718 2021 ad
739 1959 911 2040 particulam
927 1978 995 2042 qne
1010 1961 1194 2031 revertimur,
1210 1959 1293 2023 cuius
1309 1960 1457 2024 artissima

293 2080 361 2127 cum
381 2062 557 2142 pronomine
580 2063 715 2142 cognatio
737 2081 832 2144 quum
852 2064 884 2125 in
899 2063 1036 2126 confesso
1059 2063 1112 2135 sit,
1135 2063 1193 2125 boc
1212 2070 1328 2126 tanturn
1348 2064 1456 2145 ambigi

292 2172 401 2246 potest,
416 2165 492 2227 sitne
508 2182 576 2244 que
588 2184 622 2225 er
632 2164 697 2245 ipso
706 2164 763 2226 boc
769 2166 946 2245 pronomine
954 2165 1142 2240 declinatum,
1155 2173 1189 2227 ut
1198 2166 1281 2246 prins
1290 2183 1456 2247 pronomen

293 2266 385 2330 luisse
403 2276 491 2348 atque
511 2266 598 2330 buius
618 2266 738 2329 demum
758 2266 885 2330 formam
906 2268 1054 2351 quandam
1074 2270 1221 2332 casualem
1235 2269 1267 2330 in
1281 2268 1456 2349 particulam

295 2370 401 2432 abiisse
422 2372 613 2434 statuendum
628 2370 676 2444 sit,
693 2388 730 2432 an
745 2370 830 2433 aliter
850 2391 883 2432 se
898 2390 946 2434 res
963 2371 1079 2434 babeat.
1101 2372 1176 2433 Nam
1191 2372 1287 2453 quiin
1303 2372 1457 2434 historiam

294 2473 460 2553 linguarum
475 2474 657 2555 inquisiverit
666 2482 695 2535 et
705 2473 812 2555 quibus
822 2474 972 2556 paullatim
983 2474 1120 2555 gradibus
1129 2475 1309 2538 adoleverint
1316 2482 1346 2537 et
1355 2476 1457 2537 excul-

294 2582 341 2638 tae
356 2578 416 2640 sint
430 2576 676 2650 animadverterit,
693 2582 787 2639 certas
803 2578 866 2639 illas
882 2596 1004 2640 casuum
1018 2577 1212 2640 formationes
1226 2593 1289 2639 non
1304 2579 1405 2640 statim
1418 2578 1455 2641 ab

293 2680 545 2755 initioinisse,sed
555 2679 859 2760 procedentedemum
868 2679 1456 2761 temporenatasesscintelliget,quarnm

295 2805 388 2871 ιιιιιιιιι
399 2785 470 2849 οΙὶιιι
480 2783 575 2846 maior
583 2801 726 2846 nummus
736 2790 824 2857 esset,
832 2801 902 2846 mor
911 2801 1004 2846 unam
1011 2791 1100 2864 atque
1109 2783 1229 2845 alteram
1240 2799 1455 2845 esrumrursus

294 2891 436 2955 omissam
458 2906 523 2951 esse
537 2887 682 2960 videmus,
706 2893 740 2948 ut
753 2885 784 2946 in
799 2886 862 2948 aliis
876 2886 984 2967 linguis
999 2888 1099 2967 plnres
1113 2885 1145 2947 in
1159 2885 1222 2947 aliis
1237 2866 1391 2966 pauciores
1406 2904 1455 2947 ea-

295 3012 346 3056 sus
361 2991 520 3073 supersint,
532 2989 650 3070 sintque
664 2990 754 3052 etiam
769 3006 844 3067 quae
859 2989 956 3050 nullos
970 2989 1033 3051 lere
1047 2987 1233 3061 retinuerint,
1248 2987 1300 3049 sed
1316 2987 1454 3069 quicquid

294 3097 366 3160 olim
379 3093 484 3157 formis
498 3092 715 3172 significabatur
728 3092 791 3154 aliis
807 3092 983 3172 quibusdam
1000 3091 1096 3153 modis
1110 3090 1275 3170 significent
1285 3090 1345 3169 ¹³).
1366 3089 1455 3170 lgitur

295 3217 387 3281 quum
401 3197 508 3277 stirpes
523 3194 733 3257 vocabulorum
748 3193 820 3254 olim
834 3193 1050 3273 monosyllabas
1066 3210 1171 3255 omnes
1188 3193 1280 3254 fuisse
1294 3193 1366 3255 satis
1381 3209 1453 3254 con·

294 3309 362 3370 stet,
377 3300 441 3361 fieri
455 3316 526 3360 sane
540 3298 646 3378 potuit,
663 3304 696 3358 ut
709 3296 815 3359 harum
836 3296 996 3358 nonnullae
1016 3294 1117 3376 quales
1138 3295 1222 3357 initio
1242 3294 1365 3357 luerunt
1383 3295 1454 3358 tolee

295 3403 384 3464 etiarn
398 3408 501 3482 postea
515 3405 722 3481 permanerent
738 3400 820 3461 omni
836 3418 890 3481 per
901 3398 1146 3479 compositionem
1163 3404 1214 3460 eut
1229 3396 1453 3461 declinationem

295 3503 457 3567 mutatione
471 3502 631 3566 immunes.
657 3500 701 3563 Ex
715 3502 773 3564 hoc
786 3520 893 3584 genere
908 3500 1036 3565 dubitari
1049 3500 1095 3563 vir
1111 3507 1209 3583 potest
1223 3501 1295 3582 quin
1308 3501 1339 3563 in
1354 3518 1454 3582 graeca

366 3761 407 3825 ts)
425 3760 582 3813 Testimonia
598 3761 637 3813 rei
655 3760 803 3812 notissimae
814 3760 908 3813 alienae
919 3775 1135 3828 supervacaneum
1147 3768 1199 3814 este
1215 3776 1295 3827 neqm
1306 3776 1367 3827 ege,
1383 3775 1456 3828 quun

296 3847 323 3901 in
342 3845 409 3898 libre
430 3846 461 3898 de
480 3854 558 3914 partt.
578 3864 617 3899 or.
635 3847 703 3919 1²·st
720 3847 835 3899 casuales
857 3849 984 3898 nominum
1007 3846 1102 3898 fornas
1114 3846 1388 3915 licetpercomnrodae,
1408 3863 1456 3898 noa

295 3940 380 3985 tannen
402 3932 489 3997 utique
506 3932 665 3984 necessarias
681 3933 807 3995 dicerem,
828 3948 974 3999 quemqnam
992 3930 1048 3984 lore
1060 3934 1148 4000 potavi
1160 3935 1201 4000 qni
1213 3932 1400 4000 obloqueretur.
1423 3930 1457 3982 lit

295 4027 380 4072 tamen
399 4019 448 4070 boc
470 4015 563 4069 lactum
583 4018 637 4070 vidi
656 4034 671 4069 a
694 4017 825 4070 Binmlino
845 4019 871 4070 in
883 4016 973 4069 Plrilol.
986 4016 1051 4070 xlx
1062 4034 1086 4085 p.
1099 4016 1158 4070 399.
1182 4017 1286 4070 Scilicet
1298 4018 1340 4071 vir
1351 4018 1457 4085 cptinna

296 4120 346 4156 non
363 4102 492 4157 intellexit
510 4104 648 4156 aliudesse
660 4105 786 4156 nominum
797 4119 929 4170 percusos
942 4103 1145 4167 declinationem,
1166 4103 1234 4154 alind
1247 4104 1319 4173 illud,
1339 4105 1405 4169 qnod
1416 4117 1459 4155 ca-

296 4191 367 4243 sibus
380 4191 482 4255 subest,
499 4206 587 4256 nempe
599 4198 628 4242 ut
640 4206 681 4243 res
694 4200 738 4243 ant
749 4189 858 4242 subiecti
871 4197 914 4240 aut
927 4188 1022 4241 obiecti
1034 4188 1142 4240 alienius
1154 4186 1236 4240 locum
1248 4188 1274 4239 in
1287 4189 1402 4240 oratioae
1414 4187 1459 4238 ela-

296 4278 402 4328 tineant
425 4274 488 4328 Nan
503 4278 552 4329 boc
569 4278 668 4344 quidem
681 4292 805 4343 nunqnam
818 4292 867 4327 non
879 4275 937 4327 deri
950 4290 1055 4326 necem
1066 4281 1120 4338 eat,
1141 4274 1204 4325 illud
1215 4275 1337 4338 dierum,
1357 4281 1386 4325 nt
1398 4274 1459 4324 son·

296 4362 419 4416 lectorum
431 4369 477 4414 ant
488 4363 642 4414 obiectorum
654 4363 838 4414 discriminatio
852 4362 928 4413 etiam
940 4359 1084 4413 casualibus
1093 4360 1219 4412 nominum
1228 4357 1316 4412 loannis
1324 4360 1460 4423 indicetur,

297 4466 347 4502 nou
358 4451 426 4501 item.
450 4448 546 4500 llocine
557 4448 636 4512 igitur
647 4447 791 4501 nimitum
802 4448 947 4516 perspicere
959 4464 1009 4499 aon
1019 4447 1118 4515 potnit?
