3290 5142
415 1372 699 1469 adnullatis
732 1375 792 1467 llll
823 1373 1091 1469 THEOGNIDE.

259 1624 294 1689 ln
308 1627 462 1707 prooemio
473 1624 647 1706 theogoniae
658 1624 815 1700 Hesiodus,
829 1625 890 1689 sire
901 1626 966 1706 quis
977 1627 1053 1691 alius
1061 1627 1118 1691 luit
1131 1627 1220 1693 huius
1230 1646 1339 1710 prooe-

174 1727 228 1790 mii
241 1730 433 1810 compositor,
448 1729 545 1793 llusas
559 1729 638 1810 ipsas
652 1728 827 1809 profitentes
840 1729 968 1805 inducit,
989 1730 1096 1792 multas
1117 1750 1134 1793 a
1154 1751 1187 1794 se
1208 1750 1256 1795 res
1275 1749 1338 1795 non

174 1848 267 1903 umas,
283 1831 335 1893 sed
349 1832 430 1895 fictas
445 1839 475 1894 et
489 1829 710 1895 commenticias
725 1829 816 1892 tradi:
832 1849 922 1911 quarn
941 1832 1157 1912 professionem
1170 1833 1239 1897 licet
1251 1840 1340 1916 poeta

174 1931 240 1994 sine
253 1932 341 1997 dubio
356 1934 393 1995 ad
408 1933 557 1996 fabulosas
571 1932 762 2013 potissimum
775 1933 812 1994 de
824 1932 868 1995 dis
878 1934 1028 2016 rebusque
1038 1935 1142 1999 divinis
1153 1936 1338 2001 narrationes

174 2034 321 2114 pertinere
335 2035 470 2111 soluerit,
485 2036 585 2117 quales
600 2035 632 2096 in
645 2034 802 2114 theogonia
816 2043 900 2109 sunt,
921 2054 978 2100 nos
996 2046 1097 2101 tamen
1111 2056 1173 2102 non
1187 2038 1337 2102 immerito

174 2135 263 2198 etiam
277 2135 364 2199 latius
378 2138 528 2217 aliquanto
543 2144 643 2218 patene
658 2136 800 2201 dicemus.
829 2136 918 2211 Nam,
934 2138 961 2201 si
981 2139 1018 2203 ab
1038 2140 1105 2203 urnis
1125 2140 1252 2204 tortasse
1271 2160 1337 2204 ma·

174 2238 339 2302 thematicis
360 2239 529 2303 decesseris
552 2238 691 2301 scientiae
716 2255 787 2299 suae
815 2239 991 2301 certitudine
1015 2241 1223 2320 gloriantibus,
1247 2242 1339 2306 ceteri

174 2339 293 2422 malem
309 2361 422 2418 omnes,
437 2344 489 2423 qui
502 2342 534 2404 in
547 2341 699 2404 Musarum
721 2339 834 2403 artibus
855 2358 1022 2417 versamur,
1040 2343 1172 2407 veritatis
1192 2344 1337 2425 cognitio·

173 2461 244 2508 nem
257 2444 349 2508 nimio
370 2446 486 2526 saepius
505 2443 606 2507 multis
626 2442 798 2524 magnisque
818 2442 1039 2507 difficultatibus
1060 2445 1146 2510 nobis
1164 2448 1336 2528 obsaeptam

173 2565 238 2611 esse
252 2548 396 2623 ridemus,
412 2548 472 2611 sire
485 2549 550 2630 ipsa
564 2564 667 2611 rerum
681 2554 786 2609 natura
801 2554 920 2627 captum
935 2548 1099 2611 humanum
1112 2549 1258 2629 fugiente,
1273 2550 1335 2613 sire

174 2650 376 2715 deficientibus
389 2652 477 2715 certis
491 2651 570 2714 notis
584 2660 674 2731 atque
688 2650 802 2713 indiciis
817 2651 853 2713 ed
868 2642 1074 2714 inveniendam
1085 2652 1336 2731 cognoscendam-

174 2771 231 2835 que
246 2754 397 2817 veritatem
417 2752 598 2817 necmsariis
626 2752 723 2833 Atque
743 2753 801 2815 boc
821 2753 941 2844 quidem
962 2753 998 2816 iis
1020 2754 1208 2834 potissimum
1232 2773 1336 2836 saepe·

173 2872 298 2919 numero
314 2856 498 2938 querendum
512 2862 566 2929 est,
582 2855 634 2936 qui
647 2853 784 2917 hbtoriee
799 2873 919 2935 operam
934 2855 1020 2930 dant,
1040 2855 1072 2918 in
1091 2875 1150 2937 quo
1173 2856 1287 2932 studio,
1301 2863 1337 2918 ut

173 2959 297 3041 quisque
312 2967 359 3023 eat
373 2960 502 3023 veritatis
516 2956 732 3039 cupidissimus,
747 2958 787 3020 ita
801 2957 960 3038 aegerrime
978 2959 1042 3021 eius
1062 2959 1251 3022 inveniendae
1270 2978 1336 3022 eer-

173 3068 234 3124 tam
248 3061 325 3124 uam
339 3061 395 3124 sibi
409 3060 599 3125 interclusam
614 3077 679 3121 esee
689 3058 756 3131 lert,
773 3059 851 3122 unde
871 3059 934 3123 lieri
947 3060 1039 3135 solet,
1059 3067 1094 3122 ut
1113 3061 1258 3141 ingeniosi
1278 3061 1335 3129 bo·
1446 3100 1449 3105 ,

173 3163 280 3238 mines,
295 3183 384 3246 quarn
398 3163 516 3245 assequi
529 3162 623 3244 ipsam
645 3167 808 3241 nequeant,
827 3160 891 3224 eius
911 3162 1040 3243 speciem
1061 3162 1166 3225 saltem
1186 3164 1334 3245 quandauu

171 3265 250 3330 baud
263 3265 488 3348 improbabilem
503 3270 718 3328 consectentuu.
749 3263 799 3326 Sic
812 3263 901 3344 igitur
915 3265 946 3327 in
961 3265 1043 3328 omni
1054 3265 1175 3329 historia
1186 3267 1335 3346 permulta

172 3369 329 3450 opinabilia
343 3376 373 3432 et
387 3366 591 3432 commenticia
606 3365 684 3429 veris
694 3372 726 3428 et
736 3367 895 3447 compertis
906 3367 1035 3430 admixta
1046 3377 1127 3443 sunt,
1142 3387 1239 3450 nequa
1253 3369 1334 3437 iusto

171 3471 302 3534 serenus
317 3489 368 3533 eos
382 3470 525 3533 iudicasse
540 3467 715 3542 dixerimus,
736 3468 786 3548 qui
806 3486 867 3531 non
886 3469 1042 3533 minimam
1062 3470 1126 3534 eius
1145 3479 1259 3551 partem
1279 3473 1335 3553 lig,

172 3574 280 3636 mentis
300 3580 435 3639 constare
452 3570 754 3653 pronuntiarunt,·in
774 3570 880 3651 quibus
899 3574 1085 3653 acquiescere
1104 3573 1240 3636 bomines
1260 3591 1334 3637 eon·

172 3676 319 3740 senserint
342 3675 431 3739 verbo
457 3676 537 3758 apud
557 3674 646 3738 ltaloa
669 3674 857 3756 frequentato
883 3694 916 3739 se
941 3674 1141 3738 consolantes:
1168 3693 1206 3740 ae
1226 3678 1335 3739 none

171 3797 275 3853 vero,
291 3780 308 3841 d
322 3778 389 3841 ben
403 3784 561 3840 trovato.

256 3880 349 3945 lluim
363 3881 446 3944 serbi
458 3898 514 3943 nos
528 3897 621 3961 quum
636 3879 706 3944 alias
720 3897 943 3962 saepenumero,
958 3885 1025 3943 tum
1038 3878 1085 3942 bis
1104 3878 1248 3961 proximis
1268 3877 1334 3942 die-

64 4052 71 4062 ,
169 3983 228 4047 bus
240 3982 387 4046 admoniti
399 4002 517 4058 sumus,
534 4001 627 4062 quum
644 3983 680 4046 ad
694 3983 863 4064 relegendas
877 3982 1056 4065 Theognidis
1070 3982 1207 4063 reliquias
1223 3982 1333 4045 vanas-

170 4103 228 4168 que
243 4085 279 4148 ds
293 4086 329 4148 iis
343 4087 476 4149 virorum
490 4086 648 4147 doctorum
662 4085 822 4149 sententies
843 4085 1095 4167 recognoscendus
1114 4102 1331 4149 revocaremur.

171 4188 248 4251 Nam
261 4186 334 4250 nibil
347 4188 379 4250 in
393 4187 429 4251 iis
443 4187 514 4251 satis
528 4193 642 4250 certum
657 4206 721 4250 esse
734 4188 945 4265 intelleximus,
961 4190 1019 4253 nisi
1038 4189 1096 4252 hoo
1117 4206 1229 4263 unum,
1252 4187 1332 4269 qnod

172 4290 352 4369 Welckerus,
366 4292 410 4355 vir
424 4292 460 4354 de
475 4290 694 4376 interpretando
708 4292 877 4373 Theognide
891 4310 968 4357 unus
985 4292 1120 4359 omnium
1139 4292 1225 4371 lunge
1240 4290 1332 4355 meri-

172 4393 315 4472 tissimus,
333 4396 496 4478 prudenter
514 4394 646 4471 pronuit,
662 4412 799 4475 magnam
817 4401 933 4475 partem
948 4396 1065 4462 illerum
1084 4394 1277 4476 reliquiarum
1295 4392 1333 4457 ed
