3276 5144
842 492 992 591 Ab„

330 685 441 748 Kritaio
468 684 626 758 assentior,
653 701 780 765 quorum
807 683 882 748 alter
900 684 974 748 haec
989 718 1030 728 —
1045 681 1124 763 quod
1145 680 1283 744 omnibus
1303 681 1333 742 in
1353 688 1490 765 promptu

329 795 393 851 erat
407 823 448 833 —
463 805 518 869 pro
537 787 704 871 parenthesi
722 788 840 869 accipit,
867 808 925 870 qua
950 787 1130 869 significetur
1150 785 1288 847 omnibus
1309 803 1372 846 rem
1397 784 1490 845 mani·

329 891 434 953 festam
449 892 557 964 luisse,
579 890 729 952 nemiuem
749 891 884 966 latuisse,
908 893 995 963 alter,
1019 890 1069 971 qui
1089 894 1168 950 reete
1189 888 1377 968 intelligeret,
1398 888 1489 969 ipsam

328 1000 508 1057 structuram
529 992 669 1055 orationis
689 992 804 1056 obstare
824 995 985 1075 quominus
1005 991 1082 1056 aliud
1098 990 1206 1053 horum
1222 990 1393 1064 semanim,
1414 989 1489 1051 aliud

328 1098 457 1177 reliquae
482 1095 693 1157 enuntiationis
719 1096 886 1159 subiectum
912 1114 977 1158 essa
1004 1095 1154 1167 credatur,
1180 1112 1235 1174 pro
1261 1095 1491 1174 inpromptu

328 1208 417 1273 certa,
439 1206 473 1261 ut
486 1199 536 1273 ait,
557 1197 761 1260 emendatione
777 1199 915 1283 impres
921 1217 1047 1282 perum
1063 1196 1208 1278 scripsit.¹
1218 1196 1247 1272 ⁰)
1283 1195 1402 1257 Placere
1417 1195 1491 1257 hano

329 1301 565 1364 emendationem
580 1320 669 1383 posse
684 1302 826 1363 concedo:
848 1301 1043 1364 necessariam
1063 1319 1097 1362 ac
1112 1306 1222 1360 certam
1238 1315 1378 1359 essenon
1394 1298 1490 1371 credo,

328 1405 380 1467 sed
396 1405 549 1485 acquiesco
572 1403 731 1483 invulgata
753 1405 887 1467 codicum
903 1405 1036 1466 lectione.
1067 1401 1213 1463 Nimirum
1229 1401 1362 1481 loquitur
1375 1401 1491 1463 Tacitus

328 1507 533 1571 decollatione
549 1506 706 1578 frumenti,
728 1525 803 1587 quae
824 1507 907 1569 malis
923 1507 1035 1569 artibus
1051 1504 1250 1588 procuratoris
1266 1505 1389 1584 eiusque
1403 1503 1490 1565 mini-

327 1617 459 1673 strorum
480 1630 517 1671 ex
536 1609 693 1683 tolerabili,
716 1617 744 1671 et
764 1610 881 1690 qualem
902 1618 1052 1691 praestare
1074 1627 1179 1670 omnes
1195 1608 1259 1669 sine
1272 1606 1407 1669 molestia
1421 1626 1491 1688 pos·

328 1720 404 1785 sant,
426 1713 458 1773 in
473 1717 628 1790 quaestum
644 1729 807 1792 paucorum
828 1711 1058 1774 convertebatur.
1103 1708 1223 1772 Collatia
1237 1709 1379 1771 frumenti
1394 1709 1492 1771 omni-

329 1814 386 1876 bus
407 1812 438 1874 in
462 1819 603 1895 promptu
625 1817 696 1885 erat,
723 1813 834 1876 scilicet
854 1814 881 1875 si
902 1821 981 1876 recte
1002 1831 1037 1876 ac
1058 1812 1185 1893 legitime
1207 1830 1275 1874 cum
1290 1812 1325 1873 iis
1340 1819 1491 1892 ageretur:

214 1996 217 2001 ἡ
329 1932 411 1978 nunc
436 1923 545 1986 autem,
572 1934 666 1996 quum
689 1934 776 1978 secus
803 1924 946 1997 ageretur,
972 1916 1073 1996 paucis
1100 1915 1224 1976 lucrosa.
1251 1914 1305 1976 Est
1319 1915 1409 1995 igitur
1422 1914 1493 1975 illud

330 2017 564 2081 conditionaliter
578 2019 700 2091 dictum,
727 2019 836 2081 omissa
851 2018 1017 2101 hypothesi,
1044 2018 1154 2101 quippe
1169 2036 1258 2098 quam
1272 2017 1425 2079 subaudiri
1440 2015 1492 2078 de·

329 2122 399 2184 herc
415 2140 462 2184 res
478 2122 540 2202 ipsa
561 2128 747 2183 monstraret.
791 2122 893 2201 Neque
913 2121 1052 2184 abhorret
1071 2121 1121 2182 hic
1134 2139 1206 2182 usus
1220 2120 1367 2182 indicativi
1381 2120 1493 2203 imper·

328 2224 407 2299 iacti,
423 2232 457 2287 ut
472 2225 706 2287 conditionaliter
720 2225 811 2304 accipi
826 2225 940 2297 debeat,
956 2224 992 2285 ab
1008 2224 1188 2305 optimorum
1204 2223 1383 2306 scriptorum
1399 2240 1493 2285 mora.

328 2328 392 2390 vid.
406 2328 550 2390 Drakenb.
566 2328 603 2389 ad
619 2326 678 2389 hir.
694 2327 848 2403 Xlllllllll,
865 2327 894 2401 2,
912 2328 940 2388 2.
956 2326 1031 2409 llbl,
1047 2326 1099 2400 24,
1111 2327 1140 2387 4.
1155 2325 1276 2405 llrirger.
1292 2326 1329 2388 de
1343 2332 1492 2389 cousecut.

328 2438 420 2512 temp.
436 2431 468 2492 in
489 2431 553 2493 eius
569 2437 683 2511 quaest.
700 2430 831 2492 Gramm.
856 2430 1030 2506 (Grammat.
1047 2427 1239 2506 Untersuch.)
1262 2429 1290 2490 ll
1311 2450 1340 2512 p.
1357 2427 1428 2490 366.
1451 2426 1492 2489 ld.

332 2540 486 2613 grammat.
509 2533 559 2594 lat.
581 2536 607 2609 t.
625 2532 697 2595 463.
721 2533 838 2616 Zumpt.
861 2537 888 2610 t.
905 2532 977 2594 519.
1006 2532 1045 2594 lit
1059 2531 1185 2594 Graecos
1208 2550 1327 2613 quoqne
1342 2548 1494 2592 nonnum·

330 2654 420 2717 quam
435 2636 478 2698 sic
491 2636 571 2698 hunc
586 2634 774 2698 indicativum
790 2636 905 2719 imperi.
921 2636 1032 2717 absque
1047 2635 1188 2718 particula
1210 2626 1251 2697 dv
1271 2652 1414 2718 usurpare
1435 2651 1493 2696 no-

327 2747 393 2802 tum
408 2746 463 2801 est.
1270 2790 1275 2798 .

413 2840 595 2921 Capilllll,
612 2839 647 2900 2:
674 2839 821 2902 Nullum
847 2839 890 2903 ab
909 2841 1080 2922 Agricola
1105 2840 1269 2925 positum
1297 2841 1494 2904 castellum

327 2951 388 3009 aut
409 2945 443 3005 ri
464 2942 628 3004 hostiurn
648 2949 899 3024 expugnatum
921 2950 985 3006 aut
1005 2944 1088 3025 fuga
1108 2945 1315 3020 desertum3
1336 2945 1494 3007 crebrae

326 3045 568 3128 eruptiones;
589 3062 669 3106 nam
684 3045 858 3106 adversus
874 3063 990 3109 moras
1007 3047 1214 3110 obsidionis
1228 3048 1360 3110 annuis
1375 3048 1493 3131 copiis

326 3148 582 3213 firmabantur.
606 3148 659 3209 lta
675 3147 860 3230 intrepida
875 3148 927 3211 ibi
942 3150 1059 3212 hiems
1074 3150 1197 3212 etsihi
1212 3150 1369 3232 quisque
1384 3170 1492 3232 prae·

326 3251 432 3314 aldio.
477 3248 542 3310 Non
569 3250 673 3312 iniuria
692 3249 823 3323 Wexius,
846 3249 977 3333 Prolegg.
1000 3272 1029 3334 p.
1049 3252 1123 3326 131,
1147 3255 1359 3317 sententiarum
1380 3272 1492 3317 nerum

326 3354 434 3416 misere
460 3352 628 3414 conturbari
657 3370 692 3413 ac
720 3370 842 3435 prorsus
870 3354 999 3418 subverti
1029 3356 1162 3437 queritur
1186 3356 1366 3437 interpositis
1395 3356 1493 3419 verbis

327 3455 476 3519 crebrae
495 3455 728 3536 eruptiones,
750 3455 856 3536 quibus
877 3459 993 3520 omissis
1014 3459 1113 3522 omnia
1128 3459 1242 3539 egregie
1266 3460 1366 3521 etrite
1381 3478 1490 3541 proce-

327 3560 407 3620 dant.
450 3558 532 3622 Hanc
546 3559 585 3622 ob
600 3577 718 3622 oausam
733 3558 779 3621 illa
794 3559 881 3621 verba
896 3561 1011 3623 uncinis
1025 3561 1143 3623 inclusit
1156 3567 1261 3644 utpote
1276 3561 1374 3643 aliquo
1390 3580 1493 3625 errore

324 3680 360 3724 ex
375 3663 552 3744 glossemate
567 3662 602 3723 ad
618 3680 680 3745 cap.
697 3659 783 3729 2⁰st
809 3662 967 3737 (subitis
982 3663 1216 3742 excursibus)
1242 3664 1273 3725 in
1292 3664 1372 3725 bunc
1390 3665 1491 3726 locum

324 3768 475 3828 translata.
497 3765 530 3826 ld
545 3765 665 3846 quidem
680 3764 779 3825 minus
794 3765 950 3853 verisimile
964 3766 1088 3838 videtur,
1104 3767 1155 3828 sed
1170 3766 1279 3828 iustam
1295 3767 1491 3828 offensionem

324 3888 391 3931 esse
408 3867 505 3949 negari
524 3885 585 3928 non
607 3873 712 3948 potest.
757 3865 831 3927 Nam
855 3868 934 3947 quod
949 3868 1078 3930 llritzius
1093 3886 1202 3931 nexum
1217 3869 1430 3931 sententiarum
1446 3870 1493 3931 sic

324 3972 471 4034 declarare
485 3969 594 4042 studet,
616 3978 650 4032 ut
667 3968 761 4031 verbis
776 3987 857 4031 nam
874 4004 915 4015 -
929 3970 1183 4035 firmabantur
1196 3989 1314 4033 causam
1330 3972 1427 4034 afferri
1442 3972 1492 4034 di-

325 4083 381 4148 cat,
402 4094 455 4137 cur
474 4073 618 4155 praesidia
636 4073 666 4134 in
688 4071 812 4134 castellis
832 4090 892 4134 nou
914 4073 1011 4135 solum
1027 4075 1141 4136 nullum
1157 4074 1298 4137 damnum
1313 4076 1490 4157 acceperint,

324 4177 375 4239 sed
397 4179 485 4239 etiam
505 4175 621 4238 crebras
642 4175 812 4256 eruptiones
832 4174 963 4249 iecerint,
986 4177 1094 4260 quippe
1114 4195 1207 4259 quum
1222 4178 1315 4258 copiis
1330 4179 1361 4240 in
1375 4195 1490 4240 annum

324 4281 449 4362 provisis
464 4279 537 4342 nihil
551 4279 606 4340 illis
621 4277 657 4339 ad
673 4277 852 4340 alacritatem
867 4278 998 4342 deesset:
1014 4280 1154 4342 obiecerit
1164 4281 1290 4343 leuasse
1301 4280 1415 4361 aliquis,
1432 4281 1492 4343 boc

394 4500 435 4564 10)
452 4498 480 4553 ln
492 4501 530 4553 cd.
545 4501 637 4569 prima:
649 4515 706 4553 nam
718 4500 743 4551 in
756 4499 839 4553 altera
851 4501 924 4567 plana
935 4501 995 4554 mihi
1007 4502 1156 4555 assentitur.
