3154 5138
855 405 918 470 354

305 605 362 676 que
376 594 485 657 minero
500 592 698 673 diuturnoque
712 590 819 653 morbo
839 590 876 653 ab
894 590 1069 672 Aesculapio
1088 591 1373 673 interemptumcoac
1385 590 1450 654 [lio-

303 699 430 778 nydum,
443 706 543 761 tamen
558 714 619 759 non
630 696 730 777 inepte
743 694 801 757 lroc
815 694 921 757 iterum
936 693 1074 757 inculcari
1089 694 1262 769 diceremur,
1276 694 1411 774 qnoniam
1422 694 1453 757 in

304 818 340 862 eo
356 800 443 863 cardo
460 797 720 880 argumentationis
735 798 864 862 vertitur.
907 798 945 861 lt
964 816 1034 861 raro
1049 798 1165 861 additur
1179 798 1266 860 etiam
1281 795 1388 877 aliquid
1400 815 1453 860 no·

301 921 380 978 vum,
395 920 554 984 memnon
570 901 660 965 modo
676 902 707 963 in
716 901 823 964 lectulo
839 918 894 963 auo
909 909 1054 975 mortuus,
1068 901 1122 963 sed
1136 899 1222 963 etiam
1237 898 1270 961 in
1283 916 1389 978 rogum
1400 899 1455 961 im·

303 1005 423 1084 punitus
442 1004 538 1067 illatam
558 1024 624 1067 osee
639 1004 757 1078 dicitur,
772 1003 802 1066 lr.
817 1022 843 1064 e.
858 1020 896 1065 ne
915 1010 1131 1083 postmortem
1149 1000 1267 1083 qrridem
1286 1000 1344 1063 ulla
1367 1019 1457 1082 poma

303 1107 430 1181 allectus,
445 1107 558 1187 qualem
573 1107 643 1169 alias
658 1105 803 1169 sceleratio
818 1114 847 1167 et
860 1104 1010 1186 sacrilegis
1021 1103 1192 1186 impositam
1201 1104 1339 1184 legimur,
1352 1110 1387 1166 nt
1396 1121 1459 1166 cor·

302 1227 376 1290 pora
394 1226 498 1272 eorum
515 1196 675 1271 inhumata¹
689 1207 903 1288 proiioarcntur
931 1207 1044 1290 aliaque
1067 1207 1244 1271 contumelia
1269 1206 1459 1277 attremuit,

303 1313 385 1374 cuiue
403 1312 518 1393 generis
536 1312 668 1393 exempla
686 1311 904 1375 llirclrmennna
924 1317 1069 1373 memorat
1087 1309 1124 1373 de
1143 1311 1227 1373 lunn.
1244 1307 1375 1390 append.
1394 1327 1420 1371 c
1433 1309 1462 1370 t.

302 1412 436 1476 Ceterum
451 1414 611 1495 ipsaetiam
626 1412 794 1476 coniunctio
809 1421 913 1494 atque
927 1413 1005 1476 hanc
1011 1413 1285 1495 interpretationem
1293 1411 1463 1474 confirmare

302 1516 423 1578 ridetur.
468 1516 633 1598 Usnrpatur
646 1515 724 1578 enirn
740 1532 774 1577 ea
787 1532 850 1577 non
863 1532 945 1590 raro,
960 1513 1009 1577 ubi
1028 1514 1123 1578 malua
1138 1513 1247 1596 aliquid
1262 1512 1465 1596 aupffloribnr

304 1616 476 1699 adiungitur,
490 1618 657 1700 utpotuerit
672 1616 761 1679 etiam
775 1625 879 1697 atque
893 1614 979 1678 adeo
994 1624 1045 1679 aut
1058 1616 1164 1680 immo
1176 1617 1260 1698 poni
1291 1615 1357 1679 vid.
1368 1633 1464 1678 caem-

302 1720 349 1801 pla
364 1720 442 1801 apud
458 1720 605 1783 Raudium
621 1719 744 1783 Tursell.
758 1719 781 1780 l.
796 1738 825 1800 p.
841 1718 905 1782 466
919 1737 964 1800 aq.
980 1717 1067 1793 5854
1082 1737 1264 1801 quamquam
1279 1718 1307 1783 is
1323 1739 1355 1801 p.
1363 1718 1423 1781 491
1433 1717 1468 1779 de

303 1822 440 1885 hocloco
455 1823 552 1903 patulo
567 1822 649 1885 aliter
663 1829 789 1884 soluere
803 1821 927 1885 videtur.

388 1925 459 2006 Gap.
473 1922 587 1999 xxxi,
599 1922 649 1987 85.
683 1922 727 1986 Ut
746 1923 841 1986 enim
858 1941 926 1986 nec
946 1924 1073 1987 domuc
1089 1940 1154 1986 nec
1170 1942 1231 1987 ree
1251 1923 1401 2006 publica
1416 1944 1470 1987 ra·

303 2026 400 2088 tione
419 2027 566 2108 quadarn
587 2033 620 2087 et
638 2024 831 2106 disciplina
852 2024 1036 2106 designata
1054 2024 1233 2102 rideatur,
1256 2026 1290 2089 ai
1306 2026 1472 2090 incanae

302 2137 400 2191 recte
413 2129 519 2192 iactis
535 2128 692 2209 praemia
706 2135 823 2190 extent
837 2127 922 2202 ulla,
941 2145 1007 2190 neo
1026 2126 1205 2208 supplicia
1225 2130 1412 2209 peccatis,
1426 2130 1473 2192 ric

303 2231 425 2292 mundi
444 2230 562 2292 divina
583 2230 619 2292 in
639 2229 802 2292 homines
822 2229 1022 2293 moderatio
1043 2231 1207 2310 proiecto
1227 2231 1334 2295 nulla
1354 2240 1424 2309 eat,
1446 2230 1473 2292 ri

302 2332 337 2393 in
352 2351 390 2395 ea
405 2332 599 2395 discrimen
613 2332 748 2394 nullum
763 2338 817 2394 ent
831 2331 1009 2394 bonorum
1024 2332 1261 2396 etmalorum.
1303 2333 1476 2416 Suspioetur

302 2433 404 2514 aliquis
419 2453 487 2497 cum
505 2434 655 2507 Wallmm,
676 2433 864 2496 smibendum
878 2451 944 2496 aare
962 2432 994 2496 in
1008 2433 1099 2496 altero
1118 2434 1260 2498 membro
1277 2435 1365 2499 siin
1379 2444 1479 2511 eo‚ut

301 2535 477 2617 intelligatur
496 2535 698 2610 inmundo,
717 2534 967 2617 quemadmodum
986 2543 1054 2599 ante
1072 2536 1102 2598 ai
1117 2536 1153 2599 in
1167 2556 1208 2601 ca
1224 2539 1313 2603 haud
1329 2538 1421 2602 dubie
1434 2537 1478 2600 in·

302 2638 489 2720 elligendum
508 2647 554 2702 oet
578 2639 613 2701 in
641 2639 745 2701 domo
765 2645 823 2701 aut
841 2638 877 2700 in
891 2638 1085 2720 republica.
1123 2639 1246 2705 Servari
1262 2651 1373 2706 manen
1385 2648 1482 2723 potmt

301 2741 414 2821 vulgata
428 2741 524 2816 lectio,
538 2741 629 2803 modo
644 2739 797 2821 superiora
812 2738 899 2802 rerba
913 2739 958 2801 ric
971 2738 1162 2820 accipiantur:
1177 2743 1361 2808 moderatio
1376 2744 1423 2807 illa
1437 2742 1480 2806 di·

302 2844 376 2917 rina,
392 2861 481 2924 quarn
496 2841 586 2905 Stoici
602 2841 712 2917 dicunt,
728 2842 754 2904 ai
768 2848 815 2904 est
828 2842 986 2917 eiusmodi,
1000 2850 1034 2906 ut
1047 2843 1079 2905 in
1094 2863 1127 2907 ea
1141 2844 1267 2908 nullum
1282 2846 1443 2911 bonorum
1457 2854 1484 2908 ct

301 2945 446 3008 malorum
460 2942 619 3007 dieonrnen
632 2943 681 3018 nit,
696 2944 782 3026 plane
793 2944 1037 3008 commenticiaac
1046 2945 1124 3008 nulla
1136 2953 1190 3008 eut
1226 2948 1375 3013 Fumant
1389 2949 1483 3019 otiam.

251 3058 284 3108 ao
304 3045 410 3127 quibus
424 3045 541 3108 mundi
557 3046 755 3110 moderatio
770 3046 806 3110 in
821 3045 985 3110 homines
999 3054 1147 3111 nonmcte
1161 3048 1236 3127 dici,
1250 3061 1350 3117 etant
1365 3051 1485 3117 mnndi

303 3157 354 3211 aut
366 3147 403 3211 in
417 3146 580 3210 homines
596 3148 752 3212 delendum
765 3148 926 3222 rideretur3
945 3148 1097 3213 walterus
1117 3159 1220 3215 auum
1242 3156 1361 3237 reponi
1381 3154 1484 3219 voluit:

303 3250 354 3312 sic
368 3250 403 3312 in
418 3250 549 3313 mundo
564 3250 683 3313 divina
698 3251 732 3313 in
747 3249 909 3314 hominos
924 3252 1123 3316 moderatio
1138 3254 1244 3320 nulla
1268 3269 1341 3323 cst.
1384 3258 1487 3339 Vulga-

303 3360 364 3415 tum
380 3352 533 3416 Ernestius
553 3352 597 3416 sio
611 3361 720 3428 tuetur,
736 3363 768 3415 ut
789 3351 877 3427 dicat,
892 3353 1020 3435 primum
1039 3356 1213 3420 universam
1237 3363 1486 3428 moderationuo

301 3453 431 3518 divinam
444 3454 657 3536 intelligendam
672 3474 740 3518 erae
752 3455 935 3520 inmundum
944 3457 1173 3535 scunivernum,
1190 3461 1316 3529 deinde
1327 3465 1489 3549 separatim

302 3555 365 3620 eiua
384 3565 510 3638 partem,
535 3578 609 3638 qrrae
628 3558 663 3621 ad
680 3558 816 3622 homines
835 3559 992 3638 pertineat3
1017 3560 1213 3627 Heindoriius
1232 3577 1352 3633 contm
1366 3566 1491 3634 mundi

302 3659 458 3740 genitium
473 3678 536 3722 non
562 3661 736 3725 obiemimm
757 3661 809 3723 sed
821 3661 1030 3738 'sullectinum
1051 3673 1083 3727 ut
1100 3665 1192 3728 hodie
1215 3668 1403 3751 loquimur,
1430 3688 1491 3734 aene

301 3763 461 3838 contendit,
476 3762 618 3844 siquidem
634 3764 764 3828 mundun
779 3765 890 3846 ipsoex
906 3763 1073 3831 Stoicorum
1088 3770 1347 3840 amtentialleun
1364 3776 1416 3842 sit.
1442 3776 1491 3839 tt·

303 3865 353 3946 qui
368 3865 395 3928 si
409 3866 598 3939 conferarii,
618 3866 648 3941 1,
664 3866 698 3929 3;
717 3868 849 3930 docent
868 3886 948 3930 esso
966 3869 1068 3943 deos,
1087 3906 1129 3917 -
1148 3872 1302 3941 deinde
1318 3879 1491 3942 mundum

302 3966 344 4028 ab
358 3967 408 4029 eis
423 3967 684 4044 administrari,
698 3978 748 4032 aut
762 3968 811 4045 30,
827 3969 881 4032 74:
902 3970 983 4034 dico
1004 3972 1115 4054 igitur
1129 3979 1393 4056 providentia
1408 3982 1493 4046 deo·

302 4087 378 4132 rum
393 4072 558 4134 mundum
573 4080 607 4134 et
622 4090 743 4135 omncs
758 4073 878 4135 mundi
893 4082 1013 4155 partes
1025 4110 1067 4122 -
1082 4076 1381 4148 administrari.
1409 4086 1492 4148 ium·

303 4191 360 4254 que
373 4172 484 4236 similer
502 4173 584 4237 locos
604 4175 644 4249 ll,
660 4174 714 4251 30,
729 4175 778 4238 77.
796 4175 851 4250 33,
866 4175 917 4239 85.
934 4176 988 4253 34,
1003 4177 1054 4241 86.
1070 4177 1126 4253 53,
1144 4179 1227 4245 132.
1251 4186 1333 4252 133.
1350 4189 1410 4264 dl,
1427 4188 1494 4251 154.

300 4275 348 4349 lll,
365 4276 416 4349 25,
432 4277 487 4339 65:
502 4277 644 4358 intelliges
658 4280 791 4359 prolecto
806 4278 963 4360 genitivum
977 4279 1009 4343 in
1018 4281 1078 4345 hoc
1091 4288 1247 4350 contextu
1262 4307 1337 4354 non
1352 4288 1494 4357 subiecti·

302 4396 369 4442 rum
384 4379 437 4441 sed
452 4377 625 4444 obiectivum
640 4400 716 4457 eaeo,
731 4381 761 4446 h.
776 4402 802 4446 e.
816 4382 962 4446 mnndum
975 4401 1036 4447 non
1051 4383 1352 4461 administrator-m
1374 4396 1430 4460 „a
1444 4393 1492 4458 ,d-
