3276 5144
806 452 958 553 232-

301 641 452 706 indefinita
471 643 641 718 adhibetur,
661 645 705 709 sic
725 645 814 710 etiam
830 647 989 730 particulae
1009 644 1321 727 quesiguificationes
1337 644 1463 709 adhaec

301 744 361 809 duo
380 763 486 826 genera
500 747 630 810 revocari
649 756 783 830 possunt
813 750 888 812 Nam
906 750 936 812 in
956 746 1105 831 primitiva
1124 748 1375 812 demonstratione
1390 767 1461 831 que

300 862 464 929 numquam
476 850 642 925 adhibetur,
651 850 703 913 sed
719 871 758 914 ce
773 860 888 916 tantum
904 862 955 915 aut
969 871 1065 925 ecce,
1082 850 1130 930 (de
1145 870 1205 932 quo
1216 851 1292 913 iufra
1303 851 1462 914 dicendum

300 951 370 1031 crit)
393 953 645 1032 quemadmodum
668 954 699 1016 iu
720 953 825 1018 eodem
842 955 1102 1018 demonstrationis
1116 971 1223 1034 genere
1237 972 1298 1017 non
1313 953 1375 1035 qui
1389 971 1462 1034 pro·

300 1071 411 1116 nomon
431 1055 482 1117 sed
503 1055 561 1119 hic
578 1064 753 1137 usurpatur,
776 1076 812 1120 ex
826 1058 885 1121 cik
908 1063 949 1135 (s.
965 1057 1044 1133 lrilrl
1063 1057 1185 1119 lautum.
1216 1056 1301 1129 Quod
1315 1064 1415 1119 autem
1429 1055 1463 1118 in

300 1157 477 1237 pronomine
498 1176 546 1220 res
561 1158 624 1239 ipsa
638 1158 767 1232 ferebat,
790 1165 826 1222 ut
844 1178 880 1222 er
895 1160 1047 1222 indefinito
1062 1159 1301 1240 interrogativum
1318 1158 1416 1231 lieret,
1431 1157 1462 1220 id
1521 1146 1525 1150 ἱ

299 1257 331 1320 in
352 1259 493 1340 particula
515 1259 578 1322 lieri
599 1278 660 1323 non
682 1261 788 1342 potuit.
827 1261 942 1346 Quippe
962 1262 993 1324 in
1007 1263 1185 1344 pronomine
1200 1262 1461 1343 interrogationem

299 1360 419 1422 notabat
433 1361 512 1423 vocis
527 1370 612 1425 tenor
627 1370 748 1439 acutus3
770 1365 943 1446 particulam
964 1373 1050 1427 acuto
1071 1372 1194 1428 accentu
1208 1364 1335 1446 proferri
1346 1363 1463 1427 vetabat

298 1463 406 1525 usitata
422 1463 484 1526 eius
501 1475 623 1546 propter
636 1465 814 1528 debilitatem
831 1468 939 1547 positio
961 1466 1105 1529 enclitica.

384 1566 428 1628 Ex
442 1568 561 1630 relativa
576 1579 675 1630 autem
691 1570 904 1648 significatione
915 1569 1045 1652 primum
1056 1569 1166 1650 prodiit
1176 1569 1350 1651 copulativa,
1365 1569 1461 1632 notia-

298 1670 372 1733 sima
382 1670 556 1751 illaquidem
567 1670 712 1754 longeque
727 1673 860 1735 omnium
876 1672 1123 1753 frequentissime,
1137 1673 1188 1734 sed
1204 1673 1291 1751 longe
1306 1671 1408 1734 eadem
1423 1670 1461 1735 ab
1504 1740 1523 1769 ·

299 1782 367 1835 ortu
382 1791 436 1835 suo
451 1774 578 1854 digressa
593 1773 715 1855 eiusque
730 1776 813 1856 quasi
828 1777 996 1837 immemor.
1040 1775 1115 1836 Nam
1129 1776 1304 1857 plerumque
1319 1774 1462 1857 simplici-

298 1881 344 1936 ter
358 1875 489 1955 copulari
504 1882 620 1938 tautum
635 1894 767 1956 perque
783 1886 881 1958 partes
897 1878 1037 1940 orationis
1050 1877 1198 1950 videmus,
1217 1877 1354 1940 relativae
1368 1876 1461 1957 sigui·

299 1978 444 2040 bondonis
459 1977 540 2041 nullo
555 1978 678 2059 vestigio
693 1978 802 2041 relicto.
833 1980 970 2041 Attamen
985 1979 1061 2042 sicut
1076 1979 1273 2041 certissimum
1288 1987 1335 2041 est
1347 1988 1461 2042 ceteras

299 2080 530 2155 coniunctiones,
546 2098 620 2161 quae
635 2081 754 2163 quidem
769 2099 837 2144 vere
851 2082 1027 2163 sputacticae
1041 2081 1177 2160 sint10),
1193 2081 1332 2156 causales,
1348 2082 1460 2157 finales,

299 2183 520 2258 continuativas,
547 2186 633 2264 (quas
652 2183 740 2245 hodie
755 2184 967 2248 conditionales
988 2184 1141 2263 dicimus),
1165 2185 1405 2266 concessivasque
1422 2203 1461 2247 ex

299 2285 525 2368 pronominibus
545 2293 597 2348 aut
617 2286 762 2349 adverbiis
782 2288 1037 2369 pmnominalibus
1058 2296 1137 2350 ortas
1158 2305 1223 2349 ease
1245 2297 1296 2351 aut
1310 2287 1395 2350 locali
1409 2295 1462 2351 aut

300 2389 457 2470 temporali
471 2398 523 2452 aut
537 2388 646 2452 musali
659 2397 711 2452 aut
724 2389 834 2452 medab
848 2400 900 2454 aut
913 2389 1131 2453 instrumentali
1148 2389 1360 2470 significatione
1374 2409 1461 2473 prae-

300 2490 378 2566 ditis,
394 2492 437 2555 sic
451 2493 540 2554 etiam
555 2493 737 2573 copulativae
751 2493 916 2574 simplicem
930 2493 1011 2556 illam
1032 2500 1062 2555 et
1077 2492 1161 2574 quael
1180 2492 1289 2556 nudam
1306 2493 1462 2574 copulandi

300 2595 435 2658 vimnau
450 2595 486 2658 ab
501 2594 612 2675 origine
627 2596 777 2676 propriam
792 2604 882 2677 atque
896 2596 1055 2675 ingenitam
1078 2594 1130 2656 sed
1152 2613 1189 2658 ex
1207 2594 1261 2657 alia
1277 2596 1403 2676 quadam
1418 2596 1461 2659 si·

299 2698 484 2779 gnificatioue
493 2717 585 2779 eaque
594 2696 750 2761 adverbiali
759 2699 919 2763 derivatam
934 2698 1053 2760 babent.
1077 2697 1115 2758 Et
1127 2697 1159 2758 in
1173 2697 1262 2760 latina
1273 2697 1391 2778 quidem
1402 2697 1462 2760 lin·

300 2819 366 2881 gua,
388 2799 520 2881 itemque
541 2801 573 2862 in
593 2819 714 2881 praeca,¹
726 2834 771 2847 -
791 2819 862 2863 nam
884 2800 920 2863 de
935 2800 999 2862 aliis
1015 2799 1158 2864 disserere
1173 2798 1231 2861 hoe
1243 2799 1309 2862 loco
1325 2816 1381 2863 nec
1394 2801 1461 2863 volo

300 2920 357 2965 neo
369 2921 503 2984 possum,
523 2935 565 2949 -
584 2903 682 2965 omnis
703 2905 849 2985 copulatio
870 2904 1006 2984 primitus
1027 2904 1091 2965 sine
1106 2902 1195 2964 dubio
1210 2902 1364 2965 constabat
1377 2890 1461 2966 comss

299 3004 451 3086 paratione
462 3006 587 3084 quadam
600 3007 737 3080 duorum,
754 3025 882 3087 quorum
898 3013 937 3068 ut
949 3024 1044 3068 unum
1059 3005 1146 3068 item
1163 2994 1287 3068 alierum
1299 3024 1373 3082 esse,
1389 3022 1459 3088 quo

301 3109 407 3170 modo
430 3124 525 3169 unum
551 3110 681 3171 eodem
706 3109 813 3171 modo
839 3108 966 3171 alterum
991 3127 1023 3170 se
1048 3108 1159 3172 babere
1184 3107 1343 3171 dicebatur.
1385 3109 1461 3183 Qus

301 3218 411 3283 autem,
433 3211 494 3272 sive
515 3211 685 3273 adverbium
708 3212 768 3273 sive
790 3229 891 3273 casum
913 3209 1099 3292 pronominis
1114 3211 1272 3275 ablativum
1288 3230 1354 3274 esse
1368 3212 1463 3274 credi-

301 3330 380 3386 mus,
392 3312 602 3392 significatione
617 3314 737 3376 relativa
751 3314 830 3375 idem
846 3315 924 3393 quod
939 3321 981 3376 ut
995 3319 1048 3377 aut
1061 3298 1132 3394 quo
1147 3314 1253 3377 modo
1268 3314 1390 3387 valebat,
1414 3314 1463 3377 cni

302 3433 395 3497 quum
417 3432 538 3477 necesse
560 3421 638 3477 esset
659 3416 692 3478 in
712 3417 804 3478 altero
827 3416 963 3480 membru
985 3417 1251 3479 demonstrativum
1271 3417 1460 3497 respondere,

301 3517 360 3580 boc
372 3535 497 3580 munere
510 3517 687 3598 fungebatur
700 3524 750 3591 et,
765 3518 802 3580 de
817 3518 901 3580 euius
916 3517 1076 3599 particulae
1087 3517 1197 3599 origiue
1209 3536 1244 3580 ex
1256 3518 1360 3581 eadem
1372 3521 1463 3601 stirpe

301 3619 539 3694 demonstrativa,
553 3621 633 3683 unde
647 3619 678 3681 in
690 3620 777 3683 latina
788 3620 886 3702 lingua
898 3629 968 3684 sunt
978 3621 1128 3684 enclitieae
1142 3629 1177 3684 te
1190 3622 1222 3683 in
1236 3621 1308 3684 iste
1323 3629 1353 3684 at
1366 3629 1461 3697 tuto,

301 3722 334 3785 iu
347 3741 448 3804 graeca
462 3715 499 3785 τέ
513 3724 682 3804 multaeque
696 3723 908 3805 pronominum
923 3724 1053 3802 iormae,
1073 3724 1105 3786 in
1118 3732 1244 3806 utraque
1258 3732 1358 3787 autom
1373 3725 1462 3787 etiam

301 3826 461 3889 verbomm
483 3826 586 3888 tertiae
607 3844 750 3906 personae
771 3826 950 3902 terminatio,
966 3827 1064 3901 da·t‚
1081 3823 1261 3903 didm-re,
1276 3827 1403 3891 dubitari
1416 3827 1464 3891 rix

301 3946 390 4012 posse
405 3928 551 3992 arbitror¹
561 3930 600 4008 τ).
628 3929 677 3992 Sic
691 3929 780 4011 igitur
794 3929 866 3993 olim
880 3930 912 3992 in
926 3930 1114 4012 copulatione
1126 3948 1245 4012 semper
1253 3937 1380 4014 utraque
1393 3948 1465 4014 par·

304 4064 506 4082 m-

375 4130 416 4198 lu)
434 4131 472 4185 Cl.
485 4134 516 4186 dl
528 4140 605 4201 par-tt.
618 4141 685 4187 orat.
698 4150 722 4199 p.
737 4135 785 4186 173
798 4150 852 4201 sqq.

374 4219 414 4283 17)
433 4218 556 4272 Graecam
578 4221 728 4286 particulam
748 4222 781 4272 τέ
798 4227 858 4271 sunt
877 4219 920 4285 qni
936 4221 967 4272 ad
980 4235 1116 4287 pronomen
1128 4219 1281 4272 indcllnitnna
1292 4221 1334 4278 τίς
1345 4234 1420 4286 quam
1431 4220 1465 4272 ad

303 4304 530 4358 demonstrativum
551 4302 585 4358 τό
605 4321 728 4357 revocare
739 4303 842 4369 malint,
859 4305 959 4358 scilicet
971 4306 1038 4373 quia,
1058 4307 1260 4371 minimaque,
1276 4307 1307 4356 da
1328 4306 1399 4357 caina
1419 4321 1465 4357 co·

303 4390 422 4457 gnatione
442 4407 497 4443 cnm
510 4390 738 4459 indci.prou.qnis
750 4391 862 4443 dubitari
873 4393 1012 4460 nequitsic
1023 4394 1099 4444 mium
1110 4392 1143 4444 τί
1152 4407 1252 4458 sempor
1260 4388 1404 4443 encliticam
1413 4398 1464 4443 cst.

303 4475 382 4541 Atqui
406 4476 614 4541 significationem
630 4486 701 4531 certa
716 4477 791 4529 buius
807 4477 842 4530 td
854 4478 1077 4531 demonstrativam
1093 4478 1177 4543 potius
1189 4492 1247 4530 asso
1257 4477 1338 4530 multa
1347 4478 1465 4544 exempla
