3164 5138
860 426 900 492 18

781 514 837 525 «0.-
873 519 902 524 --
910 518 977 524 -..—

300 618 427 701 benigne
444 627 594 700 acceptum
614 618 747 700 partique
767 617 886 679 ditionis
906 616 1124 698 praepositum,
1150 613 1253 678 Achilli
1271 624 1368 677 autem
1387 615 1460 678 olim

301 723 472 803 magistrum
487 731 573 804 atque
588 721 749 795 custodem,
764 737 842 794 mox,
856 738 947 800 quum
962 721 988 780 is
1003 718 1040 781 ad
1054 719 1163 780 bellum
1177 719 1350 794 mitteretur,
1364 720 1459 782 comi·

299 834 360 889 tem
375 826 514 890 additum.
544 826 779 888 Consentaneum
794 835 840 885 est
854 822 951 903 igitur,
966 829 1000 884 ut
1013 822 1100 885 etiam
1116 822 1330 886 contubernalis
1342 822 1460 885 Achillis

300 930 332 991 in
358 930 460 991 caenis
479 928 571 991 mese
591 928 734 991 credattu.
778 924 865 1006 Atqui
884 943 965 988 nunc
985 933 1082 988 tamen
1102 943 1166 987 non
1185 925 1229 987 sic
1253 945 1319 988 esse
1337 924 1460 987 udum.

300 1032 375 1094 Nam
390 1033 511 1112 optione
525 1032 551 1094 ei
565 1031 631 1094 data
646 1031 683 1093 ab
697 1029 821 1104 Achille,
840 1037 941 1090 utrmn
956 1027 1035 1089 abire
1050 1046 1151 1091 secum
1166 1028 1196 1090 in
1211 1028 1342 1110 patriam,
1357 1046 1396 1091 an
1409 1047 1459 1090 re-

300 1151 419 1197 manere
433 1136 510 1215 apud
525 1135 682 1197 exercitum
697 1131 792 1205 malit,
812 1148 904 1211 quum
919 1150 951 1193 se
965 1131 1164 1194 discessumm
1179 1131 1215 1194 ab
1231 1131 1350 1195 alumno
1370 1131 1459 1194 dilec-

300 1237 417 1299 tissimo
435 1245 586 1317 negasset,
604 1238 709 1299 lectum
729 1235 755 1296 ei
775 1234 852 1314 apud
867 1233 1006 1296 Achillem
1021 1234 1173 1297 Patroclus
1188 1242 1319 1297 sternere
1333 1235 1460 1309 iubetur,

299 1338 383 1419 quasi
398 1349 484 1401 antea
498 1339 563 1402 alibi
579 1338 686 1401 cubare
700 1337 803 1399 solitus
819 1336 913 1399 luerit
958 1337 1033 1410 Quid
1049 1334 1157 1416 igitur?
1199 1337 1370 1399 Deseruitne
1385 1356 1460 1399 con-

299 1441 467 1504 tubernium
482 1440 601 1513 alumni,
616 1441 694 1521 quod
706 1439 778 1502 iram
790 1439 854 1501 cius
870 1439 1057 1520 improbaret,
1072 1439 1216 1518 aliamque
1231 1439 1287 1501 sibi
1302 1441 1460 1502 stationem

300 1544 377 1626 cepit
394 1545 470 1607 iuter
484 1543 594 1606 amicos
613 1541 852 1622 Agamemnonis,
872 1541 1046 1621 quibuscum
1064 1559 1145 1604 nunc
1163 1542 1192 1603 iu
1213 1543 1335 1603 oonsilio
1354 1539 1460 1603 adest?

300 1647 350 1710 Sic
359 1649 492 1728 protecto
504 1646 690 1708 statuendum
706 1645 773 1717 erit3
790 1646 842 1706 sed
854 1645 1027 1707 mirabimur
1042 1653 1139 1706 tamen
1154 1644 1332 1707 reticentiam
1343 1655 1459 1724 poetae,

299 1749 329 1812 id
350 1749 435 1811 nobis
456 1747 643 1810 divinandum
662 1747 861 1828 relinquentis.
906 1747 980 1809 Nam
1000 1763 1061 1809 uon
1078 1755 1155 1809 certe
1174 1755 1234 1809 tam
1248 1748 1318 1809 levis
1332 1766 1380 1809 res
1395 1748 1459 1821 luit,

299 1860 428 1915 nuttam
447 1851 512 1931 ipsa
526 1869 580 1930 per
600 1869 633 1911 se
652 1850 688 1911 ad
711 1850 928 1929 intelligendum
948 1857 1060 1929 aperta,
1077 1857 1163 1912 utne
1177 1850 1327 1912 mentione
1341 1849 1460 1929 quidem

299 1954 386 2034 digua
400 1954 557 2025 videretur3
577 1960 606 2013 et
624 1952 677 2014 alia
697 1953 784 2032 longe
802 1962 853 2013 aut
869 1951 976 2014 leviora
990 1960 1041 2014 ant
1053 1952 1209 2031 apertioris
1226 1971 1289 2014 non
1303 1962 1399 2014 tamen
1414 1952 1461 2013 sic

300 2056 396 2118 solent
410 2056 526 2118 silentio
540 2054 744 2135 praetermitti,
763 2055 815 2116 sed
830 2054 967 2116 disertius
982 2073 1043 2116 uon
1063 2074 1130 2116 raro
1145 2074 1179 2116 ac
1197 2055 1349 2117 verbosius
1369 2073 1460 2134 quam

299 2176 376 2239 opus
391 2166 452 2219 erat
466 2157 583 2237 exponi.
614 2156 734 2218 Videtur
748 2172 817 2234 crgo
830 2156 879 2236 qui
890 2157 967 2219 benc
980 2156 1171 2237 rhapsodiam
1186 2156 1223 2218 de
1232 2157 1361 2232 Λιταῖς
1373 2176 1459 2219 corn·

299 2259 398 2338 posuit
416 2258 573 2321 Phoenicis
600 2277 759 2338 personam
784 2259 890 2338 partim
910 2278 944 2321 ex
963 2259 1028 2339 ipsa
1051 2259 1151 2332 iliade,
1176 2259 1254 2333 xvi,
1277 2260 1346 2321 196.
1373 2258 1461 2332 XVll,

298 2362 371 2424 561.
390 2360 465 2435 xlx,
481 2361 551 2435 311,
568 2360 673 2440 partim
686 2360 801 2423 aliunde
820 2360 875 2421 sibi
888 2371 998 2435 notam,
1011 2370 1045 2424 ut
1056 2362 1135 2423 senis
1147 2361 1310 2441 veterisque
1326 2362 1460 2442 magistri

298 2463 430 2538 Achillis,
454 2463 583 2526 nuncin
603 2463 660 2524 hac
678 2461 820 2542 legatione
839 2469 995 2541 propterea
1012 2463 1193 2538 adhibuisse,
1217 2465 1297 2544 quod
1316 2482 1379 2524 earn
1399 2482 1458 2526 suo

298 2564 421 2627 consilio
441 2566 596 2646 praecipue
615 2572 712 2644 aptam
732 2563 853 2637 videret,
873 2563 960 2645 idque
981 2583 1073 2627 unum
1087 2573 1225 2646 spectans
1239 2566 1310 2629 illud
1324 2567 1459 2641 alterum,

296 2674 330 2729 ut
349 2666 411 2729 eius
432 2666 467 2728 ab
488 2669 607 2730 alumno
626 2667 748 2747 eiusque
766 2665 957 2728 contubernio
977 2668 1190 2730 discessionem
1210 2668 1376 2749 explicaret,
1402 2687 1459 2731 ne·
1580 2744 1581 2749 γ

296 2768 428 2849 glorisso.
472 2770 526 2831 Est
543 2778 641 2832 autem
660 2769 718 2830 hoe
738 2769 839 2849 ipsum
857 2768 1015 2843 eiusmodi,
1034 2770 1114 2850 quod
1136 2770 1246 2833 facilius
1266 2771 1354 2833 huius
1368 2771 1458 2834 unius
1580 2830 1581 2853 ,

296 2871 389 2952 partis
411 2890 498 2951 quam
518 2873 608 2934 totius
628 2870 765 2933 carminis
785 2879 890 2950 poetae
909 2871 1039 2934 accidere
1058 2873 1192 2952 potuisse
1207 2874 1324 2936 credas:
1344 2881 1372 2936 et
1386 2885 1459 2936 sunt

295 2973 382 3035 etiam
401 2973 455 3036 alia
473 2980 656 3053 argumenta,
675 2992 749 3053 quac
768 2974 845 3035 hanc
859 2970 978 3035 Λιτῶν
999 2974 1189 3054 rhapsodiam
1204 2985 1370 3057 suspectam
1385 2977 1457 3038 red-

297 3075 380 3149 dant,
400 3075 437 3137 de
462 3075 569 3156 quihus
588 3075 728 3155 quoniam
748 3076 819 3138 satis
838 3075 874 3137 ab
893 3075 959 3137 aliis
979 3077 1147 3157 expositum
1167 3088 1225 3154 est,
1252 3096 1347 3161 neque
1367 3098 1399 3142 ea
1418 3080 1457 3142 ad
1579 3158 1580 3163 ἵ

295 3196 394 3241 meum
408 3178 595 3259 propositum
610 3177 765 3257 pertinent,
781 3178 878 3240 dicere
892 3179 971 3240 nolo.

379 3281 420 3343 lle
441 3279 577 3361 proximo
589 3279 688 3355 libro,
714 3280 764 3361 qui
788 3280 912 3342 bolonia
936 3281 1120 3358 inscribitur,
1151 3292 1268 3346 conant
1292 3303 1372 3348 nunc
1396 3287 1458 3350 lere

293 3383 459 3446 interritos
474 3382 673 3457 doctissimos,
687 3399 750 3444 non
765 3383 961 3462 spernendam
976 3404 1043 3447 csse
1057 3392 1188 3447 veterum
1203 3386 1371 3451 criticorum
1385 3408 1457 3452 auc·
1577 3450 1579 3475 ,

247 3495 278 3546 to
295 3486 456 3559 toritatem,
476 3484 527 3564 qui
541 3504 608 3547 eum
624 3485 660 3547 ab
676 3485 764 3546 iliade
784 3485 910 3549 alienum
924 3495 954 3548 et
967 3506 984 3549 a
998 3487 1143 3549 Pisistrati
1157 3488 1277 3551 demum
1291 3491 1392 3554 arcius
1407 3491 1457 3553 in-

295 3594 406 3649 sertum
425 3605 493 3648 esse
511 3588 702 3651 tradiderunt.
757 3587 795 3648 Et
813 3597 883 3650 sunt
903 3608 974 3651 sane
993 3589 1140 3652 reiiciendi
1163 3592 1250 3655 huius
1269 3592 1334 3655 libri
1352 3612 1457 3656 causae

294 3689 366 3751 satis
388 3706 505 3767 graves3
523 3708 582 3752 nna
601 3699 699 3752 tamen
719 3690 815 3769 paullo
834 3691 925 3753 levior
939 3692 1026 3765 haec,
1041 3693 1134 3773 quod,
1154 3695 1203 3775 qui
1224 3696 1260 3758 ad
1278 3695 1457 3776 exploranda

293 3790 424 3853 hostium
444 3792 564 3854 consilia
583 3791 669 3854 missi
684 3803 779 3866 erant,
799 3793 895 3857 Ulixes
915 3801 945 3855 et
963 3795 1133 3871 Diomedes,
1154 3816 1246 3878 quum
1271 3807 1458 3862 revertuntur

294 3893 329 3955 ad
346 3912 428 3965 suos,
444 3894 515 3956 nihil
529 3914 653 3976 prorsus
673 3895 709 3956 de
723 3896 923 3976 exploratione
941 3916 994 3958 sua
1007 3899 1184 3962 renuntiant.
1229 3901 1304 3964 Nam
1324 3901 1395 3965 nihil
1414 3902 1456 3964 illi

293 3997 526 4075 exploraverant,
547 3998 626 4079 quod
646 3998 805 4063 renuntiari
819 4016 940 4061 necesse
953 4010 1044 4075 essen
1064 4001 1151 4083 idque
1164 4020 1256 4083 quum
1271 4024 1306 4066 er
1321 4006 1457 4069 universa

292 4099 458 4162 narmtione
473 4100 544 4163 satis
559 4100 746 4163 manifestum
761 4101 826 4174 fiat,
841 4101 928 4164 etiam
943 4103 1059 4166 disertis
1074 4105 1169 4168 verbis
1184 4124 1201 4167 a
1215 4118 1301 4186 pocta
1322 4126 1455 4171 comme-

292 4201 401 4264 morari
420 4221 483 4266 non
505 4221 580 4283 opus
599 4210 669 4264 erat.
719 4202 919 4276 Quamobrem
939 4204 1015 4268 hunc
1034 4226 1087 4287 ego
1108 4207 1289 4271 reticentiam
1310 4228 1374 4273 nou
1391 4211 1455 4273 cnl-

291 4306 418 4385 pandam
433 4322 501 4368 esse
514 4304 648 4367 arbitror.

319 4444 344 4485 2
376 4406 410 4469 lu
427 4407 503 4469 libro
522 4405 677 4468 undecimo
697 4406 962 4486 Agamemnonem,
988 4411 1038 4491 qui
1057 4412 1154 4494 paullo
1174 4423 1241 4475 ante
1260 4422 1320 4476 tam
1340 4414 1455 4480 abiecto
