3290 5142
803 389 955 487 „32⁴-

298 577 512 661 ldegarcnsinm
526 596 590 642 rem
606 576 753 660 publicam
768 577 926 660 pertinere,
941 595 1038 660 neque
1051 578 1174 660 intelligi
1188 586 1268 644 recte
1288 600 1393 662 posse,
1407 582 1464 646 nisi

300 682 414 762 cognita
429 682 492 744 eius
506 681 550 744 rei
569 680 702 762 publicae
723 679 863 759 historia,
882 700 957 762 qnae
980 700 1072 762 quum
1091 700 1198 764 parurn
1218 683 1305 746 nobis
1324 691 1395 748 nota
1414 686 1463 761 sit,

299 785 387 847 etiam
403 786 541 867 pleraque
557 783 587 846 in
601 781 771 863 Theognide
785 800 909 862 prorsus
923 783 1047 847 obscura
1062 790 1093 845 et
1105 784 1319 865 inexplicabilia
1330 806 1395 850 esse
1408 805 1464 849 ne·

298 906 380 950 cesse
396 894 449 948 est
475 886 551 948 Nam
566 904 602 948 ex
616 884 687 966 ipsis
702 884 823 965 guidem
837 886 901 948 eius
922 885 1055 949 versibus
1074 885 1147 948 nihil
1167 887 1204 949 ad
1224 905 1325 951 rernm
1339 888 1463 970 liegari-

299 1008 401 1052 carum
416 988 613 1068 cognitionem
628 987 787 1062 lucramur,
802 996 918 1068 praeter
931 988 989 1051 hoc
1012 1005 1122 1062 unum,
1145 990 1225 1070 quod
1245 991 1333 1053 etiam
1352 993 1464 1074 absque

298 1092 333 1154 iis
348 1094 410 1152 non
424 1090 640 1165 dubitaremus,
662 1089 754 1152 fuisse
768 1088 890 1171 Megaris
911 1107 972 1153 non
987 1091 1086 1153 minus
1102 1109 1191 1173 quam
1206 1093 1238 1154 in
1252 1093 1356 1156 ceteris
1372 1093 1464 1156 Grae-

298 1196 359 1257 ciae
374 1193 536 1255 civitatibus
550 1191 710 1254 identidem
726 1193 803 1255 inter
815 1193 933 1273 plebem
947 1202 978 1256 et
1000 1193 1157 1274 optimates
1177 1194 1257 1257 varic
1277 1202 1384 1258 eventu
1398 1212 1463 1258 cer-

297 1304 409 1359 tatum:
425 1294 482 1356 nisi
497 1294 563 1375 quis
578 1294 655 1356 forte
669 1295 728 1357 boc
742 1294 848 1356 saltem
862 1294 894 1356 in
908 1295 991 1357 lucro
1005 1295 1178 1374 ponendum
1193 1314 1258 1359 esse
1273 1296 1367 1371 dicat,
1383 1297 1463 1377 quod

298 1398 366 1461 talia
380 1396 539 1460 certamina
551 1397 640 1459 etiam
651 1395 830 1476 Theognidis
841 1402 935 1458 aetate
945 1395 1037 1458 unse
1047 1395 1206 1471 videamus,
1220 1398 1376 1479 ipsumque
1390 1417 1464 1478 poe·

298 1509 359 1564 tarn
375 1500 561 1582 optimatium
586 1501 678 1580 magis
700 1517 790 1580 quam
810 1497 903 1579 plebis
921 1498 1053 1579 partibus
1072 1498 1188 1562 favisse.
1219 1500 1464 1563 Perincommoda

298 1611 397 1667 autem
413 1602 526 1675 accidit,
539 1609 574 1664 ut
587 1599 709 1664 in'banc
728 1600 918 1682 farraginem,
939 1619 1016 1682 quae
1035 1600 1210 1682 llegarensis
1229 1611 1334 1683 poetae
1352 1620 1465 1666 nomen

297 1705 437 1788 praefert,
453 1705 542 1768 etiam
557 1704 684 1767 aliorum
699 1709 855 1784 poetarum
868 1721 973 1765 uersus
987 1703 1098 1785 passim
1114 1704 1236 1767 admixti
1250 1706 1320 1778 sint,
1335 1723 1464 1787 quorum
1531 1750 1534 1754 -

299 1808 353 1871 etsi
367 1815 412 1871 sat
427 1806 537 1869 multos
551 1812 674 1888 propter
689 1805 797 1867 diserta
811 1810 945 1868 veterum
961 1814 1116 1869 auctorum
1136 1808 1308 1870 testimonia
1328 1829 1345 1872 a
1364 1809 1463 1871 Tbco-

297 1910 410 1992 gnideis
425 1927 579 1972 secernere
593 1907 692 1979 liceat,
707 1914 820 1970 restant
834 1912 935 1969 tamen
949 1925 1012 1971 non
1025 1909 1125 1990 pauci,
1146 1910 1198 1991 qui
1221 1914 1323 1972 utrum
1341 1911 1406 1974 iuro
1425 1928 1464 1976 an

296 2012 402 2075 iniuria
415 2010 457 2073 illi
471 2009 676 2073 adscribantur
689 2010 819 2073 incertus
833 2010 963 2074 haereas.
993 2010 1141 2074 Nimirum
1162 2028 1282 2076 omnem
1304 2013 1380 2076 banc
1400 2013 1464 2077 col-

284 2115 453 2178 lectionem
467 2131 529 2176 non
549 2131 620 2176 sana
638 2113 764 2195 quadam
786 2119 816 2176 et
836 2130 936 2176 serora
955 2113 1071 2176 ratione
1091 2114 1192 2177 critica
1214 2115 1379 2179 conlectam
1399 2134 1465 2179 csse

298 2218 489 2280 manifestum
504 2220 558 2287 est,
573 2215 624 2277 sed
639 2215 805 2279 institutam
819 2216 856 2277 ab
872 2216 968 2295 aliquo
983 2221 1117 2279 selemim
1137 2223 1295 2298 poetarum
1317 2218 1463 2294 studioso,

299 2321 349 2401 qui
363 2318 507 2400 quidquid
521 2317 631 2398 ubique
645 2317 867 2399 Theognideum
882 2318 953 2379 ferri
964 2319 1084 2394 videret,
1100 2320 1181 2382 nullo
1192 2327 1274 2383 certo
1284 2318 1396 2390 ordine,
1412 2306 1469 2382 scd

298 2429 333 2484 ut
346 2422 477 2504 quidque
492 2422 677 2495 occurrisset,
692 2421 754 2483 iere
766 2419 802 2483 ad
814 2419 937 2483 modum
949 2440 1054 2484 eorum
1066 2422 1117 2501 qui
1127 2421 1214 2484 hodie
1228 2421 1320 2485 dlba
1332 2440 1407 2503 quae
1418 2422 1465 2485 di·

299 2532 407 2588 cuntur
420 2524 475 2586 sibi
489 2524 690 2598 conscribunt,
705 2522 738 2585 in
753 2522 868 2584 chartas
882 2522 1049 2598 conficeret,
1065 2542 1126 2586 non
1138 2525 1222 2586 anxie
1234 2525 1270 2587 de
1281 2524 1465 2606 singulorum

298 2628 472 2690 auctoritate
486 2626 645 2700 sollicitos,
669 2642 766 2707 neque
781 2625 875 2688 aliem
890 2626 1049 2706 quaedam,
1071 2625 1160 2689 modo
1184 2627 1289 2691 ostede
1309 2643 1371 2689 non
1385 2627 1465 2690 absi·

299 2729 393 2803 milia,
415 2729 582 2791 adscribere
605 2727 726 2790 veritus.
768 2728 817 2792 Sic
836 2735 938 2791 natam
959 2728 1163 2792 collectionem
1183 2729 1231 2791 alii
1253 2730 1344 2792 modo
1368 2737 1465 2792 totam

299 2833 391 2896 modo
413 2832 540 2914 aliqum
560 2831 623 2894 eius
644 2837 760 2912 partem
783 2830 1001 2914 descripserunt
1022 2849 1077 2912 pro
1100 2850 1155 2895 suo
1177 2831 1302 2914 quicqum
1320 2832 1415 2895 lubitu
1434 2839 1465 2894 et

300 2935 432 2999 consilio.
461 2935 564 3016 ltaque
579 2933 630 3014 qni
650 2934 738 2997 hodie
757 2938 917 3014 supersunt
937 2932 1052 2996 codices
1073 2933 1121 2996 alii
1141 2934 1231 2998 alium
1250 2952 1390 2997 versuum
1405 2952 1465 2998 nn-

300 3057 407 3102 nerum
429 3037 553 3100 babent:
581 3036 726 3118 plurimos
748 3036 867 3117 quidem
887 3035 1023 3099 omnium
1047 3036 1138 3099 codex
1164 3035 1353 3113 Mutinensis,
1374 3056 1464 3119 quem

300 3141 417 3224 primm
431 3139 518 3201 Imm.
533 3138 685 3201 bellem
699 3137 862 3219 usurparit,
877 3137 908 3199 in
923 3156 984 3219 qno
998 3144 1069 3201 sunt
1082 3156 1184 3202 versus
1203 3138 1299 3214 1389,
1321 3139 1465 3221 paucissi-

299 3263 366 3306 mos
380 3250 480 3304 autem
490 3259 570 3304 nnus
585 3261 601 3304 e
615 3240 763 3313 Palatinis,
778 3241 810 3302 in
824 3257 884 3321 quo
898 3240 978 3303 hand
992 3241 1118 3323 amplius
1133 3241 1175 3304 64
1189 3241 1336 3322 leguntnr.
1358 3242 1416 3305 Sed
1426 3259 1464 3305 ns

299 3344 472 3408 Mutinensis
487 3344 608 3426 quidem
623 3363 693 3408 eum
706 3361 846 3407 uersuum
861 3362 1021 3408 numerum
1031 3344 1129 3418 babet,
1146 3362 1235 3424 quem
1248 3362 1265 3406 a
1279 3344 1370 3407 suida
1381 3363 1465 3409 com·

301 3453 502 3510 memoratum
523 3445 665 3509 videmus.
697 3445 773 3510 Nam
793 3446 819 3508 is
836 3448 914 3529 apud
934 3464 1028 3509 unum
1048 3465 1172 3522 eornm,
1193 3465 1268 3528 quos
1289 3446 1464 3528 compilavit,

301 3558 456 3614 rumorum
471 3567 574 3613 sersus
590 3548 683 3625 2800,
697 3551 775 3631 apud
790 3548 979 3625 alterom,‘nt
991 3548 1116 3626 videtur,
1134 3550 1218 3616 2806
1232 3557 1403 3614 numeratos
1417 3550 1466 3612 in·

300 3653 429 3731 renim).
463 3652 565 3733 Neque
585 3656 687 3715 amen
708 3651 814 3715 diremi
833 3651 948 3733 genens
968 3651 1061 3727 ibam,
1083 3673 1172 3736 (ῃιοω
1198 3655 1305 3718 Suidae
1330 3658 1466 3716 rumores

371 3875 396 3941 l)
413 3873 551 3926 Αονοοῑίοι·
562 3873 628 3925 enim
644 3873 783 3927 Welekero
802 3871 928 3940 (Prclcgg.
946 3888 971 3940 p.
987 3872 1097 3928 lxxiii
1117 3877 1176 3945 sp),
1192 3891 1255 3945 qnae
1271 3874 1361 3928 Snidrs
1377 3874 1466 3927 babet:

182 3967 186 3973 '
301 3953 468 4031 resigned?
483 3957 605 4029 ἐλεγείας
616 3959 656 4018 ele
666 3952 721 4025 ἔπη
732 3955 780 4027 βό,
792 3958 840 4012 καὶ
851 3956 926 4031 πρὸς
940 3955 1055 4034 Κύρνον
1070 3958 1121 4013 τὸν
1138 3957 1225 4015 αὐτοῦ
1241 3956 1385 4034 ἐρόμενον
1395 3976 1467 4029 γνω-

300 4046 441 4116 μολογίαν
451 4038 494 4097 ds’
508 4045 637 4116 ἐλεγείων
645 4045 692 4098 καὶ
703 4043 797 4116 ἑτέρας
807 4043 956 4114 ὑποθήκας
965 4044 1180 4117 παραινετινοὶς,
1192 4045 1227 4100 τὰ
1244 4044 1338 4100 πάντα
1354 4043 1467 4112 incede,

302 4147 317 4183 ο
328 4131 437 4184 diversis
450 4132 597 4185 unctoribus
610 4132 745 4197 compilata
756 4146 822 4198 esse,
833 4139 860 4184 at
880 4133 912 4184 ad
926 4148 1000 4185 anem
1017 4133 1169 4201 eandemque
1185 4132 1370 4200 gnomologiam
1386 4133 1468 4199 perti·

302 4232 371 4269 nere
395 4217 573 4286 bernbardyus
590 4216 703 4282 copulem
720 4224 779 4268 ante
796 4215 870 4287 πρὸς
884 4214 1000 4291 Κύρνον
1015 4220 1104 4284 deleri,
1128 4221 1312 4286 postremisqne
1328 4217 1414 4269 uerbis
1430 4214 1465 4270 τὰ

303 4297 397 4355 πάντα
407 4299 511 4361 insede
522 4302 586 4354 nibil
598 4302 648 4354 nisi
658 4310 791 4354 externam
807 4304 916 4372 speciem
933 4305 1052 4357 carminis
1071 4304 1211 4369 significari
1226 4305 1295 4367 vnit,
1308 4302 1467 4369 quemadmo-

303 4388 361 4441 dun
372 4386 434 4440 aiibi
445 4381 488 4440 δι’
500 4385 579 4442 snos
590 4387 692 4441 dicitnr.
709 4386 737 4440 ld
752 4397 824 4442 certe
839 4390 1009 4457 probabilius,
1025 4405 1099 4457 quem
1117 4392 1183 4458 guod
1198 4389 1243 4444 elil
1258 4388 1396 4445 voluerunt
1411 4383 1467 4443 die·
