3290 5142
817 468 963 566 *οε-

313 658 539 744 improbabilem
554 658 650 722 tacere
662 658 778 721 ridetur
787 655 826 737 ὓ).
852 656 951 739 Longe
967 656 1073 720 melius
1087 657 1232 719 sententia
1246 657 1337 720 modo
1348 658 1476 722 breviter

313 766 438 828 indicata
459 765 558 827 statim
579 761 769 846 paullumque
789 761 911 824 mutatis
932 761 1029 825 verbis
1049 760 1205 843 repetitur,
1227 761 1258 822 in
1273 760 1351 842 quali
1364 762 1475 843 repeti-

313 870 393 932 tione
412 858 588 930 όοόνόετον
603 865 767 928 oraticnem
783 864 964 947 aptissimam
982 884 1064 939 esse,
1086 865 1112 927 si
1126 864 1226 926 minus
1241 882 1313 926 suus
1328 882 1476 945 quemque

314 989 420 1035 sensus
441 970 543 1043 docet,
568 968 719 1032 Dissenius
740 969 845 1032 docere
864 969 990 1051 poterit,
1016 968 1122 1050 quide
1143 967 1200 1031 hoc
1219 967 1351 1048 asyndeti
1369 986 1476 1049 genere

314 1074 388 1138 dixit
409 1074 440 1136 in
460 1089 585 1135 excursu
605 1071 631 1132 ll
651 1072 686 1133 ad
708 1071 827 1134 Pindar.
842 1091 871 1154 p.
888 1072 950 1133 274
965 1072 1011 1134 ed.
1028 1072 1115 1136 Gotlc
1143 1070 1219 1134 Nam
1234 1071 1305 1133 illud
1321 1080 1399 1134 certe
1413 1089 1475 1134 non

313 1176 484 1248 verendum,
499 1193 538 1237 ne
553 1192 643 1256 quem
658 1174 747 1237 dativi
761 1174 892 1239 diversae
907 1174 1128 1257 significationis
1143 1173 1301 1256 compositi
1313 1173 1472 1237 offendant.

312 1282 481 1345 Porsonum
501 1277 621 1360 quidem
641 1276 779 1341 dionisius
798 1279 835 1341 ad
855 1279 924 1341 Eur.
945 1277 1060 1360 Hippoi.
1081 1296 1108 1338 r.
1125 1276 1185 1340 301
1208 1277 1406 1339 accusativum
1422 1267 1476 1338 εὖ·

313 1378 445 1471 φόμοος
456 1374 578 1457 πόνους
588 1380 677 1443 scribi
686 1381 812 1443 voluisse
823 1381 924 1457 refert,
936 1380 1087 1463 quommo
1097 1380 1264 1462 interpungi
1276 1379 1363 1443 verba
1375 1379 1476 1442 volue-

312 1487 351 1551 rit
370 1504 432 1548 non
452 1501 705 1561 commemorans3
727 1483 939 1572 sedpnimirum
960 1502 1022 1546 non
1042 1484 1097 1545 ista
1118 1483 1283 1545 dativorum
1299 1482 1476 1564 compositio

312 1591 482 1653 Personum
502 1586 654 1662 movebat,
675 1587 727 1651 sed
748 1588 829 1669 quod
850 1588 917 1651 alibi
937 1587 1024 1649 istam
1045 1586 1199 1650 accusativi
1219 1592 1399 1648 structuram
1414 1584 1475 1647 fre-

315 1691 541 1774 quentissimam
562 1709 627 1753 esse
648 1690 837 1766 meminerat,
861 1690 941 1753 velut
960 1690 992 1752 in
1011 1690 1060 1752 illo
1080 1689 1229 1772 Hippolyti
1250 1706 1349 1762 versu,
1370 1678 1478 1764 ἄλλως

314 1785 435 1857 eodone
456 1789 648 1875 μοχθοῦμεν
668 1787 806 1869 πόνους,
826 1799 862 1855 ‘et
880 1794 912 1856 in
931 1792 986 1855 hac
1004 1793 1067 1873 ipsa
1086 1792 1183 1855 tabula
1204 1811 1230 1853 r.
1257 1793 1332 1854 tot:
1353 1785 1478 1867 πόνους

315 1885 373 1972 οὓς
395 1890 432 1959 ἐκ
455 1890 584 1972 παιδός
604 1892 795 1977 μοχθοῦμεν
817 1887 878 1960 dat.
908 1896 1045 1959 Attamen
1072 1895 1201 1957 dativum
1221 1912 1341 1976 quoque
1368 1895 1399 1957 in
1418 1895 1477 1959 hoc

314 2017 420 2083 genere
441 1998 581 2082 loquendi
603 2015 664 2061 nou
683 1998 849 2062 inauditum
870 2019 936 2062 esse
955 1999 1120 2063 Lobeclrius
1140 1998 1343 2061 demonstrare
1357 2000 1474 2080 poterit,

314 2102 439 2184 Paralip.
460 2122 489 2186 p.
506 2102 584 2176 524,
604 2108 695 2182 utque
714 2095 802 2186 νόσῳ
823 2101 931 2165 νοσεῖν
949 2103 1108 2183 Aeschylus
1129 2102 1293 2178 (Prometb.
1311 2122 1337 2163 v.
1355 2101 1430 2180 392)
1446 2108 1476 2165 et

315 2205 478 2288 Sophocles
498 2205 647 2282 (Trachin.
667 2224 695 2266 v.
711 2206 785 2282 545)
808 2205 958 2280 dixerunt,
980 2205 1023 2268 sic
1040 2205 1128 2269 etiam
1150 2197 1270 2281 πόνοις
1291 2204 1404 2267 πονεῖν
1424 2211 1476 2269 aut

315 2309 456 2391 μοχθεῖν
480 2308 536 2371 dici
561 2307 693 2391 potuisse
718 2316 853 2389 apertum
878 2315 933 2370 est.
968 2307 1012 2368 dd
1036 2308 1248 2371 restituendam
1268 2317 1367 2372 autem
1386 2307 1475 2373 huius

314 2430 416 2476 versus
436 2430 503 2475 cum
528 2410 678 2493 strophico
700 2411 934 2494 aequabilitatem
955 2427 1016 2473 non
1038 2430 1112 2492 opus
1134 2418 1180 2474 est
1197 2411 1305 2475 inserta
1324 2412 1474 2495 particula,

315 2516 367 2579 sed
385 2514 574 2578 scribendum
595 2533 663 2577 cum
678 2515 847 2578 Hermanno
869 2505 1062 2598 εὐφόμοιοι.
1093 2513 1151 2576 Sed
1166 2533 1220 2595 pro
1234 2513 1377 2577 infinitivo
1391 2534 1476 2594 μοχ-

314 2619 391 2682 θεῖν
403 2617 503 2681 uescio
514 2634 552 2680 an
562 2625 691 2699 praestet
701 2616 887 2701 participium
898 2616 1045 2696 μοχθεῖν.
1067 2616 1212 2680 Nimimm
1225 2618 1275 2699 qui
1287 2609 1473 2696 οἷποκόμνω

314 2740 383 2785 cum
398 2721 541 2784 infinitivo
557 2722 636 2797 dicit,
651 2728 736 2803 negat
750 2740 782 2784 se
795 2719 895 2783 labore
909 2738 944 2784 ac
956 2719 1125 2801 fatigatione
1139 2721 1283 2803 impediri,
1299 2739 1359 2803 quo
1373 2721 1473 2784 minus

313 2825 345 2889 id
365 2824 446 2906 quod
464 2825 607 2887 infinitivo
622 2824 800 2905 significatur
813 2831 888 2904 agat,
903 2823 1154 2904 quemadmodum
1168 2830 1216 2888 est
1229 2823 1307 2907 apud
1321 2824 1475 2886 Platonem

315 2929 352 2992 de
366 2927 490 3010 Republ.
506 2927 553 3003 lv,
570 2928 632 2989 445
646 2928 684 2990 B:
702 2918 781 2990 ὅσον
802 2913 911 2988 οἷόντε
933 2919 1126 3009 σαφέστατα
1140 2922 1289 2989 κατιδεῖν
1304 2918 1358 2988 ότι
1372 2926 1479 2988 ταῦτα

316 3023 420 3106 οὕτως
443 3021 511 3108 ἔχει
534 3020 571 3093 οὗ
592 3024 652 3112 χρὴ
677 3020 938 3109 ἀποκόμνεινεῦ)
959 3028 1009 3110 qui
1033 3036 1132 3093 autem
1152 3029 1212 3105 rei,
1238 3046 1327 3111 quam
1346 3036 1427 3110 agat,
1447 3048 1481 3093 se

315 3152 377 3198 non
391 3133 508 3197 taedere
522 3150 619 3214 neque
633 3149 698 3194 eam
714 3138 836 3213 pmpter
850 3131 959 3195 laboris
973 3131 1138 3194 molestiam
1150 3150 1167 3195 a
1178 3151 1210 3196 se
1220 3132 1374 3195 intermitti
1385 3132 1478 3212 signi·

316 3236 396 3311 licat,
424 3235 450 3297 is
465 3234 618 3318 participio
636 3232 735 3316 potius
754 3242 864 3297 utetur.
899 3234 994 3316 Atque
1013 3234 1087 3297 baec
1105 3234 1250 3299 sententia
1269 3234 1396 3298 dubitari
1415 3252 1479 3298 non

315 3346 415 3423 potest
434 3337 506 3420 quin
521 3336 600 3400 lonis
620 3354 764 3419 personae
783 3337 876 3419 magis
896 3336 1057 3400 conveniat.
1078 3370 1120 3384 -
1140 3337 1272 3402 meimi
1285 3355 1387 3401 versus
1402 3337 1476 3401 sica

315 3442 463 3526 plerisque
477 3439 638 3504 editoribus
653 3439 840 3504 scribuntur:

616 3537 655 3605 τὸ
678 3534 712 3603 d'
733 3533 906 3627 ὠφέλιμον
926 3534 1004 3622 ἐμοὶ
1025 3536 1173 3628 πατέρος

618 3632 723 3723 ὄνομα
748 3640 831 3725 λόγω

619 3746 745 3828 Φοῖβον
766 3741 826 3808 τοῖ
846 3741 933 3809 κατὰ
954 3739 1042 3810 ναόν.

315 3830 518 3845 ffl-

384 3884 410 3950 d)
428 3884 501 3951 Quod
512 3882 657 3952 lisrtuugus
670 3885 721 3950 ait,
733 3882 851 3936 debuisse
862 3884 901 3936 sic
912 3883 989 3936 stiam
999 3882 1040 3954 μὴ
1053 3887 1170 3945 θνατοῖς
1180 3886 1273 3951 scribi,
1284 3887 1353 3940 iusto
1365 3885 1475 3941 calidiu

316 3971 409 4023 dictum
420 3979 469 4023 est.
492 3969 578 4023 Potuit
589 3970 715 4023 utrumvis
728 3968 814 4035 scribi,
826 3984 972 4038 quamquam
984 3986 1060 4023 sensu
1073 3988 1122 4023 aea
1134 3973 1207 4040 plano
1219 3973 1314 4025 eodem.
1338 3970 1387 4038 Qui
1399 3988 1475 4040 ςεοο·

226 4081 229 4087 ·
316 4054 394 4108 ralom
411 4055 560 4108 seutentiam
575 4055 736 4124 manuatim,
751 4054 884 4106 boantum
901 4056 952 4108 sibi
968 4057 1053 4109 videri
1064 4058 1092 4109 si
1103 4058 1170 4125 quis
1183 4059 1247 4123 dis,
1264 4074 1314 4110 uos
1324 4057 1474 4112 mortalibus

315 4141 426 4205 servin,
443 4141 466 4193 ls
481 4138 521 4209 μὴ
538 4144 655 4198 θνατοῖς
669 4141 746 4193 diest·
768 4138 811 4192 loa
828 4147 911 4193 autam
926 4142 1059 4195 honestum
1074 4142 1125 4195 sibl
1140 4143 1223 4196 videri
1233 4144 1320 4196 diosus
1332 4146 1412 4212 quod
1424 4145 1474 4211 dle,

315 4242 365 4280 uon
377 4225 526 4279 mortalibus
539 4227 645 4293 serviat,
657 4233 730 4278 reeta
742 4221 777 4280 ον’
792 4230 907 4285 θνατοῖς
918 4227 1005 4279 dioet'

386 4312 413 4376 b)
429 4310 488 4364 Non
499 4320 570 4365 recto
582 4310 697 4364 Platonis
708 4313 792 4365 locum
803 4312 987 4380 iuterpretatur
999 4312 1187 4379 Stallbaumius,
1200 4316 1351 4370 infinitivam
1361 4333 1476 4372 aenou

316 4392 495 4467 ἀποκάμνειν
511 4404 670 4463 construens,
688 4401 734 4452 sed
746 4408 864 4469 tanquam
875 4400 1027 4468 epexegesim
1039 4401 1196 4470 superiorum
1208 4403 1344 4456 verboru·
1355 4400 1475 4475 ἐπείπερ

316 4478 441 4539 matos
453 4477 630 4554 ἐληλύθαμεν
640 4485 751 4538 additum
762 4484 921 4538 existimaus.
