3222 5148
911 459 977 542 666

867 549 1017 558 -u--m-m-

361 654 645 736 maieattteu‘union
656 653 735 729 amo
746 652 825 735 oolla
840 657 923 729 eset
932 669 1021 732 men
1036 652 1140 727 mmor
1155 650 1384 729 tumultuatio,
1400 668 1438 727 nu
1451 650 1517 713 aaa·

362 759 542 845 lopqoidenp
558 759 632 831 deos
644 756 767 829 iuturus
782 774 851 819 esso
867 754 925 831 uisi
946 772 1013 833 cupa
1036 755 1143 831 vistulu
1164 762 1195 815 et
1213 754 1355 834 sapientia
1377 753 1519 825 munrlum

361 860 612 937 aplmipieparont.
625 858 751 939 Epicuro
763 865 873 929 autem,
890 855 941 934 opi
955 856 1074 929 beatum
1087 875 1152 927 csse
1162 856 1310 923 neminem
1324 865 1457 921 censeret
1468 855 1520 925 uisi

361 962 497 1039 olimpi
513 962 657 1043 omnique,
674 978 742 1024 cura
767 964 796 1035 el
816 959 916 1023 labore
930 976 1069 1035 uacuum,
1090 959 1160 1027 iuno
1181 959 1405 1035 administrandi
1420 957 1520 1027 monti

361 1066 511 1146 negotium
524 1074 584 1127 tam
600 1084 686 1145 praue
701 1072 822 1144 tamque
837 1061 1019 1131 laboriosum
1033 1081 1098 1127 esse
1113 1062 1282 1139 ridebatur,
1298 1070 1332 1139 ut
1347 1079 1409 1127 noo
1424 1066 1519 1142 posset

360 1186 421 1243 non
436 1168 558 1243 officere
568 1166 750 1244 beatitudini,
766 1166 893 1245 ideoque
909 1166 993 1247 louge
1016 1173 1095 1228 esset
1117 1185 1133 1226 a
1153 1166 1277 1239 deorum
1294 1165 1463 1237 conditione
1476 1184 1519 1227 se-

360 1270 585 1351 iungendumll,
602 1286 694 1351 quum
710 1268 882 1349 praesertim
904 1269 1051 1348 permulto
1072 1269 1101 1329 in
1123 1269 1237 1332 mundo
1258 1288 1323 1331 esse
1343 1268 1467 1350 fierique
1481 1268 1519 1330 ri·

360 1373 630 1451 oerepusopinpe
643 1371 803 1453 sapientiae
817 1378 847 1433 et
861 1370 987 1435 bonitati
1000 1371 1078 1435 hauri
1099 1390 1170 1435 sane
1191 1374 1433 1451 consentanca³).
1477 1371 1521 1432 Sic

332 1484 337 1489 '
359 1474 448 1556 igitur,
463 1494 556 1557 quum
577 1475 718 1551 emundi
739 1472 992 1547 administratione
1018 1493 1178 1556 rerumque
1199 1476 1398 1543 humanarum
1417 1491 1520 1555 proeo-

360 1577 474 1653 ratiope
489 1577 678 1657 dousuroout
690 1584 802 1637 arceret
818 1592 913 1654 neque
929 1576 1085 1656 quicquam
1111 1578 1148 1641 ab
1173 1577 1209 1643 iis
1235 1587 1286 1639 aut
1302 1578 1371 1639 boni
1392 1588 1443 1653 aut
1459 1576 1520 1639 mali

360 1680 547 1757 nilhominus
562 1697 735 1760 permanare
751 1678 846 1749 uellet,
862 1678 912 1743 sed
930 1679 1023 1751 nihilo
1037 1680 1136 1745 minus
1151 1688 1250 1743 tamen
1270 1680 1453 1747 venerandos
1474 1697 1522 1747 eet

360 1789 391 1855 et
406 1782 550 1859 colophos,
565 1801 630 1849 csse
651 1782 761 1845 diceret
784 1792 905 1862 propter
924 1790 1047 1845 naturae
1063 1783 1176 1845 divinae
1190 1783 1450 1870 praestantiam),
1467 1799 1523 1844 non

361 1901 432 1963 sppc
446 1885 555 1959 mirum
571 1894 632 1958 cst,
649 1885 728 1966 pund
744 1885 877 1965 plerique
892 1903 959 1949 cum
979 1885 1079 1949 ludere
1100 1885 1237 1952 dixerunt
1256 1903 1415 1966 veramque
1437 1884 1522 1949 animi

359 1988 539 2067 sententippp
554 1987 741 2067 detestandae
757 1988 886 2051 invidiae
900 2006 986 2051 causa
1002 1989 1232 2069 dissimulare5).
1263 1987 1314 2049 His
1330 1988 1399 2068 quid
1415 1988 1521 2070 opponi

350 2091 454 2172 possit
469 2091 614 2171 quumah
629 2091 774 2169 aliistuun
788 2109 805 2153 a
820 2109 869 2163 nne
891 2089 955 2171 ipso
970 2089 1165 2173 significatum
1181 2098 1243 2163 eat,
1265 2089 1308 2155 au
1318 2089 1467 2153 Ciceronis
1488 2087 1521 2150 li-

359 2211 430 2273 mm
444 2194 737 2275 primunr.de.natura
748 2194 872 2265 deorum
881 2214 910 2276 p.
922 2192 956 2257 31
971 2194 1016 2257 ed.
1027 2193 1055 2259 3.
1086 2194 1245 2275 Sedqutm
1256 2194 1310 2256 alia
1321 2207 1521 2271 quoquenon·

360 2295 441 2375 ¹il¹¹ll¹
455 2295 644 2375 esaeuieletnr
661 2296 691 2359 in
707 2295 824 2379 Epicuri
839 2296 953 2377 placitis
973 2295 1159 2375 theologicis,
1180 2295 1219 2363 de
1237 2295 1346 2377 quibus
1367 2294 1475 2374 parlim
1489 2291 1522 2354 ah

359 2398 489 2487 antiquie
502 2399 569 2467 eiua
580 2399 794 2479 adremeriisi),
811 2399 920 2482 partim
933 2417 952 2465 a
964 2399 1181 2465 recentioribus
1196 2397 1369 2477 quibusdan]
1386 2395 1522 2459 historiae

360 2499 577 2582 philosophicae
603 2501 796 2582 scriptoribus
822 2519 883 2567 nou
906 2509 985 2565 recte
1012 2503 1169 2576 iudicetur,
1195 2500 1456 2584 operaepretium
1478 2517 1521 2559 me

360 2601 509 2677 iacturum
530 2619 633 2686 operm
654 2601 678 2675 si
699 2602 738 2677 rle
755 2603 802 2669 his
823 2602 893 2684 quid
913 2602 986 2675 mihi
1006 2604 1145 2677 rideatur,
1171 2605 1271 2686 paullo
1283 2603 1455 2669 accuratius
1475 2619 1522 2663 ex·

363 2704 526 2788 posuerim.

444 2806 581 2889 Primum
599 2805 688 2887 igitur
707 2825 772 2871 esse
793 2805 864 2871 deos
886 2807 1029 2887 Epicurus
1050 2809 1243 2889 profitebatur
1258 2816 1431 2889 propterea,
1457 2806 1521 2888 quia

359 2908 651 2989 cprpppupprplpnc,
667 2908 835 2988 utquidem
852 2909 907 2991 ipsi
923 2909 1082 2985 videbatur,
1099 2919 1129 2975 et
1145 2919 1331 2976 constantem
1351 2909 1451 2975 omnis
1467 2909 1521 2971 hu-
1573 2994 1574 2997 Ἴ

359 3010 441 3071 mani
454 3010 568 3091 generis
583 3011 806 3093 persuasionem
822 3029 883 3089 pon
897 3012 980 3073 aliter
994 3014 1117 3074 existere
1128 3014 1260 3095 potuisse
1272 3011 1459 3075 existimabat
1470 3009 1521 3072 nisi
1573 3000 1574 3031 ³

359 3113 484 3175 naturali
507 3113 631 3193 quadam
653 3112 861 3193 anticipatione
881 3148 924 3158 -
943 3113 987 3175 sic
1005 3116 1085 3176 enim
1107 3135 1174 3178 cum
1191 3116 1330 3179 Cicerone
1350 3110 1523 3199 πρόληψιν

359 3215 455 3277 dicere
471 3214 538 3276 licet
552 3250 594 3258 —
611 3233 618 3275 :
634 3216 711 3278 hanc
725 3222 824 3276 autem
841 3216 1076 3297 anticipationem
1093 3218 1174 3280 nasci
1189 3218 1219 3279 in
1239 3216 1395 3279 hominum
1417 3214 1521 3279 animis

359 3333 422 3389 non
435 3317 566 3397 poluisse
582 3317 637 3397 nisi
653 3317 765 3379 risione
781 3319 878 3401 aliqua
893 3320 1015 3384 deorum
1033 3320 1138 3383 oblata.
1174 3321 1252 3384 Haec
1272 3320 1351 3381 enim
1372 3328 1436 3382 erat
1452 3321 1521 3381 doc-
1572 3338 1573 3355 ¹

359 3417 434 3480 trina
461 3419 639 3493 atomistica,
665 3437 755 3502 quam
781 3421 960 3507 aLeucippo
981 3432 1011 3485 et
1031 3423 1199 3486 Democrito
1220 3424 1358 3486 traditam
1380 3422 1522 3504 Epicurus

429 3674 454 3739 2)
477 3670 517 3729 Ου’
535 3672 590 3748 γὰρ
604 3677 791 3747 συμφωνοῦσι
804 3683 997 3750 πρμγματεῖαι
1008 3680 1054 3735 καὶ
1067 3680 1219 3751 φροντίδες
1230 3682 1276 3734 reni
1289 3677 1372 3755 ὀργαὶ
1383 3681 1430 3731 καὶ
1439 3676 1522 3748 χάρι-

361 3774 405 3816 ιες
421 3757 621 3827 μακαριότητι,
638 3763 719 3831 inquit
730 3764 856 3829 Epicurus
874 3765 899 3816 in
912 3764 1021 3829 epistola
1033 3768 1064 3818 ad
1077 3767 1232 3821 Herodotum
1243 3766 1268 3835 ἦ.
1284 3771 1323 3820 ii.
1353 3769 1520 3837 cropus-t
1571 3780 1572 3829 l

361 3841 508 3911 rycaurm
521 3844 544 3912 e.
558 3846 600 3897 or.
617 3848 672 3897 uu
698 3846 752 3899 cu.
766 3849 797 3899 u
809 3856 860 3900 nac.
875 3849 944 3901 oser.
963 3852 983 3914 r,
996 3849 1038 3914 ao,
1052 3851 1093 3902 on.

430 3930 455 3989 3)
475 3929 527 3985 line
539 3939 688 3996 argumento
701 3934 784 3985 utitur
795 3932 931 3987 Lueretius
944 3935 976 4000 V,
989 3953 1013 3988 v.
1032 3937 1139 4004 1998qq.
1571 3934 1572 4009 l

428 4015 453 4079 4)
472 4014 525 4066 Cio.
538 4017 569 4066 de
582 4025 634 4068 nat,
648 4019 719 4069 deor.
734 4021 756 4082 l,
770 4020 811 4084 l'i,
823 4021 865 4071 45.
891 4020 931 4083 26,
946 4019 987 4071 56.
1012 4019 1050 4073 Cf.
1065 4021 1346 4091 Seneo.tebenet.1v‚
1360 4026 1401 4077 19.

427 4100 455 4164 5)
474 4101 526 4151 Cic.
541 4101 559 4151 l.
572 4100 589 4153 l.
606 4105 627 4167 l,
639 4104 681 4166 44,
696 4103 753 4155 123.
778 4102 816 4155 Cf.
832 4106 874 4168 30,
886 4106 927 4155 85.
952 4106 996 4169 tr,
1010 4106 1067 4157 115.

428 4184 453 4243 u
472 4185 503 4236 iii
524 4186 663 4251 significari
684 4188 804 4239 videntur
820 4189 993 4242 aPhilodemo
1010 4209 1043 4243 π.
1056 4188 1204 4259 εὐσεβείας,
1225 4196 1297 4248 cuiun
1308 4194 1371 4251 libri
1382 4196 1524 4263 smmum
1570 4192 1571 4263 ξ

360 4269 452 4321 enitere
474 4270 560 4322 lacere
582 4272 651 4323 edita
670 4282 730 4324 sont
751 4273 777 4323 in
794 4273 1018 4328 herculanensium
1041 4278 1192 4331 collectione
1208 4280 1305 4345 altera,
1325 4281 1434 4349 Neapoli
1451 4282 1523 4346 lbii2,
1570 4268 1571 4339 l

358 4369 421 4415 tom.
432 4353 462 4420 11,
478 4372 501 4424 p.
518 4358 558 4421 27,
576 4356 619 4408 uhi
635 4357 698 4409 haec
711 4359 788 4409 rerba
800 4357 933 4425 leguntur:
955 4359 1015 4413 οὐδ’
1037 4362 1065 4424 ἐξ
1085 4359 1220 4417 ἀπόπτου
1240 4367 1274 4416 ui
1297 4365 1436 4420 δοκοῦντα
1461 4368 1523 4437 περὶ

359 4440 436 4492 θεῶν
445 4435 605 4510 Ἐπικούρῳ
619 4440 758 4505 συιέῖδρν.
