3164 5138
425 1622 489 1713 ln
520 1618 777 1714 LYRlCORllll
808 1618 1066 1714 GRAECORllll
1095 1620 1379 1716 FRAGMENTA,

285 1946 301 1996 3
404 1907 503 1997 Aluum
521 1938 623 2003 nuper,
635 1921 864 1994 Commilitones,
875 1919 1053 1982 Graecorum
1067 1919 1224 2000 lyricomm
1238 1921 1384 2002 reliquias,
1398 1939 1477 2001 qua·

318 2046 385 2088 rum
396 2026 597 2088 collectionem
605 2024 673 2086 usui
685 2032 782 2086 vestro
788 2023 1040 2086 accommodatam
1046 2022 1247 2085 ldeblbornius
1260 2024 1378 2097 curarit,
1392 2040 1476 2084 non-

317 2129 402 2191 nullis
417 2137 545 2190 vestrum
568 2127 731 2189 tractandas
746 2125 1006 2207 proposuerimus,
1028 2126 1059 2186 in
1082 2145 1175 2207 eoque
1193 2126 1311 2206 negotio
1326 2125 1388 2188 fieri
1409 2143 1478 2187 non

317 2231 446 2312 potuerit
460 2230 530 2311 quin
546 2229 664 2304 multae,
680 2227 786 2309 quibus
802 2248 903 2291 earum
916 2227 1003 2290 lectio
1017 2230 1129 2308 passim
1149 2228 1317 2309 impeditur,
1340 2228 1383 2290 rel
1403 2246 1474 2289 cor·

315 2334 445 2415 ruptelae
460 2332 502 2394 vel
518 2333 691 2394 difficulates
706 2349 762 2392 nos
777 2331 966 2404 adverterent,
981 2349 1104 2410 quarum
1120 2330 1145 2393 si
1161 2331 1276 2411 quando
1291 2329 1471 2411 probabilem

314 2445 364 2499 aut
377 2435 610 2498 emendationem
626 2443 675 2497 aut
689 2433 907 2513 explicationem
924 2433 1057 2494 nondum
1072 2433 1109 2494 ab
1120 2433 1182 2495 aliis
1197 2433 1343 2496 inventam
1357 2431 1472 2494 ridere-

315 2558 394 2613 mus,
414 2556 470 2599 nos
496 2537 554 2617 ipsi
574 2545 624 2599 aut
644 2536 819 2598 medicinam
841 2535 978 2599 adbibere
1001 2537 1148 2616 conuptis
1163 2545 1213 2598 aut
1225 2536 1319 2598 lucem
1336 2534 1471 2597 obscuris

313 2644 607 2705 allerrcconaremnr:
622 2638 714 2699 multa
725 2637 841 2718 quidem
854 2637 884 2698 in
897 2638 1025 2700 medium
1037 2638 1117 2700 allata
1130 2647 1209 2713 sunt,
1220 2658 1294 2719 quae
1305 2638 1470 2701 accuratius

314 2745 460 2826 pensitato
479 2761 585 2804 rursus
605 2739 765 2803 abiicienda
785 2759 849 2802 esse
868 2739 1075 2814 intelleximus,
1097 2750 1126 2803 at
1148 2744 1184 2804 de
1204 2741 1353 2803 nonnullis
1372 2748 1471 2802 tamen

313 2847 386 2910 locis
401 2846 444 2907 vel
460 2845 496 2908 ab
512 2844 557 2919 iis,
573 2842 681 2923 quibus
696 2844 803 2905 horum
819 2842 950 2904 tractatio
965 2843 1101 2905 mandata
1121 2854 1191 2918 erat,
1206 2845 1250 2907 vel
1270 2863 1287 2904 a
1308 2841 1405 2918 nobis,
1419 2841 1470 2922 qui

313 2959 410 3012 vestra
430 2948 525 3010 studia
545 2945 781 3019 moderabamur‚
801 2944 985 3007 coniecturae
1004 2946 1146 3025 quaedam
1169 2946 1300 3026 prolatae
1319 2954 1389 3007 sunt
1407 2961 1470 3005 non

312 3051 521 3134 improbabiles
539 3067 635 3127 neque
650 3046 795 3126 indignae,
815 3065 888 3127 quae
907 3047 993 3109 etiam
1010 3068 1077 3110 cum
1093 3050 1155 3110 aliis
1171 3047 1468 3110 communicarentnr.

312 3154 511 3228 Quamobrem
547 3170 637 3231 quum
671 3150 759 3211 hasce
794 3149 1022 3213 academicorum
1058 3152 1263 3230 prolusionum
1293 3150 1469 3231 scriptiones

312 3266 405 3320 vestra
421 3255 607 3336 potissimum
619 3271 705 3314 causa
721 3250 866 3314 institutas
882 3272 947 3314 esse
963 3252 1141 3328 iudicemus,
1163 3271 1225 3315 non
1240 3253 1364 3315 alienum
1379 3252 1469 3315 nobis

311 3362 405 3422 visum
422 3367 476 3431 est,
492 3358 528 3419 de
543 3355 691 3418 nonnullis
707 3355 811 3416 barum
828 3373 927 3416 rerum
939 3356 983 3417 vel
997 3356 1027 3416 in
1042 3356 1277 3418 recordationem
1292 3356 1370 3418 haud
1389 3355 1468 3417 iniu-

312 3464 436 3526 cundam
452 3458 652 3522 communium
669 3458 849 3532 studiorum,
864 3459 907 3518 vel
922 3458 1008 3519 etiam
1023 3459 1053 3519 iu
1069 3467 1231 3544 ceteromm
1247 3477 1349 3531 usum,
1373 3458 1399 3519 si
1419 3458 1470 3539 qni

312 3575 382 3628 sunt
400 3582 461 3626 non
484 3563 606 3625 alienato
627 3581 642 3623 a
663 3560 839 3622 Graecorum
861 3559 951 3621 llusis
973 3560 1085 3634 animo,
1111 3562 1206 3640 paullo
1228 3560 1389 3623 accuratius
1411 3562 1470 3623 boc

310 3669 375 3729 loco
387 3667 538 3728 disserere.
552 3697 593 3707 —-
606 3662 723 3723 luitium
739 3664 878 3725 iaciemus
891 3661 926 3722 ab
938 3661 1102 3723 Archilochi
1115 3664 1277 3742 lragmento
1289 3664 1366 3743 apud
1379 3663 1468 3725 loan-

309 3789 376 3832 nem
393 3767 551 3831 Stobaeum
567 3765 645 3827 Flor.
662 3765 704 3827 tit.
724 3766 782 3826 105
798 3765 853 3825 vol.
869 3763 908 3824 lll
920 3782 949 3842 p.
967 3763 1028 3825 358
1050 3762 1148 3837 Gaisl,
1163 3782 1193 3825 n.
1208 3764 1328 3826 xxxttt
1342 3765 1423 3828 Lieb.

399 3870 476 3944 Τοῖς
496 3868 593 3942 θεοῖς
613 3859 707 3929 τίθει
730 3862 772 3927 col
796 3859 918 3927 πάντα·
942 3860 1106 3940 πολλάκις
1126 3859 1186 3945 μὲν
1208 3860 1244 3928 ἐκ
1266 3865 1375 3931 κακῶν

382 3964 528 4055 ’Ἀνδρος
551 3961 711 4053 ὀρθοῦσιν
724 3960 860 4050 μελαίνῃ
884 3962 1050 4046 κειμένους
1072 3962 1131 4030 ἐπὶ
1152 3962 1262 4046 χθονί,

391 4068 562 4147 Πολλάκις
584 4062 851 4152 δ’ἀνοιτρέποιοι,
876 4064 932 4130 καὶ
953 4060 1029 4148 μάλ’
1052 4056 1087 4131 εὖ
1107 4064 1291 4154 βεβρκάιας

388 4168 555 4249 ιΥιττιόος
577 4163 735 4234 κλίνοοσ’·
757 4163 876 4233 ἔπειτα
898 4167 1008 4234 πολλὰ
1030 4165 1172 4254 γίγνεται
1198 4167 1293 4251 κακά,

392 4273 460 4339 Καὶ
481 4269 558 4357 βίον
579 4270 638 4359 χρῇ
659 4270 705 4357 μὴ
729 4271 907 4351 πλανᾶται,
930 4270 987 4337 καὶ
1009 4268 1085 4337 νόου
1107 4268 1286 4359 παρήορος.

390 4381 475 4454 Quod
499 4379 529 4440 in
555 4385 705 4457 postremo
736 4377 842 4438 borum
873 4395 1010 4439 versuum
1037 4378 1153 4440 codices
1180 4379 1306 4439 ollerunt
1331 4373 1390 4462 χρὴ
1418 4371 1468 4465 μή

305 4493 477 4565 corruptum
498 4499 563 4543 esse
577 4489 705 4562 apparet.
745 4479 786 4541 Ac
802 4476 920 4542 Grotius
935 4479 1051 4561 quidem
1068 4499 1135 4543 curn
1146 4478 1177 4542 C.
1191 4480 1323 4545 Gesnero
1338 4475 1470 4566 χρῄζων
