3266 5140
180 670 267 743 atque
285 662 400 743 opimas
419 662 583 742 pmviucias
602 670 652 725 aut
675 660 797 742 praemii
821 668 872 723 aut
889 659 1014 741 praedae
1036 661 1102 724 loco
1122 665 1267 744 peregrini
1286 675 1336 729 aut
1357 679 1372 725 n

179 766 282 827 hostes
298 774 348 827 aut
361 764 434 826 socii
449 766 604 827 auferrent.
635 765 677 826 lta
691 770 808 826 nostrae
822 781 939 844 quoque
954 762 1143 827 Pomeraniae
1158 766 1226 829 illud
1242 770 1334 831 latum

178 865 362 929 subeundum
385 866 450 941 luit,
472 875 505 928 ut
526 866 629 928 melior
650 865 713 927 eins
733 883 816 945 pars,
835 864 972 944 legitimis
986 867 1140 929 heredibus
1155 880 1266 950 erepta,
1286 890 1335 932 er-

178 979 309 1032 terorum
323 968 517 1032 dominationi
532 968 732 1031 subiiceretur.
746 1002 790 1013 -

262 1071 364 1134 Orbati
381 1070 469 1150 igitur
487 1070 549 1132 suis
568 1070 750 1151 principibus
770 1069 897 1132 maiores
919 1070 1028 1145 nostri,
1048 1072 1218 1155 alienatique
1237 1075 1273 1137 ab
1288 1075 1334 1145 iis,

177 1175 355 1255 quibuscum
373 1181 402 1235 et
420 1180 524 1235 natura
543 1181 572 1235 et
590 1174 653 1235 iure
672 1172 773 1235 sociati
793 1190 860 1233 esse
879 1171 1055 1245 debuerant,
1077 1184 1105 1236 et
1120 1194 1137 1236 a
1153 1185 1247 1238 semet
1262 1178 1335 1257 ipsis

177 1275 396 1358 quodammodo
411 1274 516 1336 divulsi
530 1293 564 1336 ao
578 1274 725 1355 discerpti,
741 1292 830 1336 unam
851 1274 946 1336 adhuc
967 1275 1134 1355 principalis
1151 1297 1221 1340 suae
1236 1279 1334 1360 stirpis

179 1379 360 1461 progeniem,
374 1396 436 1439 non
451 1377 568 1459 qtndem
583 1377 613 1438 in
628 1376 723 1457 patrio
744 1375 820 1438 solio
840 1376 1024 1453 collocatam,
1044 1379 1095 1440 sed
1114 1380 1271 1444 nobilitatis
1290 1391 1335 1444 ta·

179 1501 247 1544 men
261 1481 352 1545 aritae
364 1489 452 1561 atque
464 1480 605 1542 virtutum
619 1479 756 1540 heredem
770 1478 904 1541 viderunt
916 1479 1115 1560 superstitem,
1131 1483 1259 1559 Annam,
1275 1486 1335 1547 Bo·

177 1585 259 1665 gislai
274 1602 417 1647 sororem.
447 1583 530 1644 llanc
547 1581 636 1661 igitur
654 1590 726 1643 tunc
743 1581 880 1643 universa
904 1582 1079 1645 Pomerania
1099 1585 1142 1647 sio
1161 1587 1335 1661 intuebatur,

177 1698 313 1769 tanquam
327 1687 423 1750 rivam
437 1704 540 1748 eorum
555 1703 631 1765 quoe
644 1684 780 1747 amiserat
793 1684 964 1765 imaginem,
980 1694 1119 1767 tantoque
1134 1689 1244 1751 maiore
1260 1690 1335 1752 cari·

179 1798 236 1853 tate
249 1789 483 1871 amplectebatur,
496 1788 575 1868 quod
591 1786 688 1848 omnis
703 1788 750 1848 sui
764 1786 860 1848 luctus
875 1789 1139 1852 etmoerorisbano
1153 1791 1209 1853 sibi
1224 1792 1334 1854 sociam

177 1912 242 1955 esse
256 1891 384 1954 ridebat:
400 1900 552 1972 postremo
567 1890 698 1969 egregiae
716 1898 867 1951 matronae
887 1890 1000 1952 obitum
1020 1910 1082 1953 non
1100 1894 1199 1956 minus
1215 1894 1275 1955 lere
1289 1895 1335 1957 lu-

176 1995 275 2075 gebat,
291 2012 378 2075 mam
394 1994 464 2055 olim
483 1992 514 2054 in
528 1991 673 2071 postremi
691 1990 818 2070 bogislai
838 1990 921 2053 obitu
938 1992 1058 2056 luxerat.
1088 1994 1187 2075 ltaque
1207 1995 1335 2059 maiores

177 2097 282 2172 nostri,
297 2114 388 2178 quum
403 2096 433 2157 in
449 2096 549 2156 Annae
564 2095 666 2155 funere
681 2093 813 2155 omnium
827 2092 959 2167 illorum,
980 2112 1107 2174 quorum
1121 2115 1201 2160 nunc
1216 2100 1335 2160 demum

178 2199 300 2280 stirpem
314 2199 430 2279 penitus
446 2197 603 2259 extinctam
618 2194 761 2268 ridebant,
777 2203 806 2255 et
820 2194 983 2256 recordatio
999 2198 1211 2262 etdesidorium
1227 2201 1257 2262 in
1271 2200 1335 2262 ani-

177 2302 235 2364 mis
254 2319 357 2364 eorum
376 2300 567 2379 redintegrata
581 2304 694 2372 essent,
709 2296 787 2358 diem
803 2314 862 2376 quo
877 2296 1040 2362 decesserat
1055 2300 1136 2363 statis
1152 2302 1335 2383 temporibus

179 2413 239 2466 eta
254 2422 286 2465 se
299 2412 327 2465 et
343 2422 359 2465 a
374 2402 500 2483 posteris
515 2401 577 2462 suis
592 2402 630 2463 ita
644 2407 809 2462 statuerunt
823 2400 1043 2475 celebrandum,
1057 2412 1089 2465 ut
1103 2422 1164 2467 non
1179 2405 1266 2468 huius
1282 2424 1334 2467 so·

178 2508 240 2569 lum
258 2506 401 2568 memorie
419 2506 610 2578 recoleretur,
631 2503 682 2565 sed
707 2501 859 2565 universae
878 2503 1045 2584 principum
1068 2507 1171 2569 domui
1192 2507 1334 2570 arbustae

179 2610 276 2673 debita
289 2609 404 2689 pietatis
419 2616 448 2670 et
462 2607 587 2669 canutio
603 2607 697 2668 ollioia
711 2613 937 2686 praestarentur.

262 2713 327 2774 lloo
345 2711 432 2790 igitur
450 2709 537 2772 nobis
556 2709 645 2771 bodie
664 2709 879 2788 agendumst,
895 2709 1057 2773 auditores:
1074 2711 1303 2792 persolvendum
1318 2733 1334 2775 a

179 2814 264 2876 nobis
284 2832 401 2894 quoque
415 2813 493 2894 quod
515 2811 656 2873 debemus
671 2820 806 2874 eandum
826 2811 941 2891 pietatis
962 2814 1105 2876 officinm:
1121 2814 1333 2894 parentandum

178 2917 344 2998 principum
370 2914 519 2996 quondam
539 2921 712 2975 nostrorum
736 2913 828 2975 beatis
854 2914 997 2978 manibus.
1027 2917 1073 2979 lle
1098 2927 1208 2990 vestra,
1234 2926 1370 2998 patrest

179 3038 303 3093 consor,
324 3018 458 3080 voluntas
476 3017 508 3078 in
529 3016 586 3076 hoc
605 3023 744 3095 suggestu
767 3015 918 3079 collocavit
937 3017 1066 3098 mihique
1081 3018 1148 3080 illud
1165 3020 1335 3099 parentandi

179 3141 287 3185 munus
303 3121 459 3201 imposuit,
477 3119 556 3200 quod
575 3138 629 3199 ego
649 3138 697 3181 me
710 3138 847 3182 recusare
862 3139 917 3183 nec
935 3140 1026 3202 posse
1045 3139 1101 3182 nec
1116 3121 1221 3183 debere
1235 3121 1335 3184 eristi·

179 3225 267 3296 mari,
281 3242 342 3286 non
357 3242 416 3303 quo
432 3241 480 3284 ma
494 3232 545 3286 aut
557 3229 672 3283 tantum
687 3222 811 3284 dicendo
826 3224 921 3285 valere
937 3225 1082 3305 opinarer,
1098 3231 1131 3286 ut
1146 3224 1267 3304 dignum
1282 3225 1335 3286 ali-

180 3329 248 3407 quid
263 3327 368 3389 reetris
383 3325 501 3388 auribus
516 3329 691 3406 proferrem,
711 3335 761 3388 aut
779 3327 815 3388 ab
834 3327 951 3407 ingenio
972 3330 1010 3389 ita
1024 3326 1097 3388 mibi
1116 3326 1277 3389 instructus
1291 3327 1334 3389 vi-

181 3432 273 3502 derer,
290 3436 322 3490 ut
335 3427 421 3490 talem
436 3427 548 3489 dicendi
562 3428 713 3490 materiam
729 3428 773 3488 vel
788 3428 942 3506 cogitando
958 3431 1028 3492 satis
1041 3430 1194 3508 complecti
1210 3431 1254 3492 vel
1269 3446 1335 3491 rer-

181 3532 225 3593 bis
251 3549 375 3611 aequate
399 3548 534 3610 possem3
564 3548 664 3592 verum
689 3537 723 3592 ut
742 3528 903 3608 eloquentia
923 3531 1082 3612 plerisque,
1102 3531 1219 3609 ingenio
1239 3540 1335 3593 autem

182 3632 318 3696 omnibus
334 3632 453 3694 libenter
466 3651 515 3693 me
528 3633 697 3694 interiorem
712 3650 779 3693 esse
795 3632 944 3711 profiteor,
957 3634 1063 3713 pietate
1075 3641 1173 3693 tamen
1188 3642 1274 3713 atque
1288 3651 1336 3695 ca-

181 3736 264 3799 ritate
279 3754 390 3807 eorum,
401 3735 438 3795 de
452 3734 556 3814 quibus
570 3735 659 3796 bodie
674 3734 827 3797 dicendum
842 3742 901 3809 est,
917 3734 1026 3796 nemini
1043 3735 1129 3796 cedo:
1145 3734 1335 3815 quamobrem

182 3839 208 3900 si
224 3838 337 3919 pietatis
352 3836 541 3917 potissimum
557 3846 668 3899 rosnae
683 3856 730 3899 me
749 3837 938 3918 interpretem
955 3856 1020 3899 esse
1034 3836 1180 3909 voluistis,
1198 3836 1266 3897 boio
1280 3853 1335 3914 ego

182 3942 296 4004 muneri
310 3941 490 4020 aliquatenus
505 3958 553 4001 me
567 3940 732 4001 satislacere
747 3958 837 4020 posse
853 3939 978 4002 conlido.

265 4044 325 4105 lam
342 4062 410 4103 vero
425 4051 538 4105 tantum
554 4042 625 4104 mihi
640 4050 737 4123 potere
751 4043 835 4105 rideo
851 4042 965 4104 dicendi
980 4048 1244 4120 campum‚tantam
1260 4050 1337 4102 tarn-

182 4164 239 4225 que
253 4145 395 4206 infinitam
411 4145 602 4207 maximarum
618 4162 715 4205 rerum
731 4146 859 4225 copiam,
874 4153 907 4206 ut
920 4163 979 4224 quo
999 4142 1186 4223 potissimum
1202 4162 1250 4205 me
1265 4160 1338 4204 eon·

183 4254 306 4321 vertam,
333 4247 401 4327 quid
420 4247 535 4327 eligam,
555 4245 625 4325 quid
645 4246 886 4325 praetermittam,
906 4247 952 4308 vir
970 4253 1050 4307 certo
1070 4254 1196 4306 statuere
1214 4246 1337 4325 possim.

183 4349 346 4412 Recolenda
361 4357 406 4412 est
425 4350 503 4412 enirn
517 4347 684 4429 principum
705 4355 873 4409 nostronrm
895 4349 1054 4422 memoria,
1069 4346 1236 4409 celebranda
1252 4347 1339 4408 lortia

183 4453 264 4524 taron,
281 4450 485 4513 collaudandae
499 4450 635 4523 unates,
656 4448 915 4513 commemoranda
935 4449 966 4512 in
984 4468 1047 4513 rem
1070 4450 1215 4532 publicam
1238 4447 1338 4510 collata
