3284 5152
731 486 785 545 171

180 658 268 754 κᾷθ’
283 662 392 750 ἕτερον
406 668 464 730 dici
477 668 535 732 boc
548 670 613 733 loco
627 680 707 735 recte
722 674 853 755 potuisse
867 676 997 752 apparet.
1022 668 1066 730 Ad
1081 669 1231 752 epitheton
1241 677 1340 733 autem

180 767 238 835 τὸν
259 766 429 855 ξυγγραφῆ
444 772 523 851 quod
538 773 656 848 attinet,
671 776 730 837 iam
745 777 891 839 veteribus
906 771 1114 854 interpretibus
1129 789 1190 833 nou
1204 773 1342 835 omnibns

180 892 278 936 veram
293 873 357 935 eius
372 873 431 934 rim
447 874 518 936 satis
533 884 716 956 compertam
732 877 824 940 luisse
845 899 861 940 e
884 880 1003 944 scholiis
1024 877 1060 939 ad
1075 875 1152 937 Nub.
1168 894 1196 936 r.
1215 875 1296 937 1022
1312 881 1342 936 et

181 976 289 1037 Suidae
308 976 374 1037 loco
393 975 463 1037 hinc
481 978 594 1056 petito,
619 997 643 1040 s.
670 998 696 1040 v.
715 971 926 1062 Ἀντίμαχος,
949 979 1147 1059 intelligimus.
1192 976 1235 1041 lbi
1249 976 1339 1049 enim,

180 1083 373 1159 posteaquam
394 1086 534 1159 quattuor
554 1080 618 1143 mus
639 1081 769 1144 nominis
790 1084 843 1145 viri
865 1085 1029 1148 enumerati
1048 1086 1132 1151 sunt,
1152 1078 1256 1159 quinto
1276 1077 1341 1140 loco

180 1181 298 1243 additur
311 1181 401 1243 etiam
417 1171 684 1267 ἱστοριογράφος,
700 1185 810 1248 scilicet
824 1205 859 1248 er
874 1188 1044 1249 coniectura
1054 1181 1206 1264 Byzantini
1219 1180 1342 1243 alicuius

181 1283 323 1364 magistri,
346 1283 396 1363 qui
417 1278 623 1368 ξυγγραφέας
647 1285 837 1373 historiarum
860 1289 1047 1370 potissimum
1068 1285 1225 1365 scriptores
1246 1281 1342 1345 vocari

181 1385 282 1447 subtus
300 1404 365 1447 esse
385 1393 517 1448 noverat.
566 1389 654 1468 Atqui
677 1391 842 1453 Antimachi
865 1389 1091 1472 historiographi
1112 1385 1191 1449 nulla
1216 1402 1342 1464 usquam

182 1487 293 1549 mentio
314 1488 391 1568 apud
412 1506 591 1567 quemquam
612 1498 741 1553 veterem
762 1500 913 1555 auctorem
934 1495 1008 1556 lacta
1035 1498 1089 1566 est,
1115 1498 1145 1550 et
1170 1487 1343 1549 scholiastae

182 1589 326 1653 inscitiam
341 1589 386 1651 rel
402 1590 458 1652 hoo
471 1591 575 1671 arguit,
597 1594 676 1674 quod
700 1594 780 1657 bunc
799 1596 1041 1658 commenticium
1061 1610 1149 1655 suum
1170 1590 1341 1652 historicum

182 1692 330 1755 dit'ermm
345 1692 414 1754 lacit
428 1692 465 1754 ab
479 1693 538 1766 illo,
559 1713 649 1774 quem
669 1696 733 1776 ipse
748 1699 836 1760 tertio
852 1698 917 1761 loco
932 1699 1046 1779 posuit,
1066 1702 1096 1757 et
1120 1687 1253 1756 Ψεκάδα
1275 1696 1342 1772 (pro

187 1787 355 1873 Ψακοὶδος)
376 1794 487 1858 dictum
508 1797 563 1870 ait,
583 1816 675 1877 quum
697 1819 734 1860 er
753 1799 818 1879 ipso
838 1800 1034 1880 Aristophane
1054 1799 1167 1861 discere
1188 1794 1343 1876 potuisset,

182 1913 277 1959 unum
297 1896 484 1978 eundemque
502 1899 655 1961 hominem
675 1908 705 1962 et
729 1896 898 1976 Ψακοίὄος,
918 1920 960 1965 sc.
987 1902 1090 1973 filium,
1117 1907 1147 1962 et
1173 1893 1344 1979 ξυγγραφῆ

182 1997 248 2060 dici.
292 1996 419 2060 hlelioris
433 1999 527 2080 frugis
541 2009 625 2072 sunt,
646 2020 720 2081 qnae
741 2004 771 2063 in
792 2003 911 2066 scholiis
931 2003 966 2067 ad
988 2001 1220 2065 Acharueneium
1234 1999 1333 2061 locum

183 2100 314 2180 itemque
332 2100 409 2181 apud
430 2101 562 2174 Suidam,
585 2103 637 2182 qni
657 2104 730 2167 baec
750 2105 868 2186 quoqne
888 2105 1042 2187 excerpsit,
1064 2105 1216 2183 leguntur:
1233 2093 1343 2163 ἐδόκει

184 2197 222 2264 δὲ
244 2193 262 2264 ὁ
283 2193 480 2281 Ἀντίμαχος
502 2190 598 2278 οὗτος
618 2199 784 2289 ψήφισμα
805 2203 1043 2291 πεποιηκέναι,
1065 2201 1110 2288 μὴ
1134 2202 1204 2267 δεῖν
1225 2221 1343 2285 κωμῳ-

185 2301 254 2366 δεῖν
274 2297 312 2379 ἐξ
333 2294 506 2384 ὀνόματος,
528 2326 618 2388 quam
632 2310 855 2372 annotationem
876 2327 937 2372 non
958 2308 1074 2371 aliunde
1093 2307 1149 2369 nisi
1169 2325 1207 2369 ex
1222 2303 1343 2366 cruditis

183 2406 447 2470 Alexandrinorum
461 2410 721 2488 grammaticorum
737 2412 958 2475 commentariis
972 2412 1002 2473 in
1017 2411 1094 2475 hanc
1107 2417 1239 2471 nostram
1254 2405 1342 2468 scho-

183 2509 290 2572 liorum
305 2509 482 2591 {arnaginem
498 2512 615 2575 llurisse
630 2532 679 2576 res
694 2514 757 2594 ipsa
772 2516 867 2577 docet.
911 2515 984 2577 hlud
1000 2513 1169 2596 psephisma
1188 2528 1247 2591 qno
1267 2516 1344 2570 tem

182 2631 255 2692 pore
271 2613 308 2674 ab
322 2613 496 2677 Antimacho
517 2614 607 2679 latum
623 2616 676 2689 sit,
698 2625 778 2679 certo
794 2617 960 2697 investigari
974 2617 1063 2679 hodie
1077 2634 1139 2678 non
1153 2632 1239 2695 posse
1254 2629 1344 2673 nemo

184 2714 347 2777 mirabitur.
363 2718 390 2793 1)
412 2717 485 2777 Nam
501 2717 564 2797 lege
579 2720 735 2781 coercitam
747 2720 838 2782 subse
850 2720 936 2781 istam
947 2720 1128 2782 comicorum
1140 2724 1295 2800 poetarum
1308 2714 1343 2775 li·

184 2818 310 2881 centiam
325 2817 455 2897 primum
478 2819 618 2881 archonte
638 2821 804 2901 blorychide
822 2822 849 2882 h.
872 2841 898 2882 e.
919 2821 964 2883 Ol.
981 2822 1032 2895 85,
1053 2826 1064 2882 1
1084 2820 1206 2901 (itote
1225 2817 1344 2879 scholiis

185 2919 220 2980 ad
240 2919 365 2981 Acbarn.
389 2940 414 2982 v.
437 2921 477 2981 65
498 2921 650 2997 discimus,
678 2925 761 2985 annis
786 2923 863 2985 haud
891 2924 990 2986 minus
1016 2920 1250 3004 quattuordecim
1277 2925 1344 2980 ante

185 3027 280 3084 acum
301 3021 530 3085 Acharnensinm
550 3024 696 3099 tabulam3
719 3026 770 3087 sed
795 3008 883 3087 huius
904 3025 1117 3106 legislatorem
1136 3022 1344 3086 Antimachum

183 3124 274 3186 luisse
289 3123 415 3206 ideoque
429 3132 491 3187 tam
506 3125 593 3206 longo
610 3134 676 3207 post
697 3135 831 3210 tempore.
852 3129 889 3190 ab
909 3129 1103 3208 Aristophane
1123 3127 1155 3189 in
1172 3127 1225 3187 hac
1246 3125 1345 3187 fabula

184 3226 323 3306 exagitari
338 3233 419 3288 tanto
435 3226 533 3289 minus
549 3229 713 3302 credemus,
729 3231 808 3311 quod
824 3231 917 3311 ipsam
941 3230 1019 3293 illam
1046 3229 1138 3310 legem
1160 3229 1224 3291 iam>
1237 3234 1344 3308 quarto

183 3337 343 3410 postquam
357 3329 469 3410 perlata
483 3330 579 3392 luerat
598 3349 686 3404 anno,
708 3335 745 3394 ol.
768 3333 850 3407 85‚A,
872 3332 970 3408 (436),
990 3334 1133 3395 archonte
1158 3331 1343 3411 Euthymene

185 3430 323 3492 abolitam
338 3432 579 3514 comicorumque
595 3432 759 3495 libertatem
774 3435 834 3496 sive
849 3436 993 3498 licentiam
1009 3435 1175 3497 restitutam
1187 3452 1252 3494 esee
1264 3432 1341 3495 idem

186 3531 343 3595 scholiasta
372 3542 527 3596 memorat.
578 3534 675 3597 Alium
704 3536 882 3598 coercendae
912 3537 1023 3618 legibus
1052 3537 1184 3599 licentiae
1212 3534 1342 3596 comicae

185 3642 336 3697 auctorem
353 3636 539 3716 Syracosium
554 3637 701 3717 quendam
718 3640 851 3703 nominat
865 3639 956 3701 schol.
976 3641 1013 3701 ad
1023 3640 1073 3701 Av.
1089 3638 1179 3712 1297,
1195 3638 1344 3716 huiusque

185 3739 279 3819 legem
294 3735 466 3810 bleinelrins,
488 3739 597 3802 Hister.
621 3759 697 3801 com.
724 3742 732 3799 l
758 3761 789 3821 p.
806 3743 856 3802 41.
876 3741 937 3815 42,
953 3742 1041 3805 haud⁴
1054 3740 1284 3821 improbabiliter
1298 3739 1343 3799 01.

185 3839 257 3914 91,1
276 3839 375 3915 (416),
406 3859 465 3921 qno
494 3859 571 3904 anno
586 3841 771 3905 Arimnestus
785 3844 896 3907 archon
925 3843 991 3917 tuit,
1014 3843 1101 3904 latam
1132 3860 1197 3903 esse
1231 3840 1343 3913 statuit,

185 3943 299 4006 decimo
319 3942 408 4023 igitur
432 3950 500 4023 post
523 3943 724 4007 Acharneuses
748 3952 842 4027 acum
868 3964 955 4008 anno.
991 3946 1096 4026 ltaque
1122 3945 1199 4006 banc
1226 3961 1344 4025 quoque

185 4046 257 4109 nihil
276 4047 312 4109 ad
340 4046 549 4109 Antimachum
576 4047 722 4128 pertinere
741 4057 871 4130 apparet.
915 4050 973 4112 Sed
994 4048 1221 4129 haudquaquam
1247 4047 1343 4108 incre-

256 4286 278 4349 1)
291 4283 329 4336 Cf.
343 4286 432 4350 bergh.
446 4286 470 4335 d.
484 4285 554 4352 reliq.
567 4286 678 4337 coruoed.
688 4292 735 4337 att.
747 4302 770 4352 p.
780 4287 826 4338 112
836 4288 895 4338 etin
904 4286 935 4338 A.
946 4286 1058 4339 Schmidt
1071 4285 1179 4354 sylloge,
1189 4282 1315 4335 Zeitsehr.
1325 4283 1342 4335 l.

187 4368 367 4422 Gescbichtsw.
380 4369 400 4420 ll
414 4385 436 4436 p.
449 4371 507 4422 tut.
