3290 5142
292 1428 560 1525 stlt0t1l1u
592 1433 818 1528 EURIPIDIS
849 1431 997 1526 [Obitu
1029 1434 1156 1527 Plau.
1173 1434 1218 1527 ΙΙ.

268 1680 302 1744 ln
316 1690 534 1762 programmate
549 1683 618 1745 anni
633 1683 808 1765 superioris,
830 1701 924 1766 quum
938 1683 1049 1747 scholia
1063 1689 1165 1747 nostra
1178 1684 1211 1746 in
1224 1683 1343 1767 Euripi-

183 1783 256 1846 deae
281 1782 361 1847 lonis
385 1784 538 1866 prologum
565 1786 784 1858 exhiberemus,
808 1787 898 1850 etiam
923 1785 1050 1868 reliquas
1078 1786 1210 1850 eusdem
1228 1786 1344 1850 fabulae

183 1892 284 1968 pertes
303 1886 427 1968 carptim
447 1887 618 1951 huiusmodi
637 1889 847 1972 scriptionibus
866 1906 922 1952 nos
942 1895 1119 1953 tractaturos
1139 1907 1205 1951 esse
1219 1890 1345 1970 prolessi

188 2007 308 2065 sumus,
328 1991 436 2071 quippe
456 2007 517 2052 non
532 1991 692 2055 abhorrere
706 1991 838 2056 arbitrati
852 1992 889 2056 ab
903 1991 961 2055 boc
974 2008 1081 2072 genere
1096 1990 1262 2054 libellorum
1278 2010 1345 2055 aca-

187 2091 387 2167 demicorum,
408 2093 434 2156 si
454 2092 550 2174 qualia
567 2093 722 2157 inecbolis
737 2112 754 2156 a
769 2093 1008 2176 praeceptoribus
1022 2093 1098 2156 tradi
1111 2093 1258 2170 solerent,
1276 2094 1346 2158 talia

188 2194 312 2259 subinde
328 2195 417 2259 etiem
432 2195 547 2277 publice
562 2197 764 2277 cognoscenda
778 2203 1023 2278 proponerentur.
1052 2194 1145 2275 Igitur
1158 2197 1190 2258 in
1203 2195 1262 2259 boc
1275 2214 1346 2277 pro-

187 2302 350 2379 grammate
360 2298 507 2362 canticum
517 2298 597 2361 lonis
607 2298 677 2362 illud
687 2298 953 2382 interpretabimur,
964 2297 1042 2378 quod
1053 2303 1098 2360 est
1109 2318 1126 2362 a
1138 2316 1163 2360 r.
1176 2297 1216 2361 83
1228 2298 1265 2361 ad
1276 2298 1346 2361 183.

273 2401 410 2464 Pmoedit
422 2401 478 2464 lon
493 2420 612 2465 summo
627 2420 715 2465 mane
729 2402 849 2465 neocori
860 2402 958 2465 officio
968 2400 1136 2478 iunctmus,
1150 2401 1346 2483 quemadmo-

189 2501 261 2565 dum
274 2502 306 2566 in
320 2503 442 2585 prologo
457 2502 618 2567 Mercurius
633 2503 816 2585 praedixerat
830 2523 856 2566 v.
873 2502 930 2566 78:

285 2596 370 2688 ‘Opti
392 2600 455 2690 γὰρ
476 2598 670 2687 ἐκβαίνοντα
691 2598 825 2684 Λοξίου
848 2597 944 2687 γόνον

289 2699 391 2787 τόνδ’,
413 2697 458 2783 αἱς
480 2703 546 2791 πρὸ
567 2704 647 2771 ναοῦ
668 2704 807 2790 λαμπροί
827 2704 878 2792 θῇ
899 2700 1082 2788 πυλώματα

290 2802 418 2896 δάφνης
437 2804 621 2873 κλάδοισιν.

190 2912 242 2975 sed
262 2913 340 2975 unde
355 2913 495 2993 procedat
508 2930 570 2976 non
584 2913 655 2976 satis
669 2913 776 2995 liquet,
796 2914 854 2977 boc
867 2918 967 2975 temen
983 2912 1172 2976 manifestum
1186 2931 1253 2975 esse
1267 2912 1348 2975 vide

189 3021 255 3089 tur,
279 3005 472 3095 ἐκβαίνοντα
498 3015 556 3078 dici
575 3032 636 3078 non
656 3016 803 3097 potuisse,
824 3015 881 3078 nisi
898 3022 951 3078 aut
971 3034 1007 3077 ex
1026 3016 1091 3097 ipso
1109 3015 1221 3096 templo
1241 3023 1292 3078 aut
1312 3033 1348 3077 er

189 3117 289 3199 aliquo
313 3117 407 3181 vicino
434 3117 602 3181 habitaculo
626 3117 732 3192 exiret,
757 3117 853 3198 qualia
871 3117 903 3179 in
920 3111 1118 3202 περιβόλοις
1134 3136 1159 3180 ι.
1182 3117 1348 3199 consaeptis

189 3220 369 3301 templorum
389 3221 599 3284 sacerdotibus·
610 3239 645 3284 ao
658 3219 800 3283 ministris
814 3220 959 3283 destinato
972 3219 1063 3283 brisso
1078 3227 1194 3283 constat
1204 3223 1242 3299 1).
1273 3220 1348 3282 Nam

189 3320 215 3383 si
229 3341 266 3384 er
280 3322 408 3386 convelle
422 3324 603 3405 propinqua,
619 3321 669 3385 ubi
683 3322 756 3385 lauri
771 3339 870 3386 ramos
886 3323 922 3385 ad
939 3323 1110 3386 terrendam
1128 3323 1349 3403 emendamque

189 3441 288 3487 aream
312 3425 503 3508 decerpserit,
527 3426 559 3489 iu
584 3442 704 3489 scenam
730 3425 925 3506 prodeuntem
952 3423 1113 3489 Mercurius
1137 3426 1348 3507 conspexisset,

189 3525 315 3590 dubitari
334 3544 394 3591 non
413 3535 513 3609 potest
532 3527 605 3610 quin
623 3526 680 3590 alio
701 3546 791 3608 quam
810 3520 974 3608 ἐκβαίνειν
995 3527 1085 3591 serbo
1105 3545 1213 3590 usurus
1234 3527 1349 3590 fuisset.

188 3627 269 3691 Nlbil
287 3636 387 3693 autem
403 3630 515 3705 obstat,
535 3649 596 3712 quo
611 3630 710 3693 minus
722 3650 739 3692 e
753 3630 864 3711 templo
878 3629 1074 3711 prodeuntem
1090 3629 1269 3711 cogitemus,
1289 3628 1349 3691 sive

187 3733 220 3796 in
233 3753 270 3796 eo
284 3734 512 3817 pernoctaverit,
526 3734 596 3809 sive,
612 3731 692 3815 quod
707 3731 908 3795 verisimilius
923 3732 1047 3807 ridetur,
1063 3738 1131 3795 ante
1145 3749 1234 3813 quam
1250 3748 1349 3793 aream

187 3842 332 3911 verreret,
363 3836 418 3918 ipsi
448 3836 560 3918 templo
591 3834 734 3899 verrendo
769 3841 858 3916 etque
884 3835 1052 3898 exornando
1079 3853 1199 3918 operam
1225 3833 1349 3896 dederit.

187 3939 297 4002 Remos
308 3946 419 4014 autem,
431 3939 538 4021 quibus
549 3939 651 4011 utitur,
662 3938 763 4000 itidem
775 3944 809 4001 ut
820 3955 926 4020 aquam
938 3937 1194 4001 edastaliaeionte
1202 3937 1349 4011 haustum,

188 4059 246 4123 qus
266 4060 337 4104 mox
358 4059 457 4104 ercam
477 4041 659 4122 conspergit,
679 4039 751 4102 nibil
765 4059 841 4122 opus
855 4049 919 4104 erat
931 4039 1031 4121 ipsum
1046 4057 1080 4102 er
1096 4040 1262 4122 propinqua
1276 4056 1350 4102 con·

186 4143 260 4205 valle
280 4151 397 4224 petere:
417 4149 501 4207 mant
519 4142 583 4206 sine
602 4142 692 4206 dubio
715 4144 826 4226 aliquot
845 4142 992 4207 inferioris
1007 4142 1118 4206 ordinis
1133 4142 1276 4217 ministri,
1298 4143 1349 4223 qui

187 4244 332 4308 eiusmodi
345 4245 445 4309 labore
458 4247 660 4331 tingerentur.

256 4468 282 4534 l)
299 4465 339 4521 (θ.
351 4466 422 4521 dics.
436 4469 467 4522 ds
478 4484 508 4522 rs
520 4468 675 4522 sacerdotali
686 4466 777 4520 une.
791 4479 815 4533 p.
827 4467 861 4519 44
873 4472 900 4519 et
911 4472 993 4518 nostr.
1005 4465 1184 4533 Antiquittgr.
1195 4462 1224 4516 ll.
1236 4478 1260 4532 p.
1272 4462 1331 4516 413.
