3290 5142
813 439 967 537 2⁰...

309 646 365 712 pro
379 628 542 704 tribreeiro,
558 646 647 712 quem
662 627 863 711 antistrophus
877 648 906 691 ν.
924 627 984 693 138
998 629 1102 705 habet,
1117 629 1232 711 positus
1246 648 1313 692 esse
1327 629 1469 695 dicendus

310 733 375 795 erit.
405 731 464 795 Sed
482 732 566 795 ruoilo
580 731 696 796 iambus
710 732 828 795 restitui
840 739 941 812 potest
955 722 1069 816 ἠελίου
1083 733 1114 795 in
1128 724 1239 816 ἡλίου,
1259 740 1310 796 aut
1324 733 1423 814 potius
1436 735 1469 797 in

310 825 407 897 ἆλόυυ
421 841 551 910 mutato,
567 835 806 916 quondoquidem
820 836 868 897 vix
883 834 962 897 eredi
976 841 1074 916 potest
1089 842 1219 916 poetam,
1236 836 1287 916 qni
1301 835 1385 900 initio
1401 856 1469 900 rer-

311 955 362 1001 sus
377 937 508 1000 doricam
521 937 650 1000 formam
665 938 863 1020 usurpaverit,
886 938 964 1001 hane
976 939 1007 1000 in
1020 936 1157 1019 proximo
1171 938 1292 1000 nomine
1307 940 1467 1020 sprevisse:

310 1040 493 1121 eandemque
524 1038 564 1102 ob
593 1058 713 1103 eausam
744 1041 834 1103 etiam
859 1039 932 1128 θοᾷ
956 1061 1011 1124 pro
1037 1042 1108 1127 θοῇ
1130 1041 1318 1104 scribendum
1343 1041 1468 1106 ridetur.

310 1141 477 1224 Utrumque
502 1142 689 1206 Hermannus
714 1142 797 1217 feeit,
828 1144 975 1226 simulque
1001 1145 1184 1225 glyconioum
1210 1152 1356 1218 metrum,
1380 1146 1469 1209 utin

309 1247 462 1328 superiore
485 1247 625 1328 strophae
652 1253 748 1327 parte,
774 1246 816 1310 sie
835 1248 923 1310 etiam
943 1247 974 1308 in
993 1246 1048 1309 hao
1068 1254 1218 1310 servatum
1237 1266 1302 1310 esse
1321 1247 1468 1311 iudicarit.

309 1350 508 1413 Assenserunt
521 1348 691 1412 Hermanno
706 1347 818 1425 Firius,
839 1348 976 1422 Bothim,
992 1348 1205 1425 Kirohhoifius‚
1220 1350 1377 1424 Neuetriue,
1393 1350 1468 1415 Har-

309 1460 436 1532 tungns‚
461 1470 478 1513 a
497 1469 628 1534 quorum
647 1469 796 1515 consensu
817 1451 953 1532 equidem
972 1450 1126 1514 dissentire
1144 1454 1224 1516 noio.
1259 1448 1471 1535 Παναμόριυς

311 1572 403 1637 quum
423 1553 492 1617 olibi
506 1556 648 1636 significet
661 1562 741 1619 toto
757 1555 833 1632 die,
852 1555 911 1620 hoo
922 1556 990 1618 loeo
1005 1557 1046 1619 ita
1060 1556 1151 1639 aooipi
1164 1550 1227 1619 non
1241 1574 1328 1637 posse
1343 1575 1392 1620 res
1406 1557 1471 1638 ipsa

310 1659 452 1723 dederat:
477 1658 594 1720 ridetur
618 1657 788 1738 quotidie
812 1658 984 1740 significare.
1014 1658 1089 1720 Nam
1109 1659 1189 1740 quod
1210 1659 1379 1740 Hartungus
1400 1678 1469 1723 oum

267 1808 270 1814 -
309 1761 465 1825 Hatthiaeo
484 1761 521 1823 ad
539 1760 656 1843 Hippoi.
678 1781 704 1823 v.
727 1762 790 1825 362
810 1757 1017 1847 πανημέριον
1037 1763 1125 1826 etiam
1145 1755 1180 1824 όν
1198 1758 1280 1846 τῇόε
1299 1764 1340 1847 τῇ
1359 1752 1469 1849 ἡμέρᾳ

310 1863 473 1945 significare
495 1872 644 1938 autumat,
664 1863 694 1927 id
713 1884 806 1947 mum
825 1866 925 1947 ipsum
944 1885 1044 1948 perse
1058 1884 1164 1949 parum
1179 1864 1317 1929 credibile
1332 1864 1385 1939 sit,
1404 1873 1471 1928 tum

311 1966 453 2048 exemptis
472 1966 701 2048 haudquaquam
716 1968 786 2031 satis
801 1968 1019 2051 comprobatur.
1048 1969 1083 2031 ln
1097 1969 1246 2051 Hippolyti
1260 1968 1379 2049 quidem
1393 1968 1469 2045 loeo,

311 2062 364 2144 τός
385 2084 423 2131 σε
444 2064 653 2151 παναμέριος
671 2061 730 2133 tea
742 2064 857 2151 χρόνος
870 2065 971 2151 μόνοι,
987 2072 1013 2134 si
1027 2089 1096 2134 vera
1109 2080 1155 2135 est
1168 2070 1266 2144 lertio,
1284 2062 1342 2133 ὅόε
1355 2063 1472 2151 χρόνος

311 2168 476 2253 significare
489 2172 612 2234 dixerim
625 2171 695 2235 hoo
713 2181 856 2255 tompus
877 2173 974 2256 quod
993 2191 1089 2237 nuno
1102 2173 1232 2246 instat,
1248 2173 1337 2254 idque
1350 2179 1470 2255 tempus

311 2274 410 2338 addito
428 2272 571 2338 adieetivo
589 2268 799 2355 παναμέριος
816 2293 879 2338 non
893 2276 974 2338 duno
987 2293 1081 2338 unum
1096 2274 1150 2339 sed
1164 2293 1270 2339 omnes
1284 2275 1470 2339 insecuturos

311 2377 373 2441 dies
388 2377 568 2441 duraturum
588 2395 653 2441 esse
671 2376 808 2440 indicari:
828 2396 1009 2460 quamquam
1029 2378 1109 2442 haud
1123 2379 1184 2442 soio
1200 2395 1238 2440 an
1252 2396 1321 2441 rere
1334 2378 1374 2442 sit
1387 2377 1470 2441 uus

310 2480 402 2562 gravii
421 2481 589 2544 oonieetura
609 2473 715 2555 πόνος
733 2500 788 2563 pro
807 2474 930 2564 χρόνος.
959 2481 994 2543 ln
1013 2478 1169 2562 Sophoclis
1188 2480 1325 2545 Trachin.
1346 2500 1374 2543 v.
1397 2481 1469 2555 600,

310 2575 394 2648 doe
414 2577 515 2664 μόλοι
534 2576 740 2664 πανόμερος,
759 2584 931 2646 sobolisstes
951 2583 1071 2666 quidem
1089 2584 1246 2665 significari
1260 2584 1398 2667 opinatur
1411 2579 1471 2666 τόν

310 2677 451 2770 σήμερον
471 2677 611 2771 quiquo:
627 2685 679 2748 sed
692 2686 802 2749 reotius
812 2686 890 2749 haud
901 2686 989 2748 dubie
998 2686 1189 2768 coniungitur
1200 2681 1390 2766 πανόμερος
1400 2705 1471 2750 oum

311 2780 512 2872 ovyepattotg
530 2790 561 2851 in
580 2807 667 2851 versu
686 2789 840 2870 proximo,
861 2799 895 2852 ut
908 2789 1020 2852 dioetm
1033 2789 1070 2851 in
1092 2808 1196 2852 omne
1216 2798 1360 2872 tempus
1380 2807 1469 2854 oon-

311 2892 472 2965 eiiiatus,
498 2892 750 2973 quemadmodum
769 2893 972 2967 Hermsnnus,
999 2892 1051 2974 qui
1076 2892 1146 2963 oiim
1167 2892 1250 2955 aliter
1268 2900 1412 2967 senserat,
1437 2893 1470 2955 in

311 2993 439 3058 editiom
466 2993 552 3057 tortia
577 2994 689 3057 statuit.
723 2994 892 3057 Hriurdtius
913 2995 1034 3078 quidem
1055 2988 1247 3080 πανόμερος
1265 2998 1388 3060 omnino
1408 3013 1471 3059 non

309 3100 347 3161 de
361 3104 497 3180 tempore
511 3096 564 3159 sod
579 3095 622 3159 de
636 3096 810 3172 moribus,
824 3105 861 3161 ut
871 3098 907 3160 eh
918 3090 1038 3182 ἥμερος
1048 3098 1171 3175 iactum,
1186 3105 1347 3182 aeceperat,
1363 3118 1470 3181 quem·

311 3200 472 3263 admodum
491 3199 551 3261 iam
571 3207 639 3262 ante
653 3218 724 3262 eum
738 3200 800 3275 alii,
822 3200 1002 3283 fueruntque
1016 3201 1104 3264 etiem
1120 3201 1171 3282 qui
1184 3196 1368 3286 πανόμερος
1381 3203 1471 3265 scribi

311 3302 441 3366 mallent.
470 3301 602 3383 Denique
619 3301 778 3384 Hesychius
798 3304 871 3366 nihii
886 3303 964 3366 aliud
978 3304 1077 3377 docet,
1090 3304 1149 3366 nisi
1163 3298 1367 3389 πανημέριος
1380 3305 1469 3369 etiem

309 3405 354 3469 sio
367 3404 438 3479 diei,
453 3412 489 3468 ut
503 3422 563 3468 non
577 3406 690 3487 integer
704 3406 766 3469 dies
780 3406 816 3469 ab
832 3414 900 3469 ortu
914 3406 951 3469 ed
966 3424 1114 3481 oceasum,
1128 3408 1181 3471 sed
1195 3408 1254 3471 diei
1267 3408 1326 3470 inm
1340 3408 1470 3473 inchoeti

309 3525 401 3571 omno
419 3508 566 3590 reliquum
589 3515 708 3591 tempus
722 3510 913 3591 intelligatur,
932 3509 961 3571 id
977 3508 1056 3590 quod
1071 3510 1142 3573 setis
1156 3518 1263 3575 notum
1277 3518 1366 3593 atqrm
1380 3512 1470 3575 etiem

310 3613 347 3676 air
362 3612 484 3676 Homeri
498 3610 662 3675 scholiastis
676 3613 714 3676 ad
728 3613 761 3675 11.
776 3612 800 3688 1,
816 3612 878 3675 472
894 3612 1082 3675 observatum
1096 3620 1150 3677 est.
1180 3614 1273 3695 igitur
1285 3623 1388 3678 nostro
1403 3615 1469 3679 looo

312 3716 393 3780 lonis
411 3714 499 3778 vena
518 3714 562 3777 sio
582 3713 822 3798 interpretamur,
844 3714 970 3779 utdioat
983 3734 1015 3777 se
1031 3715 1160 3797 quotidie
1173 3717 1286 3780 diurnis
1301 3719 1473 3798 ministeriiq

310 3818 409 3900 iungi,
430 3819 461 3880 λι.
483 3834 509 3878 e.
531 3817 660 3897 quotidie
679 3819 820 3901 periinere
841 3835 915 3899 qnae
931 3836 1050 3901 quoque
1065 3819 1112 3883 die
1125 3820 1302 3900 perficienda
1316 3821 1386 3884 sint.
1421 3817 1468 3885 Τό

310 3912 399 3986 κατ’.
412 3907 501 4005 ἦμαρ
522 3928 568 3984 est
589 3923 609 3984 i.
632 3942 659 4003 q.
681 3917 721 3986 τό
743 3917 987 4006 καθημέρινον,
1013 3922 1124 3986 seilicet
1145 3917 1320 4006 λάτρευμα.
1364 3924 1470 4005 incipit

310 4032 409 4087 autem
430 4023 503 4087 draeo
522 4025 618 4088 faeere
640 4027 740 4088 statim
754 4024 868 4088 oriente
885 4025 971 4096 Solea
988 4016 1051 4105 ἅμ’
1066 4015 1162 4087 ἁλίου
1177 4020 1317 4108 πτέρυγι
1331 4026 1418 4111 θοᾷ,
1439 4028 1470 4089 in

311 4145 370 4209 qus
388 4127 537 4191 locutione
555 4123 718 4210 πτέρυγα,
739 4129 845 4203 alam,
865 4128 905 4189 de
922 4146 1012 4191 curru
1027 4127 1104 4191 Solis
1123 4130 1199 4192 alato
1218 4137 1270 4192 aut
1289 4130 1373 4193 ninus
1386 4130 1470 4212 equis

310 4236 394 4293 vento
409 4230 669 4314 interpretabimur
682 4249 750 4297 oum
765 4232 787 4294 1.
798 4231 834 4293 H.
846 4231 962 4305 Vossio,
977 4230 1071 4314 Epist.
1085 4231 1176 4313 myth.
1187 4231 1224 4307 li,
1239 4251 1268 4315 p.
1281 4230 1331 4294 62.
1358 4232 1470 4295 Eadem

309 4332 423 4397 retiono
438 4326 655 4418 λευκόπυερος
665 4325 770 4419 ἡμόρα
780 4334 888 4399 dieitur
898 4335 1004 4397 Troad.
1016 4354 1043 4397 r.
1054 4334 1127 4397 826.
1151 4334 1333 4398 Sohuarrius
1345 4335 1469 4411 (Sonne,

309 4435 399 4500 diond
418 4436 481 4501 und
500 4436 746 4521 sumopere)
766 4437 861 4501 solem
879 4438 979 4520 ipsum
998 4438 1109 4502 dunum
1131 4438 1259 4520 cogitem
1277 4438 1400 4502 mermi
1427 4438 1467 4501 od
