3266 5140
807 418 1007 515 „432-

326 604 466 667 barbarae
477 605 618 684 originis¹
633 606 674 681 ¹):
689 584 974 684 unde'consequitur
993 603 1078 665 etiarn
1093 603 1285 667 barbarorum
1300 604 1423 667 deorum
1436 622 1485 665 sa-

327 726 375 768 cra
390 707 500 788 privata
516 707 593 786 apud
609 706 665 767 hos
680 724 742 768 nou
757 704 893 779 defuisse,
907 724 1034 785 quorum
1051 706 1075 767 si
1091 706 1156 786 quis
1173 706 1316 768 civitatem
1333 707 1484 768 nancisce-

325 820 420 883 retur,
435 809 464 871 id
484 809 563 890 quod
583 808 718 882 Athenis,
738 816 933 889 posteaquam
954 807 1045 887 plebis
1065 807 1226 871 dominatio
1241 808 1407 880 invaluerat,
1422 826 1484 869 non

326 912 426 992 paucis
452 911 610 991 contigisse
632 917 759 983 constal,
785 910 811 971 is
837 929 912 990 quos
938 911 1009 972 deos
1035 911 1196 991 inquilinus
1217 910 1345 972 coluerat
1363 910 1484 971 eosdem

325 1015 411 1077 etiarn
428 1014 497 1076 civis
512 1014 607 1075 colere
621 1031 683 1075 nou
698 1012 797 1086 desiit,
818 1021 851 1073 ut
869 1012 946 1092 apud
966 1012 1191 1093 Aristophanem
1212 1012 1396 1074 Execestides
1417 1014 1483 1092 qui-

325 1117 407 1189 dam,
422 1116 540 1178 natione
555 1115 623 1189 Car,
640 1114 809 1177 conditione
823 1113 975 1177 libertinus
991 1124 1019 1177 et
1034 1115 1104 1177 civis
1119 1114 1336 1195 adscripticios,
1349 1114 1484 1177 irridetur·

326 1218 404 1298 quod
425 1217 581 1280 barbarum
597 1216 700 1278 hebeat
714 1212 884 1300 πατρῷον,
901 1217 959 1278 hoc
977 1226 1023 1279 est
1042 1217 1122 1296 quod
1137 1235 1211 1291 nnn,
1226 1224 1259 1279 ut
1273 1215 1391 1296 genuini
1406 1217 1482 1278 cives

325 1320 425 1393 tanei,
445 1320 623 1401 Apollinem,
640 1319 692 1381 sed
717 1319 842 1399 aliquem
866 1319 952 1380 deum
976 1319 1134 1382 barbarum
1161 1328 1193 1381 ut
1217 1320 1373 1403 πατρῷον
1404 1319 1483 1381 dorni

325 1441 395 1484 suae
417 1422 563 1495 oolam).
605 1421 706 1502 Neque
727 1421 808 1483 aliter
830 1421 1033 1501 explicandum
1056 1422 1185 1494 videtur,
1207 1422 1286 1500 quod
1310 1420 1346 1481 de
1367 1420 1483 1500 lsagora

325 1526 493 1588 Herodotus
510 1532 616 1597 narrat,
632 1523 770 1585 familiam
785 1523 915 1585 einslori
925 1523 1010 1586 Cario
1025 1543 1109 1586 sacra
1124 1523 1271 1584 factitasse
1283 1528 1291 1566 ¹
1304 1526 1344 1601 ³).
1367 1523 1483 1603 Quippe

324 1627 459 1707 lsagorae
473 1626 601 1686 maiores
616 1645 632 1686 e
647 1625 728 1687 Caria
744 1625 774 1686 in
789 1625 912 1687 Atticam
928 1624 1131 1703 migraverant,
1146 1633 1176 1686 et
1190 1642 1280 1705 quum
1296 1624 1325 1685 in
1341 1624 1482 1685 civitatem

325 1729 433 1809 recepti
449 1736 556 1801 essent,
571 1745 652 1789 sacra
663 1727 755 1806 patria
770 1726 951 1789 retinuerant
963 1733 970 1770 ¹
982 1728 1022 1802 ⁴),
1052 1727 1101 1787 Sic
1111 1727 1198 1805 igitur
1208 1745 1270 1787 non
1285 1745 1395 1806 paucos
1411 1727 1482 1787 aleos

325 1832 465 1893 barbaros
485 1831 596 1892 aditum
618 1828 837 1908 quodammodo
857 1829 887 1889 in
907 1829 1064 1899 civitatens,
1085 1828 1204 1908 privatis
1219 1829 1369 1890 dumtaxat
1383 1830 1482 1900 sacris,

325 1932 452 1995 nancisci
469 1931 614 2003 debuisse,
630 1930 716 2008 idque
734 1929 845 2009 legibus
864 1929 1012 2009 prohiberi
1031 1948 1091 1991 non
1112 1931 1246 2010 potuisse
1266 1931 1337 1993 satis
1352 1940 1481 2011 apparet.

277 2051 302 2098 tt
412 2033 548 2097 Forsitan
567 2040 664 2093 autem
684 2030 788 2110 aliquis
808 2029 925 2110 losephi
950 2030 1149 2110 auctoritatem
1176 2033 1220 2094 sic
1242 2033 1316 2094 tueri
1348 2041 1480 2105 conetur,

324 2144 357 2198 ul
375 2138 467 2216 legem
488 2136 523 2197 ab
542 2154 577 2195 eo
596 2141 857 2194 commemoratam
876 2149 937 2193 nou
958 2132 993 2192 ad
1014 2133 1146 2212 quemvis
1172 2144 1337 2196 exterorum
1359 2135 1481 2196 deorum

324 2239 434 2301 ctutum
450 2237 594 2318 pertinere
610 2234 695 2308 dicat,
711 2235 762 2295 sed
778 2235 813 2296 ad
829 2234 859 2295 id
874 2252 966 2312 genus
982 2254 1148 2309 sacrorum,
1165 2253 1237 2315 quae
1253 2254 1313 2297 non
1330 2236 1404 2298 iutra
1418 2236 1481 2315 pri·

325 2349 406 2401 vatos
421 2340 546 2419 parietes
562 2337 782 2400 continerentur
797 2345 826 2397 et
842 2336 877 2396 ab
897 2336 984 2397 unius
1004 2337 1110 2399 domus
1125 2357 1159 2399 ac
1174 2338 1297 2400 familiae
1311 2337 1481 2399 hominihus

324 2444 435 2514 tierent,
452 2442 502 2503 sed
519 2441 553 2502 ad
569 2458 643 2520 quae
657 2438 740 2500 multi
755 2438 924 2518 promiscue
940 2449 1155 2511 concurrerent,
1170 2440 1365 2501 asacriliculis
1380 2439 1481 2511 allecti,

323 2544 426 2605 initiati
443 2553 472 2605 et
486 2543 515 2605 in
530 2541 644 2604 thiasos
660 2539 837 2619 congregati,
853 2539 946 2619 qualia
964 2541 1081 2602 luerunt
1094 2542 1236 2602 Metroaca
1252 2551 1280 2602 et
1295 2541 1424 2604 Sabazia.
1448 2542 1480 2603 ld

324 2646 349 2706 si
365 2645 545 2718 admittatur,
569 2640 786 2703 concedendum
807 2647 905 2701 tamen
924 2639 1010 2702 simul
1031 2644 1114 2704 etiarn
1136 2643 1204 2704 illud
1225 2643 1291 2717 erit,
1312 2645 1370 2705 hoc
1388 2662 1480 2723 genus

324 2766 475 2810 sacrorum
491 2763 552 2807 non
568 2752 689 2825 proprter
703 2750 903 2822 contemptum
920 2745 1065 2821 quendam
1082 2753 1131 2806 aut
1147 2745 1245 2807 odium
1259 2745 1479 2825 peregrinorum

323 2850 461 2923 deornm,
482 2849 532 2911 sed
548 2854 703 2927 propterea
717 2843 818 2923 potius
833 2844 1012 2923 prohibitum
1029 2868 1108 2921 esse,
1123 2849 1201 2927 equod
1218 2848 1375 2910 verendum
1391 2856 1478 2919 esset,

360 3021 509 3031 ...ῃ-ψ.-
518 3019 624 3027 m

391 3119 431 3183 ll)
450 3118 507 3170 Vid.
520 3118 635 3188 Xenoph.
648 3120 678 3170 de
691 3120 764 3170 redit
777 3136 798 3171 e.
812 3121 835 3185 2,
847 3121 875 3171 3:
889 3121 983 3174 Λυδοὶ
997 3125 1043 3174 καὶ
1057 3119 1166 3193 φρύγες
1178 3126 1223 3175 καὶ
1235 3120 1322 3195 Σύροι
1341 3125 1387 3176 aad
1399 3120 1476 3176 ἄλλοι

320 3202 502 3256 παντοδαποὶ
513 3198 659 3275 βάρβαροι·
674 3204 774 3255 πολλοὶ
786 3200 841 3276 γὰρ
853 3210 975 3259 τοιοῦτοι
987 3210 1042 3260 τῶν
1052 3199 1198 3277 pessulatam.
1211 3211 1248 3262 Cf.
1261 3212 1292 3262 ad
1305 3210 1367 3261 isac.
1381 3227 1405 3277 p.
1419 3210 1476 3261 296.

391 3288 431 3353 12)
443 3289 571 3356 Aristoph.
584 3292 631 3341 hv.
645 3306 670 3340 v.
686 3290 750 3340 1534
763 3289 815 3342 lov.
827 3291 859 3342 ci.
871 3308 896 3343 v.
909 3293 966 3342 tot.

391 3371 431 3437 tt)
451 3373 571 3425 Herodot.
583 3374 614 3438 V,
629 3374 670 3425 66.

390 3458 430 3520 14)
450 3458 498 3525 Qui
510 3459 589 3510 Ncleo
602 3467 629 3511 et
641 3460 766 3512 Androsia
783 3462 887 3513 ducibus
904 3479 937 3513 ex
950 3462 1033 3513 Athea
1052 3463 1076 3512 in
1095 3462 1178 3515 Asiam
1197 3465 1379 3517 translucerent
1395 3466 1476 3533 ibique

321 3545 344 3593 in
358 3543 454 3611 Lydiae
466 3551 493 3594 et
504 3542 593 3594 Cariae
606 3561 651 3596 ora
662 3546 736 3596 sedes
746 3554 943 3614 occupaverant,
955 3547 1116 3598 multifariam
1129 3550 1183 3599 sine
1196 3551 1269 3601 dubio
1282 3552 1436 3601 commerciis
1449 3559 1476 3602 ct

320 3628 449 3679 connubiis
461 3644 516 3679 cum
529 3629 658 3680 veteribus
671 3632 757 3682 harum
770 3633 897 3695 regionum
909 3633 998 3683 incolis
1007 3633 1253 3699 miscebantur,unde
1264 3636 1318 3686 ileri
1329 3652 1377 3686 non
1387 3638 1475 3702 potuit,

319 3714 376 3780 quin
390 3713 465 3764 etiam
477 3715 507 3764 tle
525 3714 686 3777 religionibus
703 3732 790 3767 eorum
806 3717 898 3783 aliquid
917 3719 1083 3785 susciperent
1108 3719 1147 3770 lix
1165 3736 1251 3771 eorum
1268 3723 1377 3789 postoris
1394 3722 1416 3772 si
1433 3724 1474 3787 qui

318 3806 406 3864 postca
424 3798 447 3849 in
465 3806 577 3850 veterem
589 3801 694 3866 patriam
711 3802 743 3851 ad
756 3809 876 3866 cognatos
888 3818 948 3852 suos
966 3803 1167 3868 revertebantur,
1179 3813 1372 3858 cousentaneum
1385 3814 1426 3857 est
1438 3807 1476 3857 is·

317 3884 390 3934 cilem
403 3884 441 3934 his
453 3884 484 3934 ad
497 3884 624 3936 civitatem
635 3886 729 3937 aditum
741 3886 828 3937 luisse.
852 3885 929 3938 Tales
942 3886 1060 3953 Isagorae
1073 3890 1180 3940 maiores
1192 3890 1271 3941 lhisse
1289 3893 1475 3959 haudquaquam

317 3968 479 4036 improbabile
496 3978 548 4037 est,
564 3979 638 4039 atque
651 3974 688 4023 sic
705 3973 778 4024 facile
790 3971 857 4023 lovis
870 3972 936 4024 Curii
954 3974 1048 4024 cultum
1066 3975 1090 4025 in
1103 3976 1149 4025 hac
1162 3975 1252 4026 familia
1265 3977 1387 4043 explicari
1400 3992 1474 4044 posse

317 4063 429 4121 apparet.
453 4055 507 4105 Non
518 4072 579 4123 opus
592 4065 632 4108 est
645 4057 722 4121 igitur
733 4057 885 4108 Herodotum
901 4065 947 4109 aut
961 4058 1122 4123 malignitatis
1140 4060 1293 4125 insimulare,
1306 4078 1361 4112 cum
1373 4061 1474 4112 Plutar-

317 4140 376 4204 cho,
394 4141 425 4191 de
438 4140 497 4191 Her.
509 4142 565 4190 mul.
580 4158 601 4191 c.
614 4141 656 4206 23,
671 4141 741 4208 quusi
753 4141 884 4194 barbaram
901 4144 1020 4207 originem
1033 4144 1108 4194 nobili
1125 4144 1233 4197 tamtttae
1245 4146 1381 4209 affinxerit,
1394 4163 1474 4213 neque

318 4224 426 4287 enoris,
443 4225 513 4290 quusi
530 4225 630 4275 Curium
646 4224 729 4276 lovem
745 4241 800 4276 cam
817 4226 911 4278 Cerceo
925 4229 1079 4291 confuderit,
1095 4244 1170 4297 aqua
1183 4232 1324 4298 suspicione
1341 4231 1473 4295 bergium,

316 4309 393 4361 beitr.
408 4326 431 4360 z.
443 4308 726 4373 griechlionatshuade
738 4327 761 4378 p.
768 4312 810 4377 60,
823 4328 851 4363 se
864 4329 912 4363 non
924 4314 1061 4366 abhorrere
1074 4315 1214 4381 profitetur.
1232 4316 1369 4367 Wslchero
1381 4323 1473 4379 antem,

316 4393 423 4461 Mythol.
436 4394 447 4445 l
459 4411 483 4462 p.
497 4394 554 4461 642,
566 4395 654 4447 Curius
666 4396 786 4462 lapitera
800 4398 894 4450 Caraeo
906 4415 954 4449 non
967 4400 1084 4450 diversus
1096 4416 1153 4450 essc
1167 4402 1275 4453 videtur.
