<?xml version="1.0" encoding="UTF-8"?>
<!DOCTYPE html PUBLIC "-//W3C//DTD XHTML 1.0 Transitional//EN"
    "http://www.w3.org/TR/xhtml1/DTD/xhtml1-transitional.dtd">
<html xmlns="http://www.w3.org/1999/xhtml" xml:lang="en" lang="en">
 <head>
  <title>
</title>
<meta http-equiv="Content-Type" content="text/html;charset=utf-8" />
  <meta name='ocr-system' content='tesseract 3.04.00' />
  <meta name='ocr-capabilities' content='ocr_page ocr_carea ocr_par ocr_line ocrx_word'/>
</head>
<body>
  <div class='ocr_page' id='page_1' title='image "./opusculaacademi00schogoog_0744.png"; bbox 0 0 3276 5144; ppageno 0'>
   <div class='ocr_carea' id='block_1_1' title="bbox 151 685 1323 1999">
    <p class='ocr_par' dir='ltr' id='par_1_1' title="bbox 151 685 1323 1999">
     <span class='ocr_line' id='line_1_1' title="bbox 151 685 1318 777; baseline -0.003 -22"><span class='ocrx_word' id='word_1_1' title='bbox 151 685 359 755; x_wconf 71' lang='grc' dir='ltr'><strong><em>ἐπιθετικῶν</em></strong></span> <span class='ocrx_word' id='word_1_2' title='bbox 373 693 528 756; x_wconf 90' lang='lat' dir='ltr'>autetiam</span> <span class='ocrx_word' id='word_1_3' title='bbox 542 688 768 777; x_wconf 75' lang='grc' dir='ltr'><em>κατηγορικῶν</em></span> <span class='ocrx_word' id='word_1_4' title='bbox 779 694 790 732; x_wconf 92' lang='lat'><strong>¹</strong></span> <span class='ocrx_word' id='word_1_5' title='bbox 800 692 828 770; x_wconf 87' lang='lat'>¹)</span> <span class='ocrx_word' id='word_1_6' title='bbox 848 692 1040 772; x_wconf 72' lang='lat' dir='ltr'>appellatione</span> <span class='ocrx_word' id='word_1_7' title='bbox 1054 691 1091 754; x_wconf 87' lang='lat' dir='ltr'>ab</span> <span class='ocrx_word' id='word_1_8' title='bbox 1105 691 1168 754; x_wconf 88' lang='lat' dir='ltr'>aliis</span> <span class='ocrx_word' id='word_1_9' title='bbox 1181 692 1318 754; x_wconf 64' lang='lat' dir='ltr'>dumeta.</span> 
     </span>
     <span class='ocr_line' id='line_1_2' title="bbox 151 793 1319 876; baseline -0.001 -21"><span class='ocrx_word' id='word_1_10' title='bbox 151 793 187 855; x_wconf 92' lang='lat' dir='ltr'>ln</span> <span class='ocrx_word' id='word_1_11' title='bbox 200 793 237 856; x_wconf 87' lang='lat' dir='ltr'>iis</span> <span class='ocrx_word' id='word_1_12' title='bbox 251 802 360 870; x_wconf 88' lang='lat' dir='ltr'>autem,</span> <span class='ocrx_word' id='word_1_13' title='bbox 377 814 451 876; x_wconf 90' lang='lat' dir='ltr'>quae</span> <span class='ocrx_word' id='word_1_14' title='bbox 461 795 577 858; x_wconf 82' lang='lat' dir='ltr'>casibus</span> <span class='ocrx_word' id='word_1_15' title='bbox 589 803 699 868; x_wconf 81' lang='lat' dir='ltr'>carent,</span> <span class='ocrx_word' id='word_1_16' title='bbox 716 794 1024 874; x_wconf 70' lang='lat' dir='ltr'>quamplurimam,</span> <span class='ocrx_word' id='word_1_17' title='bbox 1040 812 1115 875; x_wconf 87' lang='lat' dir='ltr'>quae</span> <span class='ocrx_word' id='word_1_18' title='bbox 1131 793 1319 856; x_wconf 73' lang='lat' dir='ltr'><strong>manifestam</strong></span> 
     </span>
     <span class='ocr_line' id='line_1_3' title="bbox 158 891 1319 978; baseline -0.001 -20"><span class='ocrx_word' id='word_1_19' title='bbox 158 915 226 958; x_wconf 87' lang='lat' dir='ltr'>cum</span> <span class='ocrx_word' id='word_1_20' title='bbox 252 897 423 959; x_wconf 87' lang='lat' dir='ltr'>nominibus</span> <span class='ocrx_word' id='word_1_21' title='bbox 448 898 652 978; x_wconf 82' lang='lat' dir='ltr'>cognationem</span> <span class='ocrx_word' id='word_1_22' title='bbox 677 915 748 977; x_wconf 88' lang='lat' dir='ltr'>prae</span> <span class='ocrx_word' id='word_1_23' title='bbox 770 915 802 957; x_wconf 86' lang='lat' dir='ltr'>aa</span> <span class='ocrx_word' id='word_1_24' title='bbox 821 897 926 969; x_wconf 80' lang='lat' dir='ltr'>ferant,</span> <span class='ocrx_word' id='word_1_25' title='bbox 954 906 983 958; x_wconf 91' lang='lat' dir='ltr'>et</span> <span class='ocrx_word' id='word_1_26' title='bbox 1003 897 1067 959; x_wconf 88' lang='lat' dir='ltr'>iure</span> <span class='ocrx_word' id='word_1_27' title='bbox 1087 891 1232 970; x_wconf 77' lang='grc' dir='ltr'><strong><em>πτώσεις</em></strong></span> <span class='ocrx_word' id='word_1_28' title='bbox 1246 897 1276 959; x_wconf 91' lang='lat' dir='ltr'>h.</span> <span class='ocrx_word' id='word_1_29' title='bbox 1291 916 1319 958; x_wconf 89' lang='lat' dir='ltr'>e.</span> 
     </span>
     <span class='ocr_line' id='line_1_4' title="bbox 159 998 1319 1081; baseline 0 -20"><span class='ocrx_word' id='word_1_30' title='bbox 159 999 299 1061; x_wconf 78' lang='lat' dir='ltr'>flexiones</span> <span class='ocrx_word' id='word_1_31' title='bbox 313 1001 467 1062; x_wconf 87' lang='lat' dir='ltr'>nominum</span> <span class='ocrx_word' id='word_1_32' title='bbox 483 1000 539 1062; x_wconf 92' lang='lat' dir='ltr'>dici</span> <span class='ocrx_word' id='word_1_33' title='bbox 553 1001 677 1081; x_wconf 89' lang='lat' dir='ltr'>possint,</span> <span class='ocrx_word' id='word_1_34' title='bbox 693 1016 730 1060; x_wconf 94' lang='lat' dir='ltr'>ne</span> <span class='ocrx_word' id='word_1_35' title='bbox 745 1000 817 1060; x_wconf 84' lang='lat' dir='ltr'>haec</span> <span class='ocrx_word' id='word_1_36' title='bbox 831 998 951 1078; x_wconf 88' lang='lat' dir='ltr'>quidem</span> <span class='ocrx_word' id='word_1_37' title='bbox 966 1000 1100 1062; x_wconf 84' lang='lat' dir='ltr'>aStoiois</span> <span class='ocrx_word' id='word_1_38' title='bbox 1116 1019 1151 1061; x_wconf 88' lang='lat' dir='ltr'>ex</span> <span class='ocrx_word' id='word_1_39' title='bbox 1166 1008 1249 1080; x_wconf 85' lang='lat' dir='ltr'>parte</span> <span class='ocrx_word' id='word_1_40' title='bbox 1262 1017 1319 1061; x_wconf 91' lang='lat' dir='ltr'>no·</span> 
     </span>
     <span class='ocr_line' id='line_1_5' title="bbox 159 1100 1320 1182; baseline 0 -19"><span class='ocrx_word' id='word_1_41' title='bbox 159 1100 274 1163; x_wconf 90' lang='lat' dir='ltr'>minum</span> <span class='ocrx_word' id='word_1_42' title='bbox 290 1103 416 1175; x_wconf 80' lang='lat' dir='ltr'>exclusa,</span> <span class='ocrx_word' id='word_1_43' title='bbox 430 1104 493 1175; x_wconf 91' lang='lat' dir='ltr'>sed,</span> <span class='ocrx_word' id='word_1_44' title='bbox 508 1121 600 1182; x_wconf 91' lang='lat' dir='ltr'>quum</span> <span class='ocrx_word' id='word_1_45' title='bbox 616 1102 678 1163; x_wconf 88' lang='lat' dir='ltr'>iere</span> <span class='ocrx_word' id='word_1_46' title='bbox 692 1100 788 1163; x_wconf 81' lang='lat' dir='ltr'>serbis</span> <span class='ocrx_word' id='word_1_47' title='bbox 809 1102 890 1181; x_wconf 87' lang='lat' dir='ltr'>quasi</span> <span class='ocrx_word' id='word_1_48' title='bbox 906 1101 1049 1181; x_wconf 79' lang='lat' dir='ltr'>quaedam</span> <span class='ocrx_word' id='word_1_49' title='bbox 1061 1101 1238 1163; x_wconf 88' lang='lat' dir='ltr'>adminicula</span> <span class='ocrx_word' id='word_1_50' title='bbox 1252 1100 1320 1163; x_wconf 85' lang='lat' dir='ltr'>addi</span> 
     </span>
     <span class='ocr_line' id='line_1_6' title="bbox 158 1194 1321 1288; baseline -0.001 -22"><span class='ocrx_word' id='word_1_51' title='bbox 158 1205 281 1277; x_wconf 81' lang='lat' dir='ltr'>soleant,</span> <span class='ocrx_word' id='word_1_52' title='bbox 307 1198 452 1267; x_wconf 71' lang='grc' dir='ltr'><strong><em>ἐπίθετο</em></strong></span> <span class='ocrx_word' id='word_1_53' title='bbox 473 1197 625 1288; x_wconf 78' lang='grc' dir='ltr'><strong><em>ῥημάτων</em></strong></span> <span class='ocrx_word' id='word_1_54' title='bbox 644 1223 669 1264; x_wconf 86' lang='lat' dir='ltr'>v.</span> <span class='ocrx_word' id='word_1_55' title='bbox 692 1194 858 1287; x_wconf 81' lang='grc' dir='ltr'><strong><em>ῥηματωωί</em></strong></span> <span class='ocrx_word' id='word_1_56' title='bbox 878 1203 954 1265; x_wconf 89' lang='lat' dir='ltr'>dicta</span> <span class='ocrx_word' id='word_1_57' title='bbox 975 1221 1041 1265; x_wconf 87' lang='lat' dir='ltr'>csse</span> <span class='ocrx_word' id='word_1_58' title='bbox 1060 1203 1205 1265; x_wconf 87' lang='lat' dir='ltr'>videntur.</span> <span class='ocrx_word' id='word_1_59' title='bbox 1240 1203 1321 1276; x_wconf 80' lang='lat' dir='ltr'>Quae</span> 
     </span>
     <span class='ocr_line' id='line_1_7' title="bbox 159 1304 1320 1387; baseline 0 -20"><span class='ocrx_word' id='word_1_60' title='bbox 159 1313 259 1367; x_wconf 89' lang='lat' dir='ltr'>autern</span> <span class='ocrx_word' id='word_1_61' title='bbox 273 1307 383 1367; x_wconf 83' lang='lat' dir='ltr'>nubam</span> <span class='ocrx_word' id='word_1_62' title='bbox 398 1306 561 1368; x_wconf 82' lang='lat' dir='ltr'>casualibus</span> <span class='ocrx_word' id='word_1_63' title='bbox 571 1306 777 1387; x_wconf 77' lang='lat' dir='ltr'>cognationem</span> <span class='ocrx_word' id='word_1_64' title='bbox 791 1324 862 1386; x_wconf 91' lang='lat' dir='ltr'>prae</span> <span class='ocrx_word' id='word_1_65' title='bbox 877 1324 909 1366; x_wconf 79' lang='lat' dir='ltr'>se</span> <span class='ocrx_word' id='word_1_66' title='bbox 923 1304 1043 1379; x_wconf 79' lang='lat' dir='ltr'>ferrent,</span> <span class='ocrx_word' id='word_1_67' title='bbox 1055 1305 1128 1368; x_wconf 88' lang='lat' dir='ltr'>haec</span> <span class='ocrx_word' id='word_1_68' title='bbox 1142 1323 1203 1368; x_wconf 92' lang='lat' dir='ltr'>nou</span> <span class='ocrx_word' id='word_1_69' title='bbox 1217 1306 1320 1369; x_wconf 88' lang='lat' dir='ltr'>dubito</span> 
     </span>
     <span class='ocr_line' id='line_1_8' title="bbox 160 1400 1320 1490; baseline 0.001 -21"><span class='ocrx_word' id='word_1_70' title='bbox 160 1407 233 1487; x_wconf 92' lang='lat' dir='ltr'>quin</span> <span class='ocrx_word' id='word_1_71' title='bbox 247 1407 278 1469; x_wconf 92' lang='lat' dir='ltr'>in</span> <span class='ocrx_word' id='word_1_72' title='bbox 294 1400 444 1490; x_wconf 76' lang='grc' dir='ltr'><strong><em>ῥημάτων</em></strong></span> <span class='ocrx_word' id='word_1_73' title='bbox 458 1417 541 1489; x_wconf 81' lang='lat' dir='ltr'>parte</span> <span class='ocrx_word' id='word_1_74' title='bbox 555 1409 716 1489; x_wconf 81' lang='lat' dir='ltr'>posuerint</span> <span class='ocrx_word' id='word_1_75' title='bbox 739 1408 943 1471; x_wconf 74' lang='lat' dir='ltr'>coniecturam</span> <span class='ocrx_word' id='word_1_76' title='bbox 959 1409 1033 1471; x_wconf 89' lang='lat' dir='ltr'>bano</span> <span class='ocrx_word' id='word_1_77' title='bbox 1047 1428 1112 1471; x_wconf 90' lang='lat' dir='ltr'>esse</span> <span class='ocrx_word' id='word_1_78' title='bbox 1126 1410 1235 1472; x_wconf 81' lang='lat' dir='ltr'>fateor:</span> <span class='ocrx_word' id='word_1_79' title='bbox 1251 1427 1320 1472; x_wconf 90' lang='lat' dir='ltr'>nam</span> 
     </span>
     <span class='ocr_line' id='line_1_9' title="bbox 161 1508 1321 1593; baseline 0.003 -23"><span class='ocrx_word' id='word_1_80' title='bbox 161 1508 276 1571; x_wconf 80' lang='lat' dir='ltr'>diserds</span> <span class='ocrx_word' id='word_1_81' title='bbox 297 1511 473 1573; x_wconf 82' lang='lat' dir='ltr'>testimoniis</span> <span class='ocrx_word' id='word_1_82' title='bbox 494 1530 558 1573; x_wconf 90' lang='lat' dir='ltr'>rem</span> <span class='ocrx_word' id='word_1_83' title='bbox 573 1512 699 1593; x_wconf 90' lang='lat' dir='ltr'>probare</span> <span class='ocrx_word' id='word_1_84' title='bbox 717 1529 778 1572; x_wconf 91' lang='lat' dir='ltr'>non</span> <span class='ocrx_word' id='word_1_85' title='bbox 798 1530 930 1593; x_wconf 88' lang='lat' dir='ltr'>possum.</span> <span class='ocrx_word' id='word_1_86' title='bbox 960 1511 1018 1573; x_wconf 88' lang='lat' dir='ltr'>Sed</span> <span class='ocrx_word' id='word_1_87' title='bbox 1034 1511 1260 1574; x_wconf 85' lang='lat' dir='ltr'>fundamentum</span> <span class='ocrx_word' id='word_1_88' title='bbox 1275 1519 1321 1574; x_wconf 88' lang='lat' dir='ltr'>ta·</span> 
     </span>
     <span class='ocr_line' id='line_1_10' title="bbox 160 1612 1323 1695; baseline 0.003 -22"><span class='ocrx_word' id='word_1_89' title='bbox 160 1628 231 1673; x_wconf 88' lang='lat' dir='ltr'>men</span> <span class='ocrx_word' id='word_1_90' title='bbox 245 1612 430 1675; x_wconf 88' lang='lat' dir='ltr'>coniecturae</span> <span class='ocrx_word' id='word_1_91' title='bbox 451 1614 648 1695; x_wconf 85' lang='lat' dir='ltr'>suppeditavit</span> <span class='ocrx_word' id='word_1_92' title='bbox 661 1613 837 1688; x_wconf 82' lang='lat' dir='ltr'>Priscianus,</span> <span class='ocrx_word' id='word_1_93' title='bbox 853 1613 889 1688; x_wconf 92' lang='lat' dir='ltr'>ll,</span> <span class='ocrx_word' id='word_1_94' title='bbox 908 1613 946 1674; x_wconf 89' lang='grc'>16</span> <span class='ocrx_word' id='word_1_95' title='bbox 960 1632 990 1694; x_wconf 88' lang='lat' dir='ltr'>p.</span> <span class='ocrx_word' id='word_1_96' title='bbox 1006 1614 1047 1675; x_wconf 82' lang='lat'>54</span> <span class='ocrx_word' id='word_1_97' title='bbox 1062 1614 1172 1688; x_wconf 74' lang='lat' dir='ltr'>lieris,</span> <span class='ocrx_word' id='word_1_98' title='bbox 1188 1614 1323 1676; x_wconf 80' lang='lat' dir='ltr'>adverbia</span> 
     </span>
     <span class='ocr_line' id='line_1_11' title="bbox 160 1713 1323 1780; baseline 0.003 -4"><span class='ocrx_word' id='word_1_99' title='bbox 160 1732 177 1776; x_wconf 89' lang='lat' dir='ltr'>a</span> <span class='ocrx_word' id='word_1_100' title='bbox 193 1713 299 1775; x_wconf 91' lang='lat' dir='ltr'>Stoicis</span> <span class='ocrx_word' id='word_1_101' title='bbox 318 1715 489 1777; x_wconf 89' lang='lat' dir='ltr'>nominihus</span> <span class='ocrx_word' id='word_1_102' title='bbox 509 1717 554 1776; x_wconf 81' lang='lat' dir='ltr'>vel</span> <span class='ocrx_word' id='word_1_103' title='bbox 577 1716 671 1777; x_wconf 78' lang='lat' dir='ltr'>serbis</span> <span class='ocrx_word' id='word_1_104' title='bbox 690 1724 901 1778; x_wconf 87' lang='lat' dir='ltr'>connumerata</span> <span class='ocrx_word' id='word_1_105' title='bbox 921 1734 985 1777; x_wconf 88' lang='lat' dir='ltr'>esse</span> <span class='ocrx_word' id='word_1_106' title='bbox 1005 1723 1140 1780; x_wconf 88' lang='lat' dir='ltr'>testatus.</span> <span class='ocrx_word' id='word_1_107' title='bbox 1170 1718 1244 1780; x_wconf 90' lang='lat' dir='ltr'>Nam</span> <span class='ocrx_word' id='word_1_108' title='bbox 1265 1717 1323 1779; x_wconf 89' lang='lat' dir='ltr'>boc</span> 
     </span>
     <span class='ocr_line' id='line_1_12' title="bbox 161 1814 1322 1898; baseline 0.004 -23"><span class='ocrx_word' id='word_1_109' title='bbox 161 1815 219 1876; x_wconf 87' lang='lat' dir='ltr'>rel</span> <span class='ocrx_word' id='word_1_110' title='bbox 240 1816 308 1878; x_wconf 89' lang='lat' dir='ltr'>licet</span> <span class='ocrx_word' id='word_1_111' title='bbox 327 1816 421 1898; x_wconf 88' lang='lat' dir='ltr'>possit</span> <span class='ocrx_word' id='word_1_112' title='bbox 436 1818 523 1879; x_wconf 89' lang='lat' dir='ltr'>etiam</span> <span class='ocrx_word' id='word_1_113' title='bbox 539 1818 582 1879; x_wconf 91' lang='lat' dir='ltr'>sic</span> <span class='ocrx_word' id='word_1_114' title='bbox 596 1818 697 1898; x_wconf 85' lang='lat' dir='ltr'>accipi,</span> <span class='ocrx_word' id='word_1_115' title='bbox 718 1825 753 1879; x_wconf 92' lang='lat' dir='ltr'>ut</span> <span class='ocrx_word' id='word_1_116' title='bbox 768 1818 803 1878; x_wconf 90' lang='lat' dir='ltr'>ab</span> <span class='ocrx_word' id='word_1_117' title='bbox 818 1818 881 1878; x_wconf 90' lang='lat' dir='ltr'>aliis</span> <span class='ocrx_word' id='word_1_118' title='bbox 895 1816 1031 1880; x_wconf 88' lang='lat' dir='ltr'>adverbia</span> <span class='ocrx_word' id='word_1_119' title='bbox 1045 1819 1076 1880; x_wconf 94' lang='lat' dir='ltr'>in</span> <span class='ocrx_word' id='word_1_120' title='bbox 1090 1818 1269 1892; x_wconf 81' lang='lat' dir='ltr'>nominihus,</span> <span class='ocrx_word' id='word_1_121' title='bbox 1285 1814 1322 1880; x_wconf 85' lang='lat' dir='ltr'>ah</span> 
     </span>
     <span class='ocr_line' id='line_1_13' title="bbox 163 1917 1322 1999; baseline 0.004 -21"><span class='ocrx_word' id='word_1_122' title='bbox 163 1917 226 1978; x_wconf 89' lang='lat' dir='ltr'>aliis</span> <span class='ocrx_word' id='word_1_123' title='bbox 250 1917 282 1978; x_wconf 93' lang='lat' dir='ltr'>in</span> <span class='ocrx_word' id='word_1_124' title='bbox 301 1920 395 1981; x_wconf 83' lang='lat' dir='ltr'>verbis</span> <span class='ocrx_word' id='word_1_125' title='bbox 415 1926 568 1981; x_wconf 89' lang='lat' dir='ltr'>numerata</span> <span class='ocrx_word' id='word_1_126' title='bbox 589 1938 653 1981; x_wconf 88' lang='lat' dir='ltr'>esse</span> <span class='ocrx_word' id='word_1_127' title='bbox 674 1920 816 1992; x_wconf 83' lang='lat' dir='ltr'>dicantur,</span> <span class='ocrx_word' id='word_1_128' title='bbox 843 1920 927 1999; x_wconf 78' lang='lat' dir='ltr'>longe</span> <span class='ocrx_word' id='word_1_129' title='bbox 947 1920 1126 1999; x_wconf 83' lang='lat' dir='ltr'>probabilius</span> <span class='ocrx_word' id='word_1_130' title='bbox 1144 1928 1246 1983; x_wconf 78' lang='lat' dir='ltr'>amen</span> <span class='ocrx_word' id='word_1_131' title='bbox 1266 1927 1322 1995; x_wconf 85' lang='lat' dir='ltr'>cst,</span> 
     </span>
    </p>
   </div>
   <div class='ocr_carea' id='block_1_2' title="bbox 48 2020 1323 2103">
    <p class='ocr_par' dir='ltr' id='par_1_2' title="bbox 48 2020 1323 2103">
     <span class='ocr_line' id='line_1_14' title="bbox 48 2020 1323 2103; baseline 0.003 -23"><span class='ocrx_word' id='word_1_132' title='bbox 48 2076 51 2080; x_wconf 16' lang='grc' dir='ltr'><em>Α</em></span> <span class='ocrx_word' id='word_1_133' title='bbox 162 2027 285 2101; x_wconf 84' lang='lat' dir='ltr'>propter</span> <span class='ocrx_word' id='word_1_134' title='bbox 304 2038 440 2099; x_wconf 82' lang='lat' dir='ltr'>magnam</span> <span class='ocrx_word' id='word_1_135' title='bbox 461 2021 665 2082; x_wconf 77' lang='lat' dir='ltr'>adverbiorum</span> <span class='ocrx_word' id='word_1_136' title='bbox 687 2020 951 2081; x_wconf 76' lang='lat' dir='ltr'>dissimiitudinam</span> <span class='ocrx_word' id='word_1_137' title='bbox 967 2038 1029 2081; x_wconf 91' lang='lat' dir='ltr'>non</span> <span class='ocrx_word' id='word_1_138' title='bbox 1043 2022 1142 2084; x_wconf 88' lang='lat' dir='ltr'>omnia</span> <span class='ocrx_word' id='word_1_139' title='bbox 1155 2022 1323 2103; x_wconf 86' lang='lat' dir='ltr'>promiscue</span> 
     </span>
    </p>
   </div>
   <div class='ocr_carea' id='block_1_3' title="bbox 155 2121 1326 2920">
    <p class='ocr_par' dir='ltr' id='par_1_3' title="bbox 155 2121 1326 2920">
     <span class='ocr_line' id='line_1_15' title="bbox 163 2121 1323 2204; baseline 0.003 -21"><span class='ocrx_word' id='word_1_140' title='bbox 163 2121 195 2183; x_wconf 94' lang='lat' dir='ltr'>in</span> <span class='ocrx_word' id='word_1_141' title='bbox 213 2139 271 2184; x_wconf 91' lang='lat' dir='ltr'>una</span> <span class='ocrx_word' id='word_1_142' title='bbox 286 2129 370 2204; x_wconf 85' lang='lat' dir='ltr'>parte</span> <span class='ocrx_word' id='word_1_143' title='bbox 383 2131 537 2185; x_wconf 85' lang='lat' dir='ltr'>numerata</span> <span class='ocrx_word' id='word_1_144' title='bbox 552 2140 626 2183; x_wconf 86' lang='lat' dir='ltr'>esse.</span> <span class='ocrx_word' id='word_1_145' title='bbox 655 2122 757 2202; x_wconf 86' lang='lat' dir='ltr'>Neque</span> <span class='ocrx_word' id='word_1_146' title='bbox 781 2121 882 2183; x_wconf 92' lang='lat' dir='ltr'>dubito</span> <span class='ocrx_word' id='word_1_147' title='bbox 897 2123 969 2202; x_wconf 89' lang='lat' dir='ltr'>quin</span> <span class='ocrx_word' id='word_1_148' title='bbox 985 2124 1140 2204; x_wconf 80' lang='lat' dir='ltr'>Dionysius</span> <span class='ocrx_word' id='word_1_149' title='bbox 1154 2124 1174 2184; x_wconf 90' lang='lat' dir='ltr'>l.</span> <span class='ocrx_word' id='word_1_150' title='bbox 1190 2125 1207 2185; x_wconf 91' lang='lat' dir='ltr'>l.</span> <span class='ocrx_word' id='word_1_151' title='bbox 1224 2123 1323 2186; x_wconf 84' lang='lat' dir='ltr'>minua</span> 
     </span>
     <span class='ocr_line' id='line_1_16' title="bbox 163 2214 1323 2306; baseline 0 -20"><span class='ocrx_word' id='word_1_152' title='bbox 163 2230 297 2286; x_wconf 87' lang='lat' dir='ltr'>accurate</span> <span class='ocrx_word' id='word_1_153' title='bbox 311 2226 430 2287; x_wconf 89' lang='lat' dir='ltr'>locutus</span> <span class='ocrx_word' id='word_1_154' title='bbox 446 2226 492 2298; x_wconf 81' lang='lat' dir='ltr'>sit,</span> <span class='ocrx_word' id='word_1_155' title='bbox 505 2240 598 2305; x_wconf 85' lang='lat' dir='ltr'>quum</span> <span class='ocrx_word' id='word_1_156' title='bbox 614 2214 685 2286; x_wconf 82' lang='grc' dir='ltr'>α’πό</span> <span class='ocrx_word' id='word_1_157' title='bbox 701 2220 766 2284; x_wconf 80' lang='grc' dir='ltr'><strong><em>τῶν</em></strong></span> <span class='ocrx_word' id='word_1_158' title='bbox 780 2217 933 2306; x_wconf 79' lang='grc' dir='ltr'><strong><em>ῥημάτων</em></strong></span> <span class='ocrx_word' id='word_1_159' title='bbox 947 2235 1079 2306; x_wconf 85' lang='lat' dir='ltr'>separata</span> <span class='ocrx_word' id='word_1_160' title='bbox 1093 2225 1229 2288; x_wconf 84' lang='lat' dir='ltr'>adverbia</span> <span class='ocrx_word' id='word_1_161' title='bbox 1244 2225 1323 2298; x_wconf 89' lang='lat' dir='ltr'>dicit,</span> 
     </span>
     <span class='ocr_line' id='line_1_17' title="bbox 162 2315 1322 2410; baseline 0.002 -23"><span class='ocrx_word' id='word_1_162' title='bbox 162 2344 217 2408; x_wconf 87' lang='lat' dir='ltr'>pro</span> <span class='ocrx_word' id='word_1_163' title='bbox 244 2318 314 2388; x_wconf 71' lang='lat' dir='ltr'>dab</span> <span class='ocrx_word' id='word_1_164' title='bbox 334 2323 400 2387; x_wconf 79' lang='grc' dir='ltr'><strong><em>τῶν</em></strong></span> <span class='ocrx_word' id='word_1_165' title='bbox 420 2320 575 2409; x_wconf 77' lang='grc' dir='ltr'><strong><em>ῥημάτων</em></strong></span> <span class='ocrx_word' id='word_1_166' title='bbox 596 2322 654 2387; x_wconf 81' lang='grc' dir='ltr'>καὶ</span> <span class='ocrx_word' id='word_1_167' title='bbox 676 2325 715 2400; x_wconf 85' lang='lat' dir='ltr'>(v.</span> <span class='ocrx_word' id='word_1_168' title='bbox 736 2315 770 2410; x_wconf 77' lang='grc' dir='ltr'>ἢ)</span> <span class='ocrx_word' id='word_1_169' title='bbox 792 2317 864 2387; x_wconf 74' lang='grc' dir='ltr'>ἀπὸ</span> <span class='ocrx_word' id='word_1_170' title='bbox 887 2326 953 2388; x_wconf 78' lang='grc' dir='ltr'><strong><em>τῶν</em></strong></span> <span class='ocrx_word' id='word_1_171' title='bbox 968 2318 1147 2406; x_wconf 81' lang='grc' dir='ltr'><strong><em>ὀνομάτων.</em></strong></span> <span class='ocrx_word' id='word_1_172' title='bbox 1185 2328 1322 2389; x_wconf 81' lang='lat' dir='ltr'>Ceterum</span> 
     </span>
     <span class='ocr_line' id='line_1_18' title="bbox 163 2421 1323 2512; baseline 0.001 -21"><span class='ocrx_word' id='word_1_173' title='bbox 163 2429 222 2491; x_wconf 91' lang='lat' dir='ltr'>hoc</span> <span class='ocrx_word' id='word_1_174' title='bbox 242 2428 340 2510; x_wconf 89' lang='lat' dir='ltr'>ipsum</span> <span class='ocrx_word' id='word_1_175' title='bbox 360 2421 585 2512; x_wconf 74' lang='grc' dir='ltr'><strong><em>ἐπιρρήμοτος</em></strong></span> <span class='ocrx_word' id='word_1_176' title='bbox 607 2446 716 2490; x_wconf 88' lang='lat' dir='ltr'>nomen</span> <span class='ocrx_word' id='word_1_177' title='bbox 737 2446 826 2508; x_wconf 66' lang='lat' dir='ltr'>mam</span> <span class='ocrx_word' id='word_1_178' title='bbox 847 2430 1001 2509; x_wconf 84' lang='lat' dir='ltr'>antiquum</span> <span class='ocrx_word' id='word_1_179' title='bbox 1021 2435 1087 2493; x_wconf 89' lang='lat' dir='ltr'>eta</span> <span class='ocrx_word' id='word_1_180' title='bbox 1107 2429 1213 2511; x_wconf 90' lang='lat' dir='ltr'>quibus</span> <span class='ocrx_word' id='word_1_181' title='bbox 1227 2429 1323 2492; x_wconf 91' lang='lat' dir='ltr'>intro·</span> 
     </span>
     <span class='ocr_line' id='line_1_19' title="bbox 164 2530 1323 2606; baseline 0 -12"><span class='ocrx_word' id='word_1_182' title='bbox 164 2531 286 2595; x_wconf 90' lang='lat' dir='ltr'>ductum</span> <span class='ocrx_word' id='word_1_183' title='bbox 301 2531 340 2592; x_wconf 83' lang='lat' dir='ltr'>sit</span> <span class='ocrx_word' id='word_1_184' title='bbox 355 2532 497 2606; x_wconf 69' lang='lat' dir='ltr'>nescitum</span> <span class='ocrx_word' id='word_1_185' title='bbox 514 2532 564 2592; x_wconf 88' lang='lat' dir='ltr'>sed</span> <span class='ocrx_word' id='word_1_186' title='bbox 581 2530 748 2592; x_wconf 76' lang='lat' dir='ltr'>Aristarcho</span> <span class='ocrx_word' id='word_1_187' title='bbox 764 2533 869 2593; x_wconf 85' lang='lat' dir='ltr'>saltem</span> <span class='ocrx_word' id='word_1_188' title='bbox 884 2550 944 2594; x_wconf 90' lang='lat' dir='ltr'>non</span> <span class='ocrx_word' id='word_1_189' title='bbox 959 2534 1106 2595; x_wconf 86' lang='lat' dir='ltr'>recentius</span> <span class='ocrx_word' id='word_1_190' title='bbox 1120 2551 1185 2595; x_wconf 88' lang='lat' dir='ltr'>esse</span> <span class='ocrx_word' id='word_1_191' title='bbox 1201 2533 1323 2606; x_wconf 78' lang='lat' dir='ltr'>videtm,</span> 
     </span>
     <span class='ocr_line' id='line_1_20' title="bbox 164 2632 1324 2716; baseline 0 -20"><span class='ocrx_word' id='word_1_192' title='bbox 164 2635 310 2716; x_wconf 84' lang='lat' dir='ltr'>siquidem</span> <span class='ocrx_word' id='word_1_193' title='bbox 326 2634 384 2695; x_wconf 90' lang='lat' dir='ltr'>boc</span> <span class='ocrx_word' id='word_1_194' title='bbox 398 2633 526 2695; x_wconf 80' lang='lat' dir='ltr'>maxime</span> <span class='ocrx_word' id='word_1_195' title='bbox 541 2641 659 2694; x_wconf 88' lang='lat' dir='ltr'>auctora</span> <span class='ocrx_word' id='word_1_196' title='bbox 676 2632 807 2695; x_wconf 90' lang='lat' dir='ltr'>doctrina</span> <span class='ocrx_word' id='word_1_197' title='bbox 821 2636 1082 2715; x_wconf 78' lang='lat' dir='ltr'>grammaticorum</span> <span class='ocrx_word' id='word_1_198' title='bbox 1105 2636 1141 2698; x_wconf 93' lang='lat' dir='ltr'>de</span> <span class='ocrx_word' id='word_1_199' title='bbox 1157 2643 1240 2697; x_wconf 91' lang='lat' dir='ltr'>uoto</span> <span class='ocrx_word' id='word_1_200' title='bbox 1254 2652 1324 2715; x_wconf 90' lang='lat' dir='ltr'>par·</span> 
     </span>
     <span class='ocr_line' id='line_1_21' title="bbox 156 2732 1324 2818; baseline 0 -20"><span class='ocrx_word' id='word_1_201' title='bbox 156 2737 238 2798; x_wconf 90' lang='lat' dir='ltr'>tibus</span> <span class='ocrx_word' id='word_1_202' title='bbox 254 2737 395 2798; x_wconf 89' lang='lat' dir='ltr'>orationis</span> <span class='ocrx_word' id='word_1_203' title='bbox 410 2736 532 2799; x_wconf 87' lang='lat' dir='ltr'>invaluit</span> <span class='ocrx_word' id='word_1_204' title='bbox 542 2740 553 2778; x_wconf 83' lang='lat'>¹</span> <span class='ocrx_word' id='word_1_205' title='bbox 563 2739 603 2813; x_wconf 78' lang='lat'>²),</span> <span class='ocrx_word' id='word_1_206' title='bbox 623 2738 654 2798; x_wconf 94' lang='lat' dir='ltr'>in</span> <span class='ocrx_word' id='word_1_207' title='bbox 669 2737 776 2817; x_wconf 90' lang='lat' dir='ltr'>quibus</span> <span class='ocrx_word' id='word_1_208' title='bbox 792 2738 864 2816; x_wconf 89' lang='lat' dir='ltr'>quin</span> <span class='ocrx_word' id='word_1_209' title='bbox 878 2754 937 2797; x_wconf 91' lang='lat' dir='ltr'>una</span> <span class='ocrx_word' id='word_1_210' title='bbox 952 2732 1119 2818; x_wconf 75' lang='grc' dir='ltr'><strong><em>ἐπίρρημα</em></strong></span> <span class='ocrx_word' id='word_1_211' title='bbox 1132 2737 1223 2799; x_wconf 86' lang='lat' dir='ltr'>luerit</span> <span class='ocrx_word' id='word_1_212' title='bbox 1238 2735 1324 2798; x_wconf 91' lang='lat' dir='ltr'>dubi-</span> 
     </span>
     <span class='ocr_line' id='line_1_22' title="bbox 155 2838 1326 2920; baseline -0.002 -18"><span class='ocrx_word' id='word_1_213' title='bbox 155 2840 213 2902; x_wconf 93' lang='lat' dir='ltr'>tari</span> <span class='ocrx_word' id='word_1_214' title='bbox 230 2857 290 2901; x_wconf 94' lang='lat' dir='ltr'>non</span> <span class='ocrx_word' id='word_1_215' title='bbox 305 2848 414 2920; x_wconf 89' lang='lat' dir='ltr'>potest.</span> <span class='ocrx_word' id='word_1_216' title='bbox 437 2841 637 2903; x_wconf 90' lang='lat' dir='ltr'>Numerarunt</span> <span class='ocrx_word' id='word_1_217' title='bbox 651 2848 749 2901; x_wconf 90' lang='lat' dir='ltr'>autern</span> <span class='ocrx_word' id='word_1_218' title='bbox 767 2838 949 2918; x_wconf 84' lang='lat' dir='ltr'>grammatici</span> <span class='ocrx_word' id='word_1_219' title='bbox 965 2839 994 2899; x_wconf 92' lang='lat' dir='ltr'>in</span> <span class='ocrx_word' id='word_1_220' title='bbox 1011 2839 1066 2900; x_wconf 92' lang='lat' dir='ltr'>hac</span> <span class='ocrx_word' id='word_1_221' title='bbox 1081 2846 1161 2919; x_wconf 88' lang='lat' dir='ltr'>parte</span> <span class='ocrx_word' id='word_1_222' title='bbox 1175 2857 1209 2900; x_wconf 92' lang='lat' dir='ltr'>ca</span> <span class='ocrx_word' id='word_1_223' title='bbox 1223 2839 1326 2900; x_wconf 85' lang='lat' dir='ltr'>emnia</span> 
     </span>
    </p>
   </div>
   <div class='ocr_carea' id='block_1_4' title="bbox 158 2941 1420 3024">
    <p class='ocr_par' dir='ltr' id='par_1_4' title="bbox 158 2941 1420 3024">
     <span class='ocr_line' id='line_1_23' title="bbox 158 2941 1420 3024; baseline 0.002 -22"><span class='ocrx_word' id='word_1_224' title='bbox 158 2941 296 3005; x_wconf 81' lang='lat' dir='ltr'>vocabula</span> <span class='ocrx_word' id='word_1_225' title='bbox 312 2959 374 3003; x_wconf 92' lang='lat' dir='ltr'>non</span> <span class='ocrx_word' id='word_1_226' title='bbox 389 2942 524 3013; x_wconf 87' lang='lat' dir='ltr'>casualia,</span> <span class='ocrx_word' id='word_1_227' title='bbox 540 2961 624 3024; x_wconf 88' lang='lat' dir='ltr'>quae.</span> <span class='ocrx_word' id='word_1_228' title='bbox 641 2949 675 3003; x_wconf 90' lang='lat' dir='ltr'>ut</span> <span class='ocrx_word' id='word_1_229' title='bbox 689 2942 821 3020; x_wconf 89' lang='lat' dir='ltr'>ipsorum</span> <span class='ocrx_word' id='word_1_230' title='bbox 837 2941 933 3002; x_wconf 83' lang='lat' dir='ltr'>verbis</span> <span class='ocrx_word' id='word_1_231' title='bbox 948 2949 1023 3018; x_wconf 83' lang='lat' dir='ltr'>utar,</span> <span class='ocrx_word' id='word_1_232' title='bbox 1040 2941 1138 3004; x_wconf 89' lang='lat' dir='ltr'>addita</span> <span class='ocrx_word' id='word_1_233' title='bbox 1154 2942 1240 3003; x_wconf 86' lang='lat' dir='ltr'>aerbo</span> <span class='ocrx_word' id='word_1_234' title='bbox 1255 2958 1324 3004; x_wconf 91' lang='lat' dir='ltr'>sen·</span> <span class='ocrx_word' id='word_1_235' title='bbox 1417 3010 1420 3017; x_wconf 54' lang='grc'><em>,</em></span> 
     </span>
    </p>
   </div>
   <div class='ocr_carea' id='block_1_5' title="bbox 156 3044 1326 3332">
    <p class='ocr_par' dir='ltr' id='par_1_5' title="bbox 156 3044 1326 3332">
     <span class='ocr_line' id='line_1_24' title="bbox 156 3044 1325 3126; baseline 0 -20"><span class='ocrx_word' id='word_1_236' title='bbox 156 3063 226 3107; x_wconf 92' lang='lat' dir='ltr'>sum</span> <span class='ocrx_word' id='word_1_237' title='bbox 248 3045 311 3106; x_wconf 91' lang='lat' dir='ltr'>aius</span> <span class='ocrx_word' id='word_1_238' title='bbox 332 3044 454 3124; x_wconf 90' lang='lat' dir='ltr'>implere</span> <span class='ocrx_word' id='word_1_239' title='bbox 475 3053 563 3126; x_wconf 88' lang='lat' dir='ltr'>atque</span> <span class='ocrx_word' id='word_1_240' title='bbox 584 3046 738 3126; x_wconf 80' lang='lat' dir='ltr'>explanare</span> <span class='ocrx_word' id='word_1_241' title='bbox 759 3050 809 3105; x_wconf 87' lang='lat' dir='ltr'>aut</span> <span class='ocrx_word' id='word_1_242' title='bbox 832 3050 948 3105; x_wconf 87' lang='lat' dir='ltr'>mutare</span> <span class='ocrx_word' id='word_1_243' title='bbox 969 3051 1020 3106; x_wconf 92' lang='lat' dir='ltr'>aut</span> <span class='ocrx_word' id='word_1_244' title='bbox 1040 3044 1174 3106; x_wconf 89' lang='lat' dir='ltr'>minuere</span> <span class='ocrx_word' id='word_1_245' title='bbox 1189 3044 1325 3106; x_wconf 83' lang='lat' dir='ltr'>rideren-</span> 
     </span>
     <span class='ocr_line' id='line_1_25' title="bbox 156 3144 1326 3227; baseline -0.001 -18"><span class='ocrx_word' id='word_1_246' title='bbox 156 3146 277 3226; x_wconf 69' lang='lat' dir='ltr'>turli),</span> <span class='ocrx_word' id='word_1_247' title='bbox 305 3164 402 3227; x_wconf 89' lang='lat' dir='ltr'>neque</span> <span class='ocrx_word' id='word_1_248' title='bbox 424 3147 593 3209; x_wconf 89' lang='lat' dir='ltr'>incredibile</span> <span class='ocrx_word' id='word_1_249' title='bbox 619 3154 664 3209; x_wconf 88' lang='lat' dir='ltr'>est</span> <span class='ocrx_word' id='word_1_250' title='bbox 683 3147 771 3208; x_wconf 92' lang='lat' dir='ltr'>etiam</span> <span class='ocrx_word' id='word_1_251' title='bbox 797 3164 877 3219; x_wconf 90' lang='lat' dir='ltr'>eum,</span> <span class='ocrx_word' id='word_1_252' title='bbox 903 3144 954 3225; x_wconf 92' lang='lat' dir='ltr'>qui</span> <span class='ocrx_word' id='word_1_253' title='bbox 977 3147 1093 3227; x_wconf 86' lang='lat' dir='ltr'>primus</span> <span class='ocrx_word' id='word_1_254' title='bbox 1118 3145 1188 3208; x_wconf 91' lang='lat' dir='ltr'>iilud</span> <span class='ocrx_word' id='word_1_255' title='bbox 1215 3162 1326 3209; x_wconf 84' lang='lat' dir='ltr'>nomen</span> 
     </span>
     <span class='ocr_line' id='line_1_26' title="bbox 157 3248 1325 3332; baseline -0.001 -20"><span class='ocrx_word' id='word_1_256' title='bbox 157 3249 277 3323; x_wconf 85' lang='lat' dir='ltr'>invenit,</span> <span class='ocrx_word' id='word_1_257' title='bbox 288 3250 346 3311; x_wconf 89' lang='lat' dir='ltr'>hoc</span> <span class='ocrx_word' id='word_1_258' title='bbox 360 3251 550 3331; x_wconf 87' lang='lat' dir='ltr'>potissimum</span> <span class='ocrx_word' id='word_1_259' title='bbox 564 3259 722 3332; x_wconf 86' lang='lat' dir='ltr'>spectasse,</span> <span class='ocrx_word' id='word_1_260' title='bbox 738 3249 819 3332; x_wconf 90' lang='lat' dir='ltr'>quod</span> <span class='ocrx_word' id='word_1_261' title='bbox 833 3248 1030 3311; x_wconf 87' lang='lat' dir='ltr'>illarooabala</span> <span class='ocrx_word' id='word_1_262' title='bbox 1041 3249 1217 3331; x_wconf 88' lang='lat' dir='ltr'>plerumque</span> <span class='ocrx_word' id='word_1_263' title='bbox 1228 3248 1325 3311; x_wconf 67' lang='lat' dir='ltr'>ambis</span> 
     </span>
    </p>
   </div>
   <div class='ocr_carea' id='block_1_6' title="bbox 162 3470 1328 4234">
    <p class='ocr_par' dir='ltr' id='par_1_6' title="bbox 162 3470 1328 4234">
     <span class='ocr_line' id='line_1_27' title="bbox 178 3470 1321 3555; baseline 0.004 -20"><span class='ocrx_word' id='word_1_264' title='bbox 178 3474 185 3507; x_wconf 67' lang='lat'>⁸</span> <span class='ocrx_word' id='word_1_265' title='bbox 231 3484 273 3549; x_wconf 80' lang='lat'>11)</span> <span class='ocrx_word' id='word_1_266' title='bbox 291 3484 410 3550; x_wconf 87' lang='lat' dir='ltr'>Stephan.</span> <span class='ocrx_word' id='word_1_267' title='bbox 426 3485 505 3542; x_wconf 86' lang='lat' dir='ltr'>schol.</span> <span class='ocrx_word' id='word_1_268' title='bbox 519 3486 549 3536; x_wconf 86' lang='lat' dir='ltr'>ad</span> <span class='ocrx_word' id='word_1_269' title='bbox 561 3486 667 3554; x_wconf 73' lang='lat' dir='ltr'>Dionys.</span> <span class='ocrx_word' id='word_1_270' title='bbox 680 3502 703 3553; x_wconf 92' lang='lat' dir='ltr'>p.</span> <span class='ocrx_word' id='word_1_271' title='bbox 717 3486 777 3550; x_wconf 79' lang='lat'>864,</span> <span class='ocrx_word' id='word_1_272' title='bbox 789 3487 835 3537; x_wconf 71' lang='lat'>252</span> <span class='ocrx_word' id='word_1_273' title='bbox 851 3484 883 3537; x_wconf 82' lang='grc' dir='ltr'>τὸ</span> <span class='ocrx_word' id='word_1_274' title='bbox 898 3484 1034 3538; x_wconf 69' lang='grc' dir='ltr'><strong><em>ἐπίθετον</em></strong></span> <span class='ocrx_word' id='word_1_275' title='bbox 1046 3470 1129 3537; x_wconf 81' lang='grc' dir='ltr'><strong><em>τοῦτο</em></strong></span> <span class='ocrx_word' id='word_1_276' title='bbox 1142 3484 1189 3538; x_wconf 77' lang='lat' dir='ltr'>sai</span> <span class='ocrx_word' id='word_1_277' title='bbox 1200 3503 1321 3555; x_wconf 77' lang='grc' dir='ltr'><strong><em>κατηγο·</em></strong></span> 
     </span>
     <span class='ocr_line' id='line_1_28' title="bbox 162 3563 1310 3642; baseline 0.005 -23"><span class='ocrx_word' id='word_1_278' title='bbox 162 3566 242 3641; x_wconf 76' lang='lat' dir='ltr'>praeda</span> <span class='ocrx_word' id='word_1_279' title='bbox 253 3564 301 3620; x_wconf 76' lang='grc' dir='ltr'>ὑπ’</span> <span class='ocrx_word' id='word_1_280' title='bbox 317 3568 398 3621; x_wconf 75' lang='grc' dir='ltr'><strong><em>ἐνίων</em></strong></span> <span class='ocrx_word' id='word_1_281' title='bbox 409 3571 531 3621; x_wconf 78' lang='grc' dir='ltr'><strong><em>καλεῖται</em></strong></span> <span class='ocrx_word' id='word_1_282' title='bbox 545 3565 592 3620; x_wconf 75' lang='lat' dir='ltr'>deci</span> <span class='ocrx_word' id='word_1_283' title='bbox 605 3568 637 3622; x_wconf 86' lang='grc' dir='ltr'>τὸ</span> <span class='ocrx_word' id='word_1_284' title='bbox 651 3566 742 3641; x_wconf 75' lang='grc' dir='ltr'><strong><em>πάντη</em></strong></span> <span class='ocrx_word' id='word_1_285' title='bbox 756 3574 922 3639; x_wconf 76' lang='grc' dir='ltr'><strong><em>κατηγορεῖν</em></strong></span> <span class='ocrx_word' id='word_1_286' title='bbox 934 3574 1037 3637; x_wconf 77' lang='grc' dir='ltr'><strong><em>κυρίων</em></strong></span> <span class='ocrx_word' id='word_1_287' title='bbox 1050 3563 1065 3635; x_wconf 82' lang='grc' dir='ltr'>ἣ</span> <span class='ocrx_word' id='word_1_288' title='bbox 1080 3574 1310 3642; x_wconf 71' lang='grc' dir='ltr'><strong><em>προσηγορικῶν.</em></strong></span> 
     </span>
     <span class='ocr_line' id='line_1_29' title="bbox 236 3652 1326 3720; baseline 0.003 -16"><span class='ocrx_word' id='word_1_289' title='bbox 236 3652 277 3717; x_wconf 79' lang='grc'>12)</span> <span class='ocrx_word' id='word_1_290' title='bbox 297 3653 373 3705; x_wconf 86' lang='lat' dir='ltr'>Certe</span> <span class='ocrx_word' id='word_1_291' title='bbox 386 3653 553 3720; x_wconf 79' lang='lat' dir='ltr'>Quintilianus</span> <span class='ocrx_word' id='word_1_292' title='bbox 574 3653 593 3719; x_wconf 90' lang='lat' dir='ltr'>i,</span> <span class='ocrx_word' id='word_1_293' title='bbox 614 3656 640 3717; x_wconf 82' lang='lat' dir='ltr'>d,</span> <span class='ocrx_word' id='word_1_294' title='bbox 657 3654 690 3705; x_wconf 85' lang='grc'>20</span> <span class='ocrx_word' id='word_1_295' title='bbox 713 3670 788 3705; x_wconf 85' lang='lat' dir='ltr'>noun</span> <span class='ocrx_word' id='word_1_296' title='bbox 808 3654 985 3705; x_wconf 75' lang='lat' dir='ltr'>Aristarchum</span> <span class='ocrx_word' id='word_1_297' title='bbox 1006 3669 1039 3703; x_wconf 89' lang='lat' dir='ltr'>ex</span> <span class='ocrx_word' id='word_1_298' title='bbox 1059 3654 1158 3704; x_wconf 88' lang='lat' dir='ltr'>idoneis</span> <span class='ocrx_word' id='word_1_299' title='bbox 1180 3657 1326 3707; x_wconf 89' lang='lat' dir='ltr'>auctoribus</span> 
     </span>
     <span class='ocr_line' id='line_1_30' title="bbox 166 3735 1327 3807; baseline 0.002 -18"><span class='ocrx_word' id='word_1_300' title='bbox 166 3740 265 3806; x_wconf 79' lang='lat' dir='ltr'>graecis</span> <span class='ocrx_word' id='word_1_301' title='bbox 278 3740 401 3804; x_wconf 86' lang='lat' dir='ltr'>nominat,</span> <span class='ocrx_word' id='word_1_302' title='bbox 419 3739 461 3806; x_wconf 90' lang='lat' dir='ltr'>qni</span> <span class='ocrx_word' id='word_1_303' title='bbox 473 3746 531 3790; x_wconf 77' lang='lat' dir='ltr'>octo</span> <span class='ocrx_word' id='word_1_304' title='bbox 544 3746 629 3804; x_wconf 87' lang='lat' dir='ltr'>partes</span> <span class='ocrx_word' id='word_1_305' title='bbox 641 3738 723 3789; x_wconf 86' lang='lat' dir='ltr'>sacnti</span> <span class='ocrx_word' id='word_1_306' title='bbox 736 3739 795 3790; x_wconf 89' lang='lat' dir='ltr'>sint.</span> <span class='ocrx_word' id='word_1_307' title='bbox 820 3738 890 3804; x_wconf 82' lang='lat' dir='ltr'>Quod</span> <span class='ocrx_word' id='word_1_308' title='bbox 903 3745 985 3789; x_wconf 83' lang='lat' dir='ltr'>autem</span> <span class='ocrx_word' id='word_1_309' title='bbox 998 3735 1134 3789; x_wconf 87' lang='lat' dir='ltr'>Lerschius</span> <span class='ocrx_word' id='word_1_310' title='bbox 1148 3738 1205 3801; x_wconf 82' lang='lat' dir='ltr'>(Die</span> <span class='ocrx_word' id='word_1_311' title='bbox 1218 3738 1327 3807; x_wconf 86' lang='lat' dir='ltr'>Spracb·</span> 
     </span>
     <span class='ocr_line' id='line_1_31' title="bbox 165 3821 1328 3896; baseline 0.001 -19"><span class='ocrx_word' id='word_1_312' title='bbox 165 3824 309 3894; x_wconf 84' lang='lat' dir='ltr'>philosoph</span> <span class='ocrx_word' id='word_1_313' title='bbox 328 3826 351 3875; x_wconf 92' lang='lat' dir='ltr'>d.</span> <span class='ocrx_word' id='word_1_314' title='bbox 369 3823 422 3876; x_wconf 88' lang='lat' dir='ltr'>Alt.</span> <span class='ocrx_word' id='word_1_315' title='bbox 439 3822 459 3874; x_wconf 92' lang='lat' dir='ltr'>ll</span> <span class='ocrx_word' id='word_1_316' title='bbox 472 3842 495 3892; x_wconf 84' lang='lat' dir='ltr'>p.</span> <span class='ocrx_word' id='word_1_317' title='bbox 509 3822 551 3887; x_wconf 78' lang='grc'>44)</span> <span class='ocrx_word' id='word_1_318' title='bbox 569 3824 616 3875; x_wconf 85' lang='lat' dir='ltr'>iarn</span> <span class='ocrx_word' id='word_1_319' title='bbox 632 3830 691 3876; x_wconf 89' lang='lat' dir='ltr'>ante</span> <span class='ocrx_word' id='word_1_320' title='bbox 703 3821 878 3875; x_wconf 74' lang='lat' dir='ltr'>Aristarchum</span> <span class='ocrx_word' id='word_1_321' title='bbox 891 3822 991 3875; x_wconf 62' lang='lat' dir='ltr'>&lt;teleos</span> <span class='ocrx_word' id='word_1_322' title='bbox 1007 3825 1070 3874; x_wconf 86' lang='lat' dir='ltr'>bana</span> <span class='ocrx_word' id='word_1_323' title='bbox 1087 3832 1183 3890; x_wconf 80' lang='lat' dir='ltr'>partem</span> <span class='ocrx_word' id='word_1_324' title='bbox 1195 3826 1328 3896; x_wconf 86' lang='lat' dir='ltr'>orationis,</span> 
     </span>
     <span class='ocr_line' id='line_1_32' title="bbox 163 3904 1327 3979; baseline 0.002 -17"><span class='ocrx_word' id='word_1_325' title='bbox 163 3927 309 3979; x_wconf 87' lang='lat' dir='ltr'>quanquam</span> <span class='ocrx_word' id='word_1_326' title='bbox 321 3911 428 3961; x_wconf 89' lang='lat' dir='ltr'>nondum</span> <span class='ocrx_word' id='word_1_327' title='bbox 440 3904 631 3978; x_wconf 75' lang='grc' dir='ltr'><strong><em>ίπνρρήμοτος</em></strong></span> <span class='ocrx_word' id='word_1_328' title='bbox 643 3909 741 3961; x_wconf 87' lang='lat' dir='ltr'>nomine</span> <span class='ocrx_word' id='word_1_329' title='bbox 754 3908 918 3978; x_wconf 84' lang='lat' dir='ltr'>appellatam,</span> <span class='ocrx_word' id='word_1_330' title='bbox 937 3920 1070 3974; x_wconf 79' lang='lat' dir='ltr'>separasse</span> <span class='ocrx_word' id='word_1_331' title='bbox 1081 3925 1095 3961; x_wconf 90' lang='lat' dir='ltr'>a</span> <span class='ocrx_word' id='word_1_332' title='bbox 1108 3911 1203 3962; x_wconf 85' lang='lat' dir='ltr'>ceteris</span> <span class='ocrx_word' id='word_1_333' title='bbox 1216 3919 1243 3963; x_wconf 87' lang='lat' dir='ltr'>st</span> <span class='ocrx_word' id='word_1_334' title='bbox 1254 3912 1327 3979; x_wconf 88' lang='lat' dir='ltr'>qnin-</span> 
     </span>
     <span class='ocr_line' id='line_1_33' title="bbox 163 3994 1327 4065; baseline 0.003 -17"><span class='ocrx_word' id='word_1_335' title='bbox 163 4013 210 4065; x_wconf 89' lang='lat' dir='ltr'>que</span> <span class='ocrx_word' id='word_1_336' title='bbox 223 3997 345 4062; x_wconf 84' lang='lat' dir='ltr'>partibus,</span> <span class='ocrx_word' id='word_1_337' title='bbox 359 3996 461 4060; x_wconf 88' lang='lat' dir='ltr'>nomini,</span> <span class='ocrx_word' id='word_1_338' title='bbox 475 3994 650 4063; x_wconf 86' lang='lat' dir='ltr'>appellationi,</span> <span class='ocrx_word' id='word_1_339' title='bbox 665 3994 751 4060; x_wconf 81' lang='lat' dir='ltr'>verbo,</span> <span class='ocrx_word' id='word_1_340' title='bbox 764 3997 883 4061; x_wconf 89' lang='lat' dir='ltr'>articulo,</span> <span class='ocrx_word' id='word_1_341' title='bbox 896 3996 1081 4059; x_wconf 87' lang='lat' dir='ltr'>coniunctioni,</span> <span class='ocrx_word' id='word_1_342' title='bbox 1098 3996 1160 4047; x_wconf 70' lang='lat' dir='ltr'>hanc</span> <span class='ocrx_word' id='word_1_343' title='bbox 1171 4005 1270 4049; x_wconf 80' lang='lat' dir='ltr'>sestam</span> <span class='ocrx_word' id='word_1_344' title='bbox 1282 4000 1327 4051; x_wconf 87' lang='lat' dir='ltr'>ad·</span> 
     </span>
     <span class='ocr_line' id='line_1_34' title="bbox 163 4079 1326 4151; baseline 0.002 -17"><span class='ocrx_word' id='word_1_345' title='bbox 163 4083 259 4134; x_wconf 89' lang='lat' dir='ltr'>didisse</span> <span class='ocrx_word' id='word_1_346' title='bbox 280 4089 405 4145; x_wconf 85' lang='lat' dir='ltr'>autumat,</span> <span class='ocrx_word' id='word_1_347' title='bbox 426 4095 520 4132; x_wconf 81' lang='lat' dir='ltr'>vereor</span> <span class='ocrx_word' id='word_1_348' title='bbox 540 4087 569 4131; x_wconf 92' lang='lat' dir='ltr'>nt</span> <span class='ocrx_word' id='word_1_349' title='bbox 584 4079 688 4147; x_wconf 83' lang='lat' dir='ltr'>probari</span> <span class='ocrx_word' id='word_1_350' title='bbox 704 4082 794 4147; x_wconf 88' lang='lat' dir='ltr'>possit.</span> <span class='ocrx_word' id='word_1_351' title='bbox 817 4081 881 4133; x_wconf 85' lang='lat' dir='ltr'>Nam</span> <span class='ocrx_word' id='word_1_352' title='bbox 894 4082 1038 4147; x_wconf 79' lang='lat' dir='ltr'>Antipater,</span> <span class='ocrx_word' id='word_1_353' title='bbox 1055 4082 1098 4148; x_wconf 78' lang='lat' dir='ltr'>qui</span> <span class='ocrx_word' id='word_1_354' title='bbox 1114 4079 1255 4147; x_wconf 78' lang='grc' dir='ltr'><strong><em>μεσότητα</em></strong></span> <span class='ocrx_word' id='word_1_355' title='bbox 1268 4088 1326 4151; x_wconf 82' lang='lat' dir='ltr'>(qno</span> 
     </span>
     <span class='ocr_line' id='line_1_35' title="bbox 164 4165 1319 4234; baseline 0.003 -18"><span class='ocrx_word' id='word_1_356' title='bbox 164 4167 263 4218; x_wconf 87' lang='lat' dir='ltr'>nomina</span> <span class='ocrx_word' id='word_1_357' title='bbox 277 4167 397 4219; x_wconf 85' lang='lat' dir='ltr'>adverbia</span> <span class='ocrx_word' id='word_1_358' title='bbox 410 4166 535 4234; x_wconf 88' lang='lat' dir='ltr'>appellata</span> <span class='ocrx_word' id='word_1_359' title='bbox 547 4180 604 4216; x_wconf 89' lang='lat' dir='ltr'>csse</span> <span class='ocrx_word' id='word_1_360' title='bbox 615 4180 671 4215; x_wconf 77' lang='lat' dir='ltr'>mon</span> <span class='ocrx_word' id='word_1_361' title='bbox 681 4165 834 4229; x_wconf 74' lang='lat' dir='ltr'>ridebimus)</span> <span class='ocrx_word' id='word_1_362' title='bbox 844 4167 971 4218; x_wconf 88' lang='lat' dir='ltr'>addidisse</span> <span class='ocrx_word' id='word_1_363' title='bbox 981 4166 1088 4233; x_wconf 80' lang='lat' dir='ltr'>quisque</span> <span class='ocrx_word' id='word_1_364' title='bbox 1099 4166 1213 4230; x_wconf 84' lang='lat' dir='ltr'>partibus</span> <span class='ocrx_word' id='word_1_365' title='bbox 1223 4168 1319 4221; x_wconf 86' lang='lat' dir='ltr'>dicitnr</span> 
     </span>
    </p>
   </div>
   <div class='ocr_carea' id='block_1_7' title="bbox 164 4224 1328 4404">
    <p class='ocr_par' dir='ltr' id='par_1_7' title="bbox 164 4224 1328 4404">
     <span class='ocr_line' id='line_1_36' title="bbox 164 4224 1328 4322; baseline 0.003 -19"><span class='ocrx_word' id='word_1_366' title='bbox 164 4251 314 4303; x_wconf 85' lang='lat' dir='ltr'>Aristarcho</span> <span class='ocrx_word' id='word_1_367' title='bbox 332 4252 460 4303; x_wconf 87' lang='lat' dir='ltr'>recentior</span> <span class='ocrx_word' id='word_1_368' title='bbox 475 4249 537 4315; x_wconf 83' lang='lat' dir='ltr'>init,</span> <span class='ocrx_word' id='word_1_369' title='bbox 554 4264 635 4316; x_wconf 85' lang='lat' dir='ltr'>neque</span> <span class='ocrx_word' id='word_1_370' title='bbox 651 4264 708 4313; x_wconf 90' lang='lat' dir='ltr'>eos,</span> <span class='ocrx_word' id='word_1_371' title='bbox 727 4251 767 4317; x_wconf 89' lang='lat' dir='ltr'>qui</span> <span class='ocrx_word' id='word_1_372' title='bbox 780 4249 939 4317; x_wconf 82' lang='grc' dir='ltr'><strong><em>πανδέκτην</em></strong></span> <span class='ocrx_word' id='word_1_373' title='bbox 949 4252 1013 4303; x_wconf 89' lang='lat' dir='ltr'>banc</span> <span class='ocrx_word' id='word_1_374' title='bbox 1026 4256 1122 4317; x_wconf 84' lang='lat' dir='ltr'>partem</span> <span class='ocrx_word' id='word_1_375' title='bbox 1134 4251 1231 4304; x_wconf 78' lang='lat' dir='ltr'>dixisse</span> <span class='ocrx_word' id='word_1_376' title='bbox 1241 4224 1328 4322; x_wconf 67' lang='lat' dir='ltr'>periri³</span> 
     </span>
     <span class='ocr_line' id='line_1_37' title="bbox 165 4334 721 4404; baseline -0.004 -15"><span class='ocrx_word' id='word_1_377' title='bbox 165 4337 267 4402; x_wconf 68' lang='lat' dir='ltr'>bantur,</span> <span class='ocrx_word' id='word_1_378' title='bbox 279 4338 436 4404; x_wconf 81' lang='lat' dir='ltr'>antiquiores</span> <span class='ocrx_word' id='word_1_379' title='bbox 450 4335 529 4388; x_wconf 86' lang='lat' dir='ltr'>icisse</span> <span class='ocrx_word' id='word_1_380' title='bbox 541 4334 661 4388; x_wconf 90' lang='lat' dir='ltr'>credibile</span> <span class='ocrx_word' id='word_1_381' title='bbox 673 4341 721 4387; x_wconf 85' lang='lat' dir='ltr'>est.</span> 
     </span>
    </p>
   </div>
   <div class='ocr_carea' id='block_1_8' title="bbox 237 4416 1245 4589">
    <p class='ocr_par' dir='ltr' id='par_1_8' title="bbox 237 4416 1245 4589">
     <span class='ocr_line' id='line_1_38' title="bbox 237 4416 1245 4489; baseline 0.002 -16"><span class='ocrx_word' id='word_1_382' title='bbox 237 4422 278 4486; x_wconf 80' lang='lat'>13)</span> <span class='ocrx_word' id='word_1_383' title='bbox 297 4420 336 4474; x_wconf 81' lang='lat' dir='ltr'>Cf.</span> <span class='ocrx_word' id='word_1_384' title='bbox 349 4421 449 4473; x_wconf 83' lang='lat' dir='ltr'>Charis.</span> <span class='ocrx_word' id='word_1_385' title='bbox 461 4420 490 4489; x_wconf 88' lang='lat' dir='ltr'>ll,</span> <span class='ocrx_word' id='word_1_386' title='bbox 506 4422 536 4473; x_wconf 79' lang='lat'>13</span> <span class='ocrx_word' id='word_1_387' title='bbox 548 4438 572 4489; x_wconf 93' lang='lat' dir='ltr'>p.</span> <span class='ocrx_word' id='word_1_388' title='bbox 586 4421 634 4473; x_wconf 79' lang='lat'>180</span> <span class='ocrx_word' id='word_1_389' title='bbox 646 4416 713 4473; x_wconf 80' lang='lat' dir='ltr'>licii.</span> <span class='ocrx_word' id='word_1_390' title='bbox 737 4420 848 4473; x_wconf 80' lang='lat' dir='ltr'>Diomed.</span> <span class='ocrx_word' id='word_1_391' title='bbox 861 4421 872 4473; x_wconf 92' lang='lat' dir='ltr'>l</span> <span class='ocrx_word' id='word_1_392' title='bbox 883 4438 907 4489; x_wconf 91' lang='lat' dir='ltr'>p.</span> <span class='ocrx_word' id='word_1_393' title='bbox 921 4421 980 4474; x_wconf 74' lang='lat'>¹10³.</span> <span class='ocrx_word' id='word_1_394' title='bbox 1004 4420 1126 4474; x_wconf 86' lang='lat' dir='ltr'>Priscian.</span> <span class='ocrx_word' id='word_1_395' title='bbox 1137 4421 1208 4488; x_wconf 85' lang='lat' dir='ltr'>xvl,</span> <span class='ocrx_word' id='word_1_396' title='bbox 1222 4422 1245 4475; x_wconf 88' lang='lat'>1.</span> 
     </span>
     <span class='ocr_line' id='line_1_39' title="bbox 502 4524 1123 4589; baseline 0.018 -10"><span class='ocrx_word' id='word_1_397' title='bbox 502 4534 506 4545; x_wconf 92' lang='lat'>·</span> <span class='ocrx_word' id='word_1_398' title='bbox 1062 4524 1123 4589; x_wconf 78' lang='grc' dir='ltr'>ω*</span> 
     </span>
    </p>
   </div>
   <div class='ocr_carea' id='block_1_9' title="bbox 0 0 1653 5144">
    <p class='ocr_par' dir='ltr' id='par_1_9' title="bbox 0 0 1653 5144">
     <span class='ocr_line' id='line_1_40' title="bbox 0 0 1653 5144; baseline 0 0"><span class='ocrx_word' id='word_1_399' title='bbox 0 0 1653 5144; x_wconf 95' lang='lat' dir='ltr'> </span> 
     </span>
    </p>
   </div>
  </div>
 </body>
</html>
