<?xml version="1.0" encoding="UTF-8"?>
<!DOCTYPE html PUBLIC "-//W3C//DTD XHTML 1.0 Transitional//EN"
    "http://www.w3.org/TR/xhtml1/DTD/xhtml1-transitional.dtd">
<html xmlns="http://www.w3.org/1999/xhtml" xml:lang="en" lang="en">
 <head>
  <title>
</title>
<meta http-equiv="Content-Type" content="text/html;charset=utf-8" />
  <meta name='ocr-system' content='tesseract 3.04.00' />
  <meta name='ocr-capabilities' content='ocr_page ocr_carea ocr_par ocr_line ocrx_word'/>
</head>
<body>
  <div class='ocr_page' id='page_1' title='image "./opusculaacademi00schogoog_0229.png"; bbox 0 0 3178 5136; ppageno 0'>
   <div class='ocr_carea' id='block_1_1' title="bbox 829 384 893 449">
    <p class='ocr_par' dir='ltr' id='par_1_1' title="bbox 829 384 893 449">
     <span class='ocr_line' id='line_1_1' title="bbox 829 384 893 449; baseline 0.031 -3"><span class='ocrx_word' id='word_1_1' title='bbox 829 384 893 449; x_wconf 77' lang='lat'>216</span> 
     </span>
    </p>
   </div>
   <div class='ocr_carea' id='block_1_2' title="bbox 234 564 1444 4247">
    <p class='ocr_par' dir='ltr' id='par_1_2' title="bbox 282 564 1443 1271">
     <span class='ocr_line' id='line_1_2' title="bbox 282 564 1440 659; baseline 0.005 -27"><span class='ocrx_word' id='word_1_2' title='bbox 282 566 372 659; x_wconf 72' lang='grc' dir='ltr'>μήθ’</span> <span class='ocrx_word' id='word_1_3' title='bbox 391 564 437 649; x_wconf 74' lang='grc' dir='ltr'>ὣς</span> <span class='ocrx_word' id='word_1_4' title='bbox 454 565 600 650; x_wconf 77' lang='grc' dir='ltr'><strong><em>ἀπόντος</em></strong></span> <span class='ocrx_word' id='word_1_5' title='bbox 623 564 796 639; x_wconf 74' lang='grc' dir='ltr'><strong><em>ἀδυνατεῖν</em></strong></span> <span class='ocrx_word' id='word_1_6' title='bbox 818 564 1001 657; x_wconf 75' lang='grc' dir='ltr'><em>ἡσυχάζειν.</em></span> <span class='ocrx_word' id='word_1_7' title='bbox 1040 572 1116 635; x_wconf 88' lang='lat' dir='ltr'>Nem</span> <span class='ocrx_word' id='word_1_8' title='bbox 1139 591 1228 655; x_wconf 88' lang='lat' dir='ltr'>quem</span> <span class='ocrx_word' id='word_1_9' title='bbox 1246 572 1440 655; x_wconf 72' lang='lat' dir='ltr'>Goettiingius</span> 
     </span>
     <span class='ocr_line' id='line_1_3' title="bbox 284 664 1441 759; baseline 0.001 -21"><span class='ocrx_word' id='word_1_10' title='bbox 284 694 406 739; x_wconf 84' lang='lat' dir='ltr'>sensum</span> <span class='ocrx_word' id='word_1_11' title='bbox 420 696 486 739; x_wconf 90' lang='lat' dir='ltr'>esse</span> <span class='ocrx_word' id='word_1_12' title='bbox 505 676 583 753; x_wconf 89' lang='lat' dir='ltr'>dicit,</span> <span class='ocrx_word' id='word_1_13' title='bbox 603 670 688 740; x_wconf 79' lang='grc' dir='ltr'><strong><em>ὥστε</em></strong></span> <span class='ocrx_word' id='word_1_14' title='bbox 707 675 846 740; x_wconf 79' lang='grc' dir='ltr'><strong><em>δεῖσθαι</em></strong></span> <span class='ocrx_word' id='word_1_15' title='bbox 864 666 948 750; x_wconf 96' lang='grc' dir='ltr'><strong><em>ἴσως</em></strong></span> <span class='ocrx_word' id='word_1_16' title='bbox 966 669 1035 738; x_wconf 78' lang='grc' dir='ltr'>καὶ</span> <span class='ocrx_word' id='word_1_17' title='bbox 1054 664 1172 759; x_wconf 80' lang='grc' dir='ltr'><strong><em>άλλης</em></strong></span> <span class='ocrx_word' id='word_1_18' title='bbox 1191 665 1354 756; x_wconf 79' lang='grc' dir='ltr'><strong><em>ὁμιλίας</em></strong></span> <span class='ocrx_word' id='word_1_19' title='bbox 1371 696 1441 740; x_wconf 85' lang='grc' dir='ltr'>πα-</span> 
     </span>
     <span class='ocr_line' id='line_1_4' title="bbox 283 770 1442 861; baseline 0.003 -21"><span class='ocrx_word' id='word_1_20' title='bbox 283 772 398 860; x_wconf 81' lang='grc' dir='ltr'><strong><em>ρόντος</em></strong></span> <span class='ocrx_word' id='word_1_21' title='bbox 413 770 541 861; x_wconf 81' lang='grc' dir='ltr'><strong><em>ἀνδρός,</em></strong></span> <span class='ocrx_word' id='word_1_22' title='bbox 555 798 650 861; x_wconf 90' lang='lat' dir='ltr'>neque</span> <span class='ocrx_word' id='word_1_23' title='bbox 664 780 774 860; x_wconf 87' lang='lat' dir='ltr'>ipsum,</span> <span class='ocrx_word' id='word_1_24' title='bbox 790 776 881 858; x_wconf 87' lang='lat' dir='ltr'>qualis</span> <span class='ocrx_word' id='word_1_25' title='bbox 897 777 945 853; x_wconf 76' lang='lat' dir='ltr'>sit,</span> <span class='ocrx_word' id='word_1_26' title='bbox 964 777 1036 841; x_wconf 85' lang='lat' dir='ltr'>setis</span> <span class='ocrx_word' id='word_1_27' title='bbox 1050 776 1189 858; x_wconf 72' lang='lat' dir='ltr'><strong>intelligo,</strong></span> <span class='ocrx_word' id='word_1_28' title='bbox 1206 788 1237 841; x_wconf 91' lang='lat' dir='ltr'>et</span> <span class='ocrx_word' id='word_1_29' title='bbox 1250 797 1379 859; x_wconf 83' lang='lat' dir='ltr'>quonum</span> <span class='ocrx_word' id='word_1_30' title='bbox 1392 781 1442 843; x_wconf 87' lang='lat' dir='ltr'>in·</span> 
     </span>
     <span class='ocr_line' id='line_1_5' title="bbox 283 879 1441 964; baseline 0.003 -22"><span class='ocrx_word' id='word_1_31' title='bbox 283 881 462 962; x_wconf 82' lang='lat' dir='ltr'>terpretendi</span> <span class='ocrx_word' id='word_1_32' title='bbox 477 882 599 945; x_wconf 84' lang='lat' dir='ltr'>artificio</span> <span class='ocrx_word' id='word_1_33' title='bbox 614 883 748 945; x_wconf 84' lang='lat' dir='ltr'>inventus</span> <span class='ocrx_word' id='word_1_34' title='bbox 763 882 810 957; x_wconf 81' lang='lat' dir='ltr'>sit,</span> <span class='ocrx_word' id='word_1_35' title='bbox 824 880 894 943; x_wconf 91' lang='lat' dir='ltr'>nolo</span> <span class='ocrx_word' id='word_1_36' title='bbox 910 898 1057 960; x_wconf 76' lang='lat' dir='ltr'>quaerere.</span> <span class='ocrx_word' id='word_1_37' title='bbox 1085 879 1236 942; x_wconf 82' lang='lat' dir='ltr'>Bekkerus</span> <span class='ocrx_word' id='word_1_38' title='bbox 1250 881 1290 944; x_wconf 85' lang='lat' dir='ltr'>ite</span> <span class='ocrx_word' id='word_1_39' title='bbox 1305 882 1441 964; x_wconf 76' lang='lat' dir='ltr'>scripsit:</span> 
     </span>
     <span class='ocr_line' id='line_1_6' title="bbox 283 972 1443 1069; baseline 0.001 -23"><span class='ocrx_word' id='word_1_40' title='bbox 283 975 369 1069; x_wconf 74' lang='grc' dir='ltr'>μήδ’</span> <span class='ocrx_word' id='word_1_41' title='bbox 384 976 469 1047; x_wconf 81' lang='grc' dir='ltr'><strong><em>ὥστε</em></strong></span> <span class='ocrx_word' id='word_1_42' title='bbox 484 981 631 1061; x_wconf 79' lang='grc' dir='ltr'><strong><em>δεῖσθαι,</em></strong></span> <span class='ocrx_word' id='word_1_43' title='bbox 645 976 732 1069; x_wconf 73' lang='grc' dir='ltr'>μήθ’</span> <span class='ocrx_word' id='word_1_44' title='bbox 754 976 799 1059; x_wconf 82' lang='grc' dir='ltr'>ὡς</span> <span class='ocrx_word' id='word_1_45' title='bbox 812 974 966 1046; x_wconf 82' lang='grc' dir='ltr'><strong><em>ἀπόντων</em></strong></span> <span class='ocrx_word' id='word_1_46' title='bbox 980 973 1152 1045; x_wconf 74' lang='grc' dir='ltr'><strong><em>ἀδυνατεῖν</em></strong></span> <span class='ocrx_word' id='word_1_47' title='bbox 1165 972 1349 1066; x_wconf 78' lang='grc' dir='ltr'><strong><em>ἡσυχάζειν,</em></strong></span> <span class='ocrx_word' id='word_1_48' title='bbox 1367 1003 1443 1066; x_wconf 77' lang='lat' dir='ltr'>quae</span> 
     </span>
     <span class='ocr_line' id='line_1_7' title="bbox 283 1085 1442 1169; baseline 0.003 -22"><span class='ocrx_word' id='word_1_49' title='bbox 283 1085 374 1147; x_wconf 85' lang='lat' dir='ltr'>nihilo</span> <span class='ocrx_word' id='word_1_50' title='bbox 388 1086 482 1166; x_wconf 79' lang='lat' dir='ltr'>magis</span> <span class='ocrx_word' id='word_1_51' title='bbox 496 1086 656 1167; x_wconf 78' lang='lat' dir='ltr'>intelligere</span> <span class='ocrx_word' id='word_1_52' title='bbox 670 1105 805 1169; x_wconf 83' lang='lat' dir='ltr'>pessum.</span> <span class='ocrx_word' id='word_1_53' title='bbox 833 1086 908 1149; x_wconf 83' lang='lat' dir='ltr'>iilud</span> <span class='ocrx_word' id='word_1_54' title='bbox 924 1094 1021 1148; x_wconf 87' lang='lat' dir='ltr'>temen</span> <span class='ocrx_word' id='word_1_55' title='bbox 1035 1092 1114 1147; x_wconf 90' lang='lat' dir='ltr'>recte</span> <span class='ocrx_word' id='word_1_56' title='bbox 1128 1085 1245 1159; x_wconf 86' lang='lat' dir='ltr'>iactum,</span> <span class='ocrx_word' id='word_1_57' title='bbox 1260 1086 1340 1166; x_wconf 87' lang='lat' dir='ltr'>quod</span> <span class='ocrx_word' id='word_1_58' title='bbox 1354 1088 1442 1151; x_wconf 79' lang='lat' dir='ltr'>verbu</span> 
     </span>
     <span class='ocr_line' id='line_1_8' title="bbox 282 1176 1443 1271; baseline 0.003 -20"><span class='ocrx_word' id='word_1_59' title='bbox 282 1178 366 1263; x_wconf 88' lang='grc' dir='ltr'><strong><em>ἴσως</em></strong></span> <span class='ocrx_word' id='word_1_60' title='bbox 382 1182 564 1271; x_wconf 83' lang='grc' dir='ltr'><strong><em>παρόντος,</em></strong></span> <span class='ocrx_word' id='word_1_61' title='bbox 588 1209 624 1251; x_wconf 82' lang='lat' dir='ltr'>ex</span> <span class='ocrx_word' id='word_1_62' title='bbox 642 1176 705 1252; x_wconf 87' lang='lat' dir='ltr'>unc</span> <span class='ocrx_word' id='word_1_63' title='bbox 726 1189 827 1255; x_wconf 84' lang='lat' dir='ltr'>codice</span> <span class='ocrx_word' id='word_1_64' title='bbox 844 1209 861 1252; x_wconf 83' lang='lat' dir='ltr'>o</span> <span class='ocrx_word' id='word_1_65' title='bbox 881 1188 1056 1267; x_wconf 80' lang='lat' dir='ltr'>Gcettlingic</span> <span class='ocrx_word' id='word_1_66' title='bbox 1074 1196 1204 1268; x_wconf 87' lang='lat' dir='ltr'>recepta,</span> <span class='ocrx_word' id='word_1_67' title='bbox 1223 1207 1328 1252; x_wconf 89' lang='lat' dir='ltr'>rursus</span> <span class='ocrx_word' id='word_1_68' title='bbox 1347 1190 1443 1254; x_wconf 84' lang='lat' dir='ltr'>eiecit.</span> 
     </span>
    </p>

    <p class='ocr_par' dir='ltr' id='par_1_3' title="bbox 235 1282 1443 1681">
     <span class='ocr_line' id='line_1_9' title="bbox 235 1282 1442 1374; baseline 0.002 -21"><span class='ocrx_word' id='word_1_69' title='bbox 235 1353 246 1363; x_wconf 74' lang='grc'>,,</span> <span class='ocrx_word' id='word_1_70' title='bbox 281 1290 468 1353; x_wconf 74' lang='lat' dir='ltr'>Manifestum</span> <span class='ocrx_word' id='word_1_71' title='bbox 487 1291 566 1355; x_wconf 88' lang='lat' dir='ltr'>enim</span> <span class='ocrx_word' id='word_1_72' title='bbox 586 1292 630 1354; x_wconf 88' lang='lat' dir='ltr'>vel</span> <span class='ocrx_word' id='word_1_73' title='bbox 649 1292 749 1374; x_wconf 91' lang='lat' dir='ltr'>ipsum</span> <span class='ocrx_word' id='word_1_74' title='bbox 768 1292 838 1354; x_wconf 85' lang='lat' dir='ltr'>illud</span> <span class='ocrx_word' id='word_1_75' title='bbox 858 1282 942 1366; x_wconf 88' lang='grc' dir='ltr'><strong><em>ἴσως</em></strong></span> <span class='ocrx_word' id='word_1_76' title='bbox 960 1291 1039 1366; x_wconf 83' lang='grc' dir='ltr'><strong><em>1ευ11,</em></strong></span> <span class='ocrx_word' id='word_1_77' title='bbox 1062 1309 1129 1353; x_wconf 88' lang='lat' dir='ltr'>esse</span> <span class='ocrx_word' id='word_1_78' title='bbox 1146 1291 1223 1353; x_wconf 85' lang='lat' dir='ltr'>benc</span> <span class='ocrx_word' id='word_1_79' title='bbox 1242 1292 1442 1356; x_wconf 82' lang='lat' dir='ltr'>coniecturam</span> 
     </span>
     <span class='ocr_line' id='line_1_10' title="bbox 282 1382 1443 1475; baseline 0.003 -21"><span class='ocrx_word' id='word_1_80' title='bbox 282 1391 419 1466; x_wconf 73' lang='lat' dir='ltr'>alicuius,</span> <span class='ocrx_word' id='word_1_81' title='bbox 442 1393 491 1473; x_wconf 88' lang='lat' dir='ltr'>qui</span> <span class='ocrx_word' id='word_1_82' title='bbox 513 1404 654 1475; x_wconf 89' lang='lat' dir='ltr'>corrupto</span> <span class='ocrx_word' id='word_1_83' title='bbox 679 1395 743 1457; x_wconf 88' lang='lat' dir='ltr'>loco</span> <span class='ocrx_word' id='word_1_84' title='bbox 769 1393 925 1457; x_wconf 84' lang='lat' dir='ltr'>subvenire</span> <span class='ocrx_word' id='word_1_85' title='bbox 950 1400 1113 1455; x_wconf 86' lang='lat' dir='ltr'>coneretur.</span> <span class='ocrx_word' id='word_1_86' title='bbox 1143 1382 1307 1468; x_wconf 80' lang='grc' dir='ltr'><strong><em>Ἀπάνιυς</em></strong></span> <span class='ocrx_word' id='word_1_87' title='bbox 1330 1404 1443 1472; x_wconf 70' lang='lat' dir='ltr'>conus,</span> 
     </span>
     <span class='ocr_line' id='line_1_11' title="bbox 282 1487 1442 1578; baseline 0.004 -22"><span class='ocrx_word' id='word_1_88' title='bbox 282 1493 363 1574; x_wconf 88' lang='lat' dir='ltr'>quod</span> <span class='ocrx_word' id='word_1_89' title='bbox 378 1494 410 1555; x_wconf 91' lang='lat' dir='ltr'>in</span> <span class='ocrx_word' id='word_1_90' title='bbox 424 1494 539 1558; x_wconf 81' lang='lat' dir='ltr'>duobus</span> <span class='ocrx_word' id='word_1_91' title='bbox 554 1495 702 1559; x_wconf 81' lang='lat' dir='ltr'>codicibus</span> <span class='ocrx_word' id='word_1_92' title='bbox 717 1514 773 1578; x_wconf 86' lang='lat' dir='ltr'>pro</span> <span class='ocrx_word' id='word_1_93' title='bbox 788 1487 1070 1575; x_wconf 59' lang='lat' dir='ltr'>connumeretur,</span> <span class='ocrx_word' id='word_1_94' title='bbox 1086 1512 1147 1556; x_wconf 92' lang='lat' dir='ltr'>non</span> <span class='ocrx_word' id='word_1_95' title='bbox 1158 1504 1220 1558; x_wconf 82' lang='lat' dir='ltr'>eret</span> <span class='ocrx_word' id='word_1_96' title='bbox 1230 1497 1442 1576; x_wconf 82' lang='lat' dir='ltr'>spernendum.</span> 
     </span>
     <span class='ocr_line' id='line_1_12' title="bbox 281 1593 1443 1681; baseline 0.007 -24"><span class='ocrx_word' id='word_1_97' title='bbox 281 1594 474 1661; x_wconf 82' lang='lat' dir='ltr'>Persenatum</span> <span class='ocrx_word' id='word_1_98' title='bbox 492 1597 591 1661; x_wconf 88' lang='lat' dir='ltr'>locum</span> <span class='ocrx_word' id='word_1_99' title='bbox 610 1598 781 1662; x_wconf 77' lang='lat' dir='ltr'>habebimus</span> <span class='ocrx_word' id='word_1_100' title='bbox 801 1598 934 1679; x_wconf 82' lang='lat' dir='ltr'>negativo</span> <span class='ocrx_word' id='word_1_101' title='bbox 955 1596 1132 1679; x_wconf 88' lang='lat' dir='ltr'>pronomine</span> <span class='ocrx_word' id='word_1_102' title='bbox 1149 1593 1252 1681; x_wconf 78' lang='grc' dir='ltr'><strong><em>μηδὲν</em></strong></span> <span class='ocrx_word' id='word_1_103' title='bbox 1271 1599 1317 1662; x_wconf 84' lang='lat' dir='ltr'>vei</span> <span class='ocrx_word' id='word_1_104' title='bbox 1341 1599 1443 1680; x_wconf 79' lang='lat' dir='ltr'>potins</span> 
     </span>
    </p>

    <p class='ocr_par' dir='ltr' id='par_1_4' title="bbox 234 1693 1444 3418">
     <span class='ocr_line' id='line_1_13' title="bbox 234 1693 1442 1786; baseline 0.002 -25"><span class='ocrx_word' id='word_1_105' title='bbox 234 1709 267 1761; x_wconf 79' lang='lat'>14</span> <span class='ocrx_word' id='word_1_106' title='bbox 283 1693 410 1785; x_wconf 69' lang='lat' dir='ltr'>pq3b¹</span> <span class='ocrx_word' id='word_1_107' title='bbox 425 1702 452 1778; x_wconf 86' lang='lat'>¹)</span> <span class='ocrx_word' id='word_1_108' title='bbox 469 1708 536 1763; x_wconf 86' lang='lat' dir='ltr'>ente</span> <span class='ocrx_word' id='word_1_109' title='bbox 549 1701 672 1764; x_wconf 82' lang='lat' dir='ltr'>alterum</span> <span class='ocrx_word' id='word_1_110' title='bbox 685 1694 771 1786; x_wconf 73' lang='grc' dir='ltr'>μήδ’</span> <span class='ocrx_word' id='word_1_111' title='bbox 787 1703 911 1776; x_wconf 84' lang='lat' dir='ltr'>inserto,</span> <span class='ocrx_word' id='word_1_112' title='bbox 932 1699 1012 1781; x_wconf 87' lang='lat' dir='ltr'>qnod</span> <span class='ocrx_word' id='word_1_113' title='bbox 1031 1718 1118 1780; x_wconf 88' lang='lat' dir='ltr'>quam</span> <span class='ocrx_word' id='word_1_114' title='bbox 1135 1699 1216 1763; x_wconf 81' lang='lat' dir='ltr'>facile</span> <span class='ocrx_word' id='word_1_115' title='bbox 1235 1700 1366 1764; x_wconf 75' lang='lat' dir='ltr'>crudem</span> <span class='ocrx_word' id='word_1_116' title='bbox 1383 1721 1442 1785; x_wconf 90' lang='lat' dir='ltr'>pc·</span> 
     </span>
     <span class='ocr_line' id='line_1_14' title="bbox 281 1793 1444 1886; baseline 0.004 -22"><span class='ocrx_word' id='word_1_117' title='bbox 281 1802 370 1865; x_wconf 86' lang='lat' dir='ltr'>tuerit</span> <span class='ocrx_word' id='word_1_118' title='bbox 389 1812 522 1883; x_wconf 88' lang='lat' dir='ltr'>apertum</span> <span class='ocrx_word' id='word_1_119' title='bbox 545 1811 598 1865; x_wconf 87' lang='lat' dir='ltr'>est.</span> <span class='ocrx_word' id='word_1_120' title='bbox 632 1805 697 1866; x_wconf 91' lang='lat' dir='ltr'>Hoc</span> <span class='ocrx_word' id='word_1_121' title='bbox 715 1804 802 1884; x_wconf 82' lang='lat' dir='ltr'>igitur</span> <span class='ocrx_word' id='word_1_122' title='bbox 824 1804 949 1877; x_wconf 87' lang='lat' dir='ltr'>inserto,</span> <span class='ocrx_word' id='word_1_123' title='bbox 973 1811 1006 1865; x_wconf 91' lang='lat' dir='ltr'>ut</span> <span class='ocrx_word' id='word_1_124' title='bbox 1029 1803 1068 1864; x_wconf 89' lang='lat' dir='ltr'>sit</span> <span class='ocrx_word' id='word_1_125' title='bbox 1085 1793 1172 1886; x_wconf 74' lang='grc' dir='ltr'>μήδ’</span> <span class='ocrx_word' id='word_1_126' title='bbox 1192 1793 1278 1865; x_wconf 78' lang='grc' dir='ltr'><strong><em>ὥστε</em></strong></span> <span class='ocrx_word' id='word_1_127' title='bbox 1302 1799 1444 1869; x_wconf 70' lang='grc' dir='ltr'><strong><em>δεῖσθαι</em></strong></span> 
     </span>
     <span class='ocr_line' id='line_1_15' title="bbox 281 1896 1443 1991; baseline 0.002 -23"><span class='ocrx_word' id='word_1_128' title='bbox 281 1899 400 1991; x_wconf 72' lang='grc' dir='ltr'><strong><em>μηθέν,</em></strong></span> <span class='ocrx_word' id='word_1_129' title='bbox 421 1896 509 1990; x_wconf 69' lang='grc' dir='ltr'>μήθ’</span> <span class='ocrx_word' id='word_1_130' title='bbox 524 1896 569 1981; x_wconf 77' lang='grc' dir='ltr'>ὡς</span> <span class='ocrx_word' id='word_1_131' title='bbox 584 1897 731 1982; x_wconf 82' lang='grc' dir='ltr'><strong><em>ἀπόντος</em></strong></span> <span class='ocrx_word' id='word_1_132' title='bbox 746 1897 918 1969; x_wconf 73' lang='grc' dir='ltr'><strong><em>ἀδυνατεῖν</em></strong></span> <span class='ocrx_word' id='word_1_133' title='bbox 931 1897 1113 1990; x_wconf 80' lang='grc' dir='ltr'><strong><em>ἡσυχάζειν,</em></strong></span> <span class='ocrx_word' id='word_1_134' title='bbox 1133 1904 1278 1969; x_wconf 84' lang='lat' dir='ltr'>sententio</span> <span class='ocrx_word' id='word_1_135' title='bbox 1292 1905 1365 1971; x_wconf 88' lang='lat' dir='ltr'>bnec</span> <span class='ocrx_word' id='word_1_136' title='bbox 1381 1916 1443 1970; x_wconf 85' lang='lat' dir='ltr'>est:</span> 
     </span>
     <span class='ocr_line' id='line_1_16' title="bbox 281 2008 1444 2090; baseline 0.003 -21"><span class='ocrx_word' id='word_1_137' title='bbox 281 2018 414 2088; x_wconf 86' lang='lat' dir='ltr'>oportere</span> <span class='ocrx_word' id='word_1_138' title='bbox 433 2024 558 2070; x_wconf 82' lang='lat' dir='ltr'>onorem</span> <span class='ocrx_word' id='word_1_139' title='bbox 576 2027 628 2071; x_wconf 84' lang='grc' dir='ltr'><strong><em>νιιι</em></strong></span> <span class='ocrx_word' id='word_1_140' title='bbox 643 2009 733 2090; x_wconf 83' lang='lat' dir='ltr'>plane</span> <span class='ocrx_word' id='word_1_141' title='bbox 751 2027 812 2071; x_wconf 82' lang='grc' dir='ltr'><strong><em>αυνι</em></strong></span> <span class='ocrx_word' id='word_1_142' title='bbox 830 2011 981 2090; x_wconf 75' lang='lat' dir='ltr'>requirere</span> <span class='ocrx_word' id='word_1_143' title='bbox 999 2009 1152 2082; x_wconf 69' lang='lat' dir='ltr'>meritum,</span> <span class='ocrx_word' id='word_1_144' title='bbox 1170 2026 1262 2088; x_wconf 80' lang='lat' dir='ltr'>neque</span> <span class='ocrx_word' id='word_1_145' title='bbox 1281 2008 1444 2074; x_wconf 75' lang='grc' dir='ltr'><strong><em>ιιδιαιάαιιι</em></strong></span> 
     </span>
     <span class='ocr_line' id='line_1_17' title="bbox 280 2108 1443 2193; baseline 0.001 -20"><span class='ocrx_word' id='word_1_146' title='bbox 280 2112 343 2173; x_wconf 69' lang='lat' dir='ltr'>erus</span> <span class='ocrx_word' id='word_1_147' title='bbox 356 2127 512 2191; x_wconf 76' lang='lat' dir='ltr'>conpone</span> <span class='ocrx_word' id='word_1_148' title='bbox 526 2130 615 2193; x_wconf 80' lang='lat' dir='ltr'>eeqrto</span> <span class='ocrx_word' id='word_1_149' title='bbox 632 2114 730 2174; x_wconf 70' lang='grc' dir='ltr'>παίσω</span> <span class='ocrx_word' id='word_1_150' title='bbox 744 2114 835 2193; x_wconf 81' lang='lat' dir='ltr'>serre.</span> <span class='ocrx_word' id='word_1_151' title='bbox 864 2111 957 2189; x_wconf 77' lang='lat' dir='ltr'>Atque</span> <span class='ocrx_word' id='word_1_152' title='bbox 972 2108 1030 2170; x_wconf 90' lang='lat' dir='ltr'>boc</span> <span class='ocrx_word' id='word_1_153' title='bbox 1043 2108 1142 2189; x_wconf 92' lang='lat' dir='ltr'>ipsum</span> <span class='ocrx_word' id='word_1_154' title='bbox 1157 2108 1286 2172; x_wconf 84' lang='lat' dir='ltr'>voluisse</span> <span class='ocrx_word' id='word_1_155' title='bbox 1304 2108 1443 2191; x_wconf 88' lang='lat' dir='ltr'>pbiloso-</span> 
     </span>
     <span class='ocr_line' id='line_1_18' title="bbox 280 2201 1442 2294; baseline 0.002 -19"><span class='ocrx_word' id='word_1_156' title='bbox 280 2213 376 2293; x_wconf 88' lang='lat' dir='ltr'>pbum</span> <span class='ocrx_word' id='word_1_157' title='bbox 391 2212 524 2294; x_wconf 83' lang='lat' dir='ltr'>proxima</span> <span class='ocrx_word' id='word_1_158' title='bbox 539 2214 639 2276; x_wconf 90' lang='lat' dir='ltr'>statim</span> <span class='ocrx_word' id='word_1_159' title='bbox 650 2214 736 2276; x_wconf 88' lang='lat' dir='ltr'>verba</span> <span class='ocrx_word' id='word_1_160' title='bbox 747 2213 858 2294; x_wconf 87' lang='lat' dir='ltr'>liquido</span> <span class='ocrx_word' id='word_1_161' title='bbox 870 2213 1087 2274; x_wconf 75' lang='lat' dir='ltr'>demonstrent:</span> <span class='ocrx_word' id='word_1_162' title='bbox 1103 2201 1174 2274; x_wconf 74' lang='grc' dir='ltr'>ἀλλ’</span> <span class='ocrx_word' id='word_1_163' title='bbox 1189 2205 1293 2288; x_wconf 72' lang='grc' dir='ltr'><strong><em>οὕτως</em></strong></span> <span class='ocrx_word' id='word_1_164' title='bbox 1303 2205 1442 2293; x_wconf 78' lang='grc' dir='ltr'><strong><em>ἐθίζειν,</em></strong></span> 
     </span>
     <span class='ocr_line' id='line_1_19' title="bbox 282 2305 1443 2399; baseline 0.005 -23"><span class='ocrx_word' id='word_1_165' title='bbox 282 2308 366 2377; x_wconf 80' lang='grc' dir='ltr'><strong><em>ὥστε</em></strong></span> <span class='ocrx_word' id='word_1_166' title='bbox 381 2305 501 2389; x_wconf 74' lang='grc' dir='ltr'><strong><em>ἱκανῶς</em></strong></span> <span class='ocrx_word' id='word_1_167' title='bbox 516 2306 603 2393; x_wconf 78' lang='grc' dir='ltr'><strong><em>ἔχειν</em></strong></span> <span class='ocrx_word' id='word_1_168' title='bbox 617 2310 676 2377; x_wconf 81' lang='grc' dir='ltr'>καὶ</span> <span class='ocrx_word' id='word_1_169' title='bbox 691 2310 854 2399; x_wconf 84' lang='grc' dir='ltr'><strong><em>παρόντος</em></strong></span> <span class='ocrx_word' id='word_1_170' title='bbox 867 2309 925 2376; x_wconf 82' lang='grc' dir='ltr'>καὶ</span> <span class='ocrx_word' id='word_1_171' title='bbox 938 2308 984 2397; x_wconf 75' lang='grc' dir='ltr'>μή</span> <span class='ocrx_word' id='word_1_172' title='bbox 999 2307 1174 2398; x_wconf 84' lang='grc' dir='ltr'><strong><em>παρόντος.</em></strong></span> <span class='ocrx_word' id='word_1_173' title='bbox 1208 2313 1250 2377; x_wconf 84' lang='lat' dir='ltr'>De</span> <span class='ocrx_word' id='word_1_174' title='bbox 1266 2315 1443 2396; x_wconf 68' lang='lat' dir='ltr'>loquutione</span> 
     </span>
     <span class='ocr_line' id='line_1_20' title="bbox 281 2410 1441 2501; baseline 0.003 -22"><span class='ocrx_word' id='word_1_175' title='bbox 281 2410 382 2501; x_wconf 76' lang='grc' dir='ltr'><strong><em>μηδὲν</em></strong></span> <span class='ocrx_word' id='word_1_176' title='bbox 398 2413 547 2495; x_wconf 79' lang='grc' dir='ltr'><strong><em>δεῖσθαι,</em></strong></span> <span class='ocrx_word' id='word_1_177' title='bbox 565 2435 626 2479; x_wconf 78' lang='lat' dir='ltr'>reor</span> <span class='ocrx_word' id='word_1_178' title='bbox 639 2421 798 2498; x_wconf 82' lang='lat' dir='ltr'>requirere,</span> <span class='ocrx_word' id='word_1_179' title='bbox 818 2436 879 2479; x_wconf 84' lang='lat' dir='ltr'>nore</span> <span class='ocrx_word' id='word_1_180' title='bbox 894 2418 1059 2479; x_wconf 73' lang='grc' dir='ltr'><strong><em>διαδαανι</em></strong></span> <span class='ocrx_word' id='word_1_181' title='bbox 1077 2416 1135 2479; x_wconf 84' lang='lat' dir='ltr'>rid.</span> <span class='ocrx_word' id='word_1_182' title='bbox 1155 2435 1229 2496; x_wconf 83' lang='lat' dir='ltr'>quoe</span> <span class='ocrx_word' id='word_1_183' title='bbox 1248 2420 1383 2499; x_wconf 76' lang='lat' dir='ltr'>congessi</span> <span class='ocrx_word' id='word_1_184' title='bbox 1401 2421 1441 2484; x_wconf 83' lang='grc' dir='ltr'><strong><em>εδ</em></strong></span> 
     </span>
     <span class='ocr_line' id='line_1_21' title="bbox 280 2510 1441 2599; baseline 0.005 -18"><span class='ocrx_word' id='word_1_185' title='bbox 280 2518 427 2582; x_wconf 88' lang='lat' dir='ltr'>Plutarch.</span> <span class='ocrx_word' id='word_1_186' title='bbox 446 2521 498 2598; x_wconf 79' lang='lat' dir='ltr'>Ag.</span> <span class='ocrx_word' id='word_1_187' title='bbox 519 2538 544 2582; x_wconf 90' lang='lat' dir='ltr'>c.</span> <span class='ocrx_word' id='word_1_188' title='bbox 565 2522 586 2580; x_wconf 88' lang='grc'>4</span> <span class='ocrx_word' id='word_1_189' title='bbox 606 2528 677 2582; x_wconf 83' lang='lat' dir='ltr'>extr.</span> <span class='ocrx_word' id='word_1_190' title='bbox 712 2520 771 2582; x_wconf 89' lang='lat' dir='ltr'>Pro</span> <span class='ocrx_word' id='word_1_191' title='bbox 791 2512 836 2595; x_wconf 81' lang='grc' dir='ltr'>ὠς</span> <span class='ocrx_word' id='word_1_192' title='bbox 860 2510 1007 2595; x_wconf 85' lang='grc' dir='ltr'><strong><em>ἀπόντος</em></strong></span> <span class='ocrx_word' id='word_1_193' title='bbox 1030 2526 1147 2599; x_wconf 84' lang='lat' dir='ltr'>poteret</span> <span class='ocrx_word' id='word_1_194' title='bbox 1169 2536 1240 2582; x_wconf 87' lang='lat' dir='ltr'>sene</span> <span class='ocrx_word' id='word_1_195' title='bbox 1265 2520 1441 2587; x_wconf 79' lang='lat' dir='ltr'>concinnius</span> 
     </span>
     <span class='ocr_line' id='line_1_22' title="bbox 281 2613 1443 2703; baseline 0.004 -20"><span class='ocrx_word' id='word_1_196' title='bbox 281 2621 372 2685; x_wconf 89' lang='lat' dir='ltr'>scribi</span> <span class='ocrx_word' id='word_1_197' title='bbox 390 2613 470 2687; x_wconf 72' lang='grc' dir='ltr'>ὥστ’</span> <span class='ocrx_word' id='word_1_198' title='bbox 492 2613 648 2699; x_wconf 83' lang='grc' dir='ltr'><strong><em>ἀπόντος,</em></strong></span> <span class='ocrx_word' id='word_1_199' title='bbox 669 2631 699 2684; x_wconf 90' lang='lat' dir='ltr'>et</span> <span class='ocrx_word' id='word_1_200' title='bbox 718 2624 795 2685; x_wconf 86' lang='lat' dir='ltr'>soret</span> <span class='ocrx_word' id='word_1_201' title='bbox 812 2622 870 2684; x_wconf 91' lang='lat' dir='ltr'>boc</span> <span class='ocrx_word' id='word_1_202' title='bbox 887 2622 989 2703; x_wconf 86' lang='lat' dir='ltr'>utique</span> <span class='ocrx_word' id='word_1_203' title='bbox 1008 2623 1229 2703; x_wconf 80' lang='lat' dir='ltr'>reponendum,</span> <span class='ocrx_word' id='word_1_204' title='bbox 1249 2622 1325 2687; x_wconf 90' lang='lat' dir='ltr'>siin</span> <span class='ocrx_word' id='word_1_205' title='bbox 1345 2633 1443 2689; x_wconf 60' lang='lat' dir='ltr'>ruere</span> 
     </span>
     <span class='ocr_line' id='line_1_23' title="bbox 280 2716 1442 2806; baseline 0.003 -18"><span class='ocrx_word' id='word_1_206' title='bbox 280 2724 424 2806; x_wconf 78' lang='lat' dir='ltr'>scriptore</span> <span class='ocrx_word' id='word_1_207' title='bbox 433 2725 530 2788; x_wconf 77' lang='lat' dir='ltr'>Attico</span> <span class='ocrx_word' id='word_1_208' title='bbox 546 2743 737 2799; x_wconf 79' lang='lat' dir='ltr'>versaremur,</span> <span class='ocrx_word' id='word_1_209' title='bbox 755 2742 912 2805; x_wconf 83' lang='lat' dir='ltr'>equorum</span> <span class='ocrx_word' id='word_1_210' title='bbox 929 2724 1141 2787; x_wconf 89' lang='lat' dir='ltr'>consuetudine</span> <span class='ocrx_word' id='word_1_211' title='bbox 1158 2716 1204 2799; x_wconf 78' lang='grc' dir='ltr'>ὦς</span> <span class='ocrx_word' id='word_1_212' title='bbox 1222 2742 1278 2806; x_wconf 91' lang='lat' dir='ltr'>pro</span> <span class='ocrx_word' id='word_1_213' title='bbox 1294 2717 1380 2791; x_wconf 75' lang='lat' dir='ltr'>ciere</span> <span class='ocrx_word' id='word_1_214' title='bbox 1391 2727 1442 2790; x_wconf 84' lang='lat' dir='ltr'>ui·</span> 
     </span>
     <span class='ocr_line' id='line_1_24' title="bbox 280 2827 1442 2908; baseline 0.004 -18"><span class='ocrx_word' id='word_1_215' title='bbox 280 2837 360 2890; x_wconf 91' lang='lat' dir='ltr'>ctum</span> <span class='ocrx_word' id='word_1_216' title='bbox 375 2828 532 2891; x_wconf 87' lang='lat' dir='ltr'>abhorrere</span> <span class='ocrx_word' id='word_1_217' title='bbox 547 2827 660 2889; x_wconf 86' lang='lat' dir='ltr'>videtur</span> <span class='ocrx_word' id='word_1_218' title='bbox 675 2828 722 2907; x_wconf 82' lang='lat' dir='ltr'>(ci.</span> <span class='ocrx_word' id='word_1_219' title='bbox 730 2827 839 2908; x_wconf 87' lang='lat' dir='ltr'>Senpp.</span> <span class='ocrx_word' id='word_1_220' title='bbox 855 2828 891 2890; x_wconf 87' lang='lat' dir='ltr'>ad</span> <span class='ocrx_word' id='word_1_221' title='bbox 905 2827 1029 2908; x_wconf 74' lang='lat' dir='ltr'>Lycnrg.</span> <span class='ocrx_word' id='word_1_222' title='bbox 1044 2827 1161 2907; x_wconf 80' lang='lat' dir='ltr'>p.94.);</span> <span class='ocrx_word' id='word_1_223' title='bbox 1176 2845 1257 2890; x_wconf 91' lang='lat' dir='ltr'>nnnc</span> <span class='ocrx_word' id='word_1_224' title='bbox 1270 2836 1368 2892; x_wconf 87' lang='lat' dir='ltr'>entem</span> <span class='ocrx_word' id='word_1_225' title='bbox 1381 2848 1442 2895; x_wconf 90' lang='lat' dir='ltr'>ne-</span> 
     </span>
     <span class='ocr_line' id='line_1_25' title="bbox 280 2930 1443 3011; baseline 0.004 -18"><span class='ocrx_word' id='word_1_226' title='bbox 280 2949 338 3011; x_wconf 92' lang='lat' dir='ltr'>que</span> <span class='ocrx_word' id='word_1_227' title='bbox 351 2930 400 2994; x_wconf 90' lang='lat' dir='ltr'>hic</span> <span class='ocrx_word' id='word_1_228' title='bbox 414 2949 486 2993; x_wconf 88' lang='lat' dir='ltr'>usus</span> <span class='ocrx_word' id='word_1_229' title='bbox 501 2930 657 3010; x_wconf 86' lang='lat' dir='ltr'>perticutsc</span> <span class='ocrx_word' id='word_1_230' title='bbox 676 2930 825 2992; x_wconf 84' lang='lat' dir='ltr'>offendere</span> <span class='ocrx_word' id='word_1_231' title='bbox 843 2937 950 3009; x_wconf 80' lang='lat' dir='ltr'>potest,</span> <span class='ocrx_word' id='word_1_232' title='bbox 970 2930 1054 2992; x_wconf 89' lang='lat' dir='ltr'>cuius</span> <span class='ocrx_word' id='word_1_233' title='bbox 1073 2930 1160 2993; x_wconf 86' lang='lat' dir='ltr'>etiem</span> <span class='ocrx_word' id='word_1_234' title='bbox 1179 2930 1233 2993; x_wconf 85' lang='lat' dir='ltr'>alie</span> <span class='ocrx_word' id='word_1_235' title='bbox 1252 2931 1311 2994; x_wconf 84' lang='lat' dir='ltr'>duo</span> <span class='ocrx_word' id='word_1_236' title='bbox 1331 2932 1364 2995; x_wconf 91' lang='lat' dir='ltr'>in</span> <span class='ocrx_word' id='word_1_237' title='bbox 1381 2934 1443 2999; x_wconf 90' lang='lat' dir='ltr'>boc</span> 
     </span>
     <span class='ocr_line' id='line_1_26' title="bbox 278 3031 1441 3113; baseline 0.004 -18"><span class='ocrx_word' id='word_1_238' title='bbox 278 3032 376 3095; x_wconf 92' lang='lat' dir='ltr'>libello</span> <span class='ocrx_word' id='word_1_239' title='bbox 396 3031 526 3113; x_wconf 81' lang='lat' dir='ltr'>exempla</span> <span class='ocrx_word' id='word_1_240' title='bbox 546 3039 657 3105; x_wconf 80' lang='lat' dir='ltr'>extent,</span> <span class='ocrx_word' id='word_1_241' title='bbox 680 3051 710 3113; x_wconf 91' lang='lat' dir='ltr'>p.</span> <span class='ocrx_word' id='word_1_242' title='bbox 730 3032 759 3108; x_wconf 85' lang='lat'>7,</span> <span class='ocrx_word' id='word_1_243' title='bbox 780 3031 799 3094; x_wconf 86' lang='grc'>8</span> <span class='ocrx_word' id='word_1_244' title='bbox 820 3039 897 3111; x_wconf 89' lang='lat' dir='ltr'>etp.</span> <span class='ocrx_word' id='word_1_245' title='bbox 919 3032 949 3106; x_wconf 84' lang='lat'>9,</span> <span class='ocrx_word' id='word_1_246' title='bbox 976 3032 1024 3106; x_wconf 84' lang='lat'>13,</span> <span class='ocrx_word' id='word_1_247' title='bbox 1044 3042 1075 3095; x_wconf 88' lang='lat' dir='ltr'>et</span> <span class='ocrx_word' id='word_1_248' title='bbox 1093 3031 1319 3096; x_wconf 73' lang='lat' dir='ltr'>concinnitatem</span> <span class='ocrx_word' id='word_1_249' title='bbox 1339 3035 1371 3097; x_wconf 91' lang='lat' dir='ltr'>in</span> <span class='ocrx_word' id='word_1_250' title='bbox 1389 3037 1441 3101; x_wconf 83' lang='lat' dir='ltr'>toli</span> 
     </span>
     <span class='ocr_line' id='line_1_27' title="bbox 279 3132 1442 3216; baseline 0 -19"><span class='ocrx_word' id='word_1_251' title='bbox 279 3134 371 3216; x_wconf 86' lang='lat' dir='ltr'>quoiis</span> <span class='ocrx_word' id='word_1_252' title='bbox 386 3135 459 3197; x_wconf 83' lang='lat' dir='ltr'>baec</span> <span class='ocrx_word' id='word_1_253' title='bbox 472 3142 517 3196; x_wconf 88' lang='lat' dir='ltr'>est</span> <span class='ocrx_word' id='word_1_254' title='bbox 532 3132 739 3216; x_wconf 81' lang='lat' dir='ltr'>scriptiuncula</span> <span class='ocrx_word' id='word_1_255' title='bbox 755 3132 916 3213; x_wconf 75' lang='lat' dir='ltr'>neglectam</span> <span class='ocrx_word' id='word_1_256' title='bbox 933 3151 999 3196; x_wconf 84' lang='lat' dir='ltr'>cese</span> <span class='ocrx_word' id='word_1_257' title='bbox 1014 3150 1076 3197; x_wconf 93' lang='lat' dir='ltr'>non</span> <span class='ocrx_word' id='word_1_258' title='bbox 1092 3133 1276 3197; x_wconf 81' lang='lat' dir='ltr'>mirabimur.</span> <span class='ocrx_word' id='word_1_259' title='bbox 1290 3170 1335 3182; x_wconf 89' lang='lat'>-</span> <span class='ocrx_word' id='word_1_260' title='bbox 1356 3137 1442 3212; x_wconf 73' lang='lat' dir='ltr'>Quae</span> 
     </span>
     <span class='ocr_line' id='line_1_28' title="bbox 279 3234 1442 3318; baseline 0.004 -17"><span class='ocrx_word' id='word_1_261' title='bbox 279 3237 418 3317; x_wconf 89' lang='lat' dir='ltr'>deinceps</span> <span class='ocrx_word' id='word_1_262' title='bbox 442 3237 590 3300; x_wconf 80' lang='lat' dir='ltr'>adduntur</span> <span class='ocrx_word' id='word_1_263' title='bbox 613 3236 649 3298; x_wconf 88' lang='lat' dir='ltr'>de</span> <span class='ocrx_word' id='word_1_264' title='bbox 674 3245 784 3297; x_wconf 80' lang='lat' dir='ltr'>cmctu</span> <span class='ocrx_word' id='word_1_265' title='bbox 807 3234 964 3297; x_wconf 78' lang='lat' dir='ltr'>mulierum</span> <span class='ocrx_word' id='word_1_266' title='bbox 982 3253 1086 3298; x_wconf 86' lang='lat' dir='ltr'>rursus</span> <span class='ocrx_word' id='word_1_267' title='bbox 1106 3235 1334 3318; x_wconf 83' lang='lat' dir='ltr'>eXenophonte</span> <span class='ocrx_word' id='word_1_268' title='bbox 1352 3240 1442 3307; x_wconf 70' lang='lat' dir='ltr'>duee</span> 
     </span>
     <span class='ocr_line' id='line_1_29' title="bbox 278 3339 735 3418; baseline -0.007 -17"><span class='ocrx_word' id='word_1_269' title='bbox 278 3339 424 3417; x_wconf 80' lang='lat' dir='ltr'>ridentur,</span> <span class='ocrx_word' id='word_1_270' title='bbox 439 3339 549 3403; x_wconf 86' lang='lat' dir='ltr'>Oecon.</span> <span class='ocrx_word' id='word_1_271' title='bbox 568 3340 617 3413; x_wconf 86' lang='grc'><strong><em>10,</em></strong></span> <span class='ocrx_word' id='word_1_272' title='bbox 636 3340 650 3400; x_wconf 92' lang='grc'><strong><em>1</em></strong></span> <span class='ocrx_word' id='word_1_273' title='bbox 668 3355 735 3418; x_wconf 92' lang='lat' dir='ltr'>sqq.</span> 
     </span>
    </p>

    <p class='ocr_par' dir='ltr' id='par_1_5' title="bbox 276 3434 1442 4247">
     <span class='ocr_line' id='line_1_30' title="bbox 363 3434 1441 3525; baseline 0.005 -19"><span class='ocrx_word' id='word_1_274' title='bbox 363 3442 438 3506; x_wconf 86' lang='lat' dir='ltr'>Hinc</span> <span class='ocrx_word' id='word_1_275' title='bbox 447 3442 543 3524; x_wconf 80' lang='lat' dir='ltr'>pergit</span> <span class='ocrx_word' id='word_1_276' title='bbox 552 3442 589 3505; x_wconf 88' lang='lat' dir='ltr'>ad</span> <span class='ocrx_word' id='word_1_277' title='bbox 601 3434 774 3525; x_wconf 79' lang='grc' dir='ltr'><strong><em>κτημάτων</em></strong></span> <span class='ocrx_word' id='word_1_278' title='bbox 785 3458 893 3517; x_wconf 89' lang='lat' dir='ltr'>curem,</span> <span class='ocrx_word' id='word_1_279' title='bbox 905 3460 1033 3523; x_wconf 87' lang='lat' dir='ltr'>quorum</span> <span class='ocrx_word' id='word_1_280' title='bbox 1044 3459 1136 3523; x_wconf 89' lang='lat' dir='ltr'>quum</span> <span class='ocrx_word' id='word_1_281' title='bbox 1147 3443 1399 3524; x_wconf 75' lang='lat' dir='ltr'>praesentissima</span> <span class='ocrx_word' id='word_1_282' title='bbox 1408 3457 1441 3511; x_wconf 89' lang='lat' dir='ltr'>ct</span> 
     </span>
     <span class='ocr_line' id='line_1_31' title="bbox 278 3543 1442 3625; baseline 0.004 -18"><span class='ocrx_word' id='word_1_283' title='bbox 278 3544 404 3607; x_wconf 85' lang='lat' dir='ltr'>maxime</span> <span class='ocrx_word' id='word_1_284' title='bbox 418 3544 581 3608; x_wconf 77' lang='lat' dir='ltr'>necessaria</span> <span class='ocrx_word' id='word_1_285' title='bbox 596 3562 665 3625; x_wconf 87' lang='lat' dir='ltr'>pers</span> <span class='ocrx_word' id='word_1_286' title='bbox 679 3543 825 3620; x_wconf 86' lang='lat' dir='ltr'>homines,</span> <span class='ocrx_word' id='word_1_287' title='bbox 839 3544 857 3606; x_wconf 96' lang='lat' dir='ltr'>i.</span> <span class='ocrx_word' id='word_1_288' title='bbox 873 3563 898 3607; x_wconf 89' lang='lat' dir='ltr'>e.</span> <span class='ocrx_word' id='word_1_289' title='bbox 913 3545 987 3607; x_wconf 85' lang='lat' dir='ltr'>servi</span> <span class='ocrx_word' id='word_1_290' title='bbox 1003 3545 1070 3620; x_wconf 82' lang='lat' dir='ltr'>sint,</span> <span class='ocrx_word' id='word_1_291' title='bbox 1092 3544 1129 3608; x_wconf 85' lang='grc' dir='ltr'><strong><em>δε</em></strong></span> <span class='ocrx_word' id='word_1_292' title='bbox 1142 3546 1252 3608; x_wconf 87' lang='lat' dir='ltr'>borum</span> <span class='ocrx_word' id='word_1_293' title='bbox 1266 3548 1442 3613; x_wconf 76' lang='lat' dir='ltr'>naconem</span> 
     </span>
     <span class='ocr_line' id='line_1_32' title="bbox 277 3641 1441 3731; baseline 0.004 -21"><span class='ocrx_word' id='word_1_294' title='bbox 277 3647 443 3728; x_wconf 80' lang='lat' dir='ltr'>diligentius</span> <span class='ocrx_word' id='word_1_295' title='bbox 457 3647 607 3729; x_wconf 85' lang='lat' dir='ltr'>praecipit</span> <span class='ocrx_word' id='word_1_296' title='bbox 636 3647 712 3709; x_wconf 83' lang='lat' dir='ltr'>Esse</span> <span class='ocrx_word' id='word_1_297' title='bbox 722 3646 830 3709; x_wconf 91' lang='lat' dir='ltr'>borum</span> <span class='ocrx_word' id='word_1_298' title='bbox 841 3648 901 3711; x_wconf 84' lang='lat' dir='ltr'>duo</span> <span class='ocrx_word' id='word_1_299' title='bbox 914 3665 1030 3727; x_wconf 81' lang='lat' dir='ltr'>genere,</span> <span class='ocrx_word' id='word_1_300' title='bbox 1044 3646 1156 3710; x_wconf 81' lang='lat' dir='ltr'>villicos</span> <span class='ocrx_word' id='word_1_301' title='bbox 1168 3641 1396 3731; x_wconf 74' lang='grc' dir='ltr'><strong><em>(ἐπιτρόπους)</em></strong></span> <span class='ocrx_word' id='word_1_302' title='bbox 1408 3660 1441 3715; x_wconf 86' lang='lat' dir='ltr'>et</span> 
     </span>
     <span class='ocr_line' id='line_1_33' title="bbox 278 3744 1440 3834; baseline 0.001 -20"><span class='ocrx_word' id='word_1_303' title='bbox 278 3751 430 3832; x_wconf 88' lang='lat' dir='ltr'>operarios</span> <span class='ocrx_word' id='word_1_304' title='bbox 441 3744 618 3834; x_wconf 78' lang='grc' dir='ltr'>(ἐργάτας);</span> <span class='ocrx_word' id='word_1_305' title='bbox 633 3749 708 3825; x_wconf 84' lang='lat' dir='ltr'>iilos,</span> <span class='ocrx_word' id='word_1_306' title='bbox 723 3768 850 3830; x_wconf 89' lang='lat' dir='ltr'>quorum</span> <span class='ocrx_word' id='word_1_307' title='bbox 861 3749 1120 3831; x_wconf 84' lang='lat' dir='ltr'>operaliberebors</span> <span class='ocrx_word' id='word_1_308' title='bbox 1129 3750 1198 3823; x_wconf 81' lang='lat' dir='ltr'>sint,</span> <span class='ocrx_word' id='word_1_309' title='bbox 1214 3751 1313 3815; x_wconf 76' lang='lat' dir='ltr'>stetim</span> <span class='ocrx_word' id='word_1_310' title='bbox 1326 3770 1440 3834; x_wconf 86' lang='lat' dir='ltr'>pueru-</span> 
     </span>
     <span class='ocr_line' id='line_1_34' title="bbox 276 3852 1441 3935; baseline 0.003 -20"><span class='ocrx_word' id='word_1_311' title='bbox 276 3853 322 3916; x_wconf 89' lang='lat' dir='ltr'>los</span> <span class='ocrx_word' id='word_1_312' title='bbox 333 3863 401 3935; x_wconf 85' lang='lat' dir='ltr'>epta</span> <span class='ocrx_word' id='word_1_313' title='bbox 413 3852 564 3935; x_wconf 83' lang='lat' dir='ltr'>disciplina</span> <span class='ocrx_word' id='word_1_314' title='bbox 578 3852 613 3914; x_wconf 83' lang='lat' dir='ltr'>ab</span> <span class='ocrx_word' id='word_1_315' title='bbox 627 3853 700 3915; x_wconf 90' lang='lat' dir='ltr'>bero</span> <span class='ocrx_word' id='word_1_316' title='bbox 716 3852 912 3915; x_wconf 88' lang='lat' dir='ltr'>instituendos</span> <span class='ocrx_word' id='word_1_317' title='bbox 922 3872 1001 3915; x_wconf 91' lang='lat' dir='ltr'>esse:</span> <span class='ocrx_word' id='word_1_318' title='bbox 1015 3852 1046 3914; x_wconf 87' lang='lat' dir='ltr'>in</span> <span class='ocrx_word' id='word_1_319' title='bbox 1062 3871 1121 3933; x_wconf 91' lang='lat' dir='ltr'>qno</span> <span class='ocrx_word' id='word_1_320' title='bbox 1134 3853 1281 3917; x_wconf 87' lang='lat' dir='ltr'>consentit</span> <span class='ocrx_word' id='word_1_321' title='bbox 1295 3873 1364 3919; x_wconf 89' lang='lat' dir='ltr'>cnm</span> <span class='ocrx_word' id='word_1_322' title='bbox 1377 3855 1441 3919; x_wconf 84' lang='lat' dir='ltr'>Xe·</span> 
     </span>
     <span class='ocr_line' id='line_1_35' title="bbox 277 3954 1441 4037; baseline 0.002 -17"><span class='ocrx_word' id='word_1_323' title='bbox 277 3956 444 4037; x_wconf 89' lang='lat' dir='ltr'>ncpbontc‚</span> <span class='ocrx_word' id='word_1_324' title='bbox 469 3956 546 4037; x_wconf 84' lang='lat' dir='ltr'>apud</span> <span class='ocrx_word' id='word_1_325' title='bbox 567 3973 655 4036; x_wconf 88' lang='lat' dir='ltr'>quem</span> <span class='ocrx_word' id='word_1_326' title='bbox 675 3954 785 4018; x_wconf 87' lang='lat' dir='ltr'>Oecon.</span> <span class='ocrx_word' id='word_1_327' title='bbox 809 3955 856 4027; x_wconf 81' lang='lat'>12,</span> <span class='ocrx_word' id='word_1_328' title='bbox 876 3957 905 4018; x_wconf 83' lang='lat'>3.</span> <span class='ocrx_word' id='word_1_329' title='bbox 927 3956 946 4016; x_wconf 84' lang='lat'>4</span> <span class='ocrx_word' id='word_1_330' title='bbox 970 3955 1181 4020; x_wconf 87' lang='lat' dir='ltr'>lscbomacbns</span> <span class='ocrx_word' id='word_1_331' title='bbox 1204 3957 1441 4037; x_wconf 70' lang='lat' dir='ltr'>interrogatusu</span> 
     </span>
     <span class='ocr_line' id='line_1_36' title="bbox 278 4047 1440 4147; baseline 0 -24"><span class='ocrx_word' id='word_1_332' title='bbox 278 4062 406 4133; x_wconf 82' lang='lat' dir='ltr'>Socrate,</span> <span class='ocrx_word' id='word_1_333' title='bbox 420 4052 570 4145; x_wconf 84' lang='grc' dir='ltr'><strong><em>πότερον,</em></strong></span> <span class='ocrx_word' id='word_1_334' title='bbox 591 4050 672 4119; x_wconf 81' lang='grc' dir='ltr'><strong><em>ὅταν</em></strong></span> <span class='ocrx_word' id='word_1_335' title='bbox 686 4054 812 4142; x_wconf 72' lang='grc' dir='ltr'><strong><em>δεηθῇς</em></strong></span> <span class='ocrx_word' id='word_1_336' title='bbox 826 4051 1023 4140; x_wconf 77' lang='grc' dir='ltr'><strong><em>ἐπιτρόπου,</em></strong></span> <span class='ocrx_word' id='word_1_337' title='bbox 1043 4053 1249 4139; x_wconf 73' lang='grc' dir='ltr'><strong><em>καταμαθών</em></strong></span> <span class='ocrx_word' id='word_1_338' title='bbox 1262 4053 1321 4123; x_wconf 78' lang='grc' dir='ltr'><strong><em>ἐάν</em></strong></span> <span class='ocrx_word' id='word_1_339' title='bbox 1333 4078 1403 4123; x_wconf 86' lang='grc' dir='ltr'>που</span> <span class='ocrx_word' id='word_1_340' title='bbox 1417 4047 1440 4147; x_wconf 80' lang='grc' dir='ltr'><em>ᾗ</em></span> 
     </span>
     <span class='ocr_line' id='line_1_37' title="bbox 276 4148 1441 4247; baseline -0.002 -21"><span class='ocrx_word' id='word_1_341' title='bbox 276 4157 499 4247; x_wconf 79' lang='grc' dir='ltr'><strong><em>δπιτρυπικός</em></strong></span> <span class='ocrx_word' id='word_1_342' title='bbox 513 4150 602 4244; x_wconf 67' lang='grc' dir='ltr'><strong><em>ἀνήρ,</em></strong></span> <span class='ocrx_word' id='word_1_343' title='bbox 623 4155 738 4221; x_wconf 83' lang='grc' dir='ltr'><strong><em>τοῦτον</em></strong></span> <span class='ocrx_word' id='word_1_344' title='bbox 753 4156 855 4244; x_wconf 72' lang='grc' dir='ltr'><strong><em>πειρᾷ</em></strong></span> <span class='ocrx_word' id='word_1_345' title='bbox 869 4150 1032 4223; x_wconf 75' lang='grc' dir='ltr'><strong><em>ἀνεῖσθαι</em></strong></span> <span class='ocrx_word' id='word_1_346' title='bbox 1047 4195 1088 4206; x_wconf 94' lang='lat'><em>-</em></span> <span class='ocrx_word' id='word_1_347' title='bbox 1104 4148 1126 4244; x_wconf 73' lang='grc' dir='ltr'>ἢ</span> <span class='ocrx_word' id='word_1_348' title='bbox 1145 4151 1244 4236; x_wconf 82' lang='grc' dir='ltr'><strong><em>αάτδς</em></strong></span> <span class='ocrx_word' id='word_1_349' title='bbox 1261 4155 1441 4239; x_wconf 84' lang='grc' dir='ltr'><strong><em>παιδεύεις</em></strong></span> 
     </span>
    </p>
   </div>
   <div class='ocr_carea' id='block_1_3' title="bbox 276 4319 332 4327">
    <p class='ocr_par' dir='ltr' id='par_1_6' title="bbox 276 4319 332 4327">
     <span class='ocr_line' id='line_1_38' title="bbox 276 4319 332 4327; baseline 0 0"><span class='ocrx_word' id='word_1_350' title='bbox 276 4319 332 4327; x_wconf 59' lang='grc' dir='ltr'>ιιι-η</span> 
     </span>
    </p>
   </div>
   <div class='ocr_carea' id='block_1_4' title="bbox 345 4380 836 4453">
    <p class='ocr_par' dir='ltr' id='par_1_7' title="bbox 345 4380 836 4453">
     <span class='ocr_line' id='line_1_39' title="bbox 345 4380 836 4453; baseline 0.006 -20"><span class='ocrx_word' id='word_1_351' title='bbox 345 4382 385 4445; x_wconf 85' lang='lat' dir='ltr'>ll)</span> <span class='ocrx_word' id='word_1_352' title='bbox 403 4381 460 4434; x_wconf 79' lang='lat' dir='ltr'>vie.</span> <span class='ocrx_word' id='word_1_353' title='bbox 472 4380 581 4434; x_wconf 80' lang='lat' dir='ltr'>Lobeck.</span> <span class='ocrx_word' id='word_1_354' title='bbox 591 4381 622 4432; x_wconf 83' lang='grc' dir='ltr'><strong><em>εδ</em></strong></span> <span class='ocrx_word' id='word_1_355' title='bbox 634 4383 726 4453; x_wconf 76' lang='lat' dir='ltr'>Pbryn.</span> <span class='ocrx_word' id='word_1_356' title='bbox 740 4400 764 4453; x_wconf 93' lang='lat' dir='ltr'>p.</span> <span class='ocrx_word' id='word_1_357' title='bbox 779 4384 836 4436; x_wconf 83' lang='grc'><strong><em>182.</em></strong></span> 
     </span>
    </p>
   </div>
   <div class='ocr_carea' id='block_1_5' title="bbox 0 0 1594 5136">
    <p class='ocr_par' dir='ltr' id='par_1_8' title="bbox 0 0 1594 5136">
     <span class='ocr_line' id='line_1_40' title="bbox 0 0 1594 5136; baseline 0 1"><span class='ocrx_word' id='word_1_358' title='bbox 0 0 1594 5136; x_wconf 95' lang='lat' dir='ltr'> </span> 
     </span>
    </p>
   </div>
  </div>
 </body>
</html>
