3178 5136
637 472 696 536 195

111 656 224 732 χισθαι
266 656 367 719 Veram
394 659 540 721 rationem
566 665 681 738 praeter
705 658 808 740 Lysiae
832 657 930 721 locum
960 659 1017 720 iarn
1043 678 1059 721 a
1087 658 1242 723 bladiniaco

112 767 240 836 mammet
254 777 284 839 p.
300 759 363 821 634
378 769 641 825 commemoratum
657 760 790 842 aperient
804 761 863 823 duo
878 761 939 835 alii,
961 761 1034 825 alter
1048 763 1198 836 isocratis,
1213 763 1243 824 iu

112 877 168 939 quo,
180 860 283 941 pariter
301 868 336 923 ut
354 862 432 942 apud
446 861 574 943 Lysiam,
593 862 679 943 plena
699 871 746 925 est
764 864 908 944 loquutio,
928 866 965 927 de
984 873 1139 945 permutat.
1156 886 1184 946 p.
1202 867 1241 926 75

111 961 178 1023 tirell
193 958 289 1045 μέρος
308 983 345 1025 τι
367 961 629 1050 συμβεβλημένας
648 962 708 1029 τοῦ
728 962 775 1051 μή
797 962 882 1028 κατὰ
902 960 1026 1051 τρόπον
1048 962 1241 1051 μασθῆναι

110 1057 172 1147 περὶ
189 1055 304 1142 αίτῶν,
330 1066 403 1131 alter
421 1067 597 1143 Aristotelis,
622 1070 652 1131 in
675 1088 747 1150 quo,
766 1069 842 1133 sicut
860 1069 937 1150 apud
951 1070 1135 1149 Euripidem,
1150 1072 1242 1151 partis

109 1169 174 1230 uodo
185 1187 243 1231 non
257 1170 357 1233 verbis
372 1190 511 1252 expressa
526 1172 578 1235 sed
593 1175 677 1235 tacite
691 1172 889 1234 subaudienda
905 1180 963 1244 est,
980 1173 1015 1233 de
1030 1182 1157 1251 generat.
1178 1174 1242 1236 aui·

109 1272 159 1335 nal
172 1275 194 1335 V
206 1295 229 1338 c
246 1278 275 1338 7.
291 1294 325 1355 p.
349 1274 419 1337 164.
433 1275 525 1339 uela.
539 1271 599 1340 τοῦ
621 1270 658 1339 δέ
678 1267 780 1362 φύσει
799 1271 842 1337 τοὶ
862 1271 1003 1337 τοιαῦτα
1018 1267 1241 1339 συνίστασθαι

108 1370 306 1456 ξυμβάλλεται
330 1373 388 1441 καί
409 1371 430 1463 ἦ
452 1374 621 1465 θερμότης
645 1374 704 1441 τοῦ
730 1371 854 1455 τόπου,
881 1378 959 1458 quod
989 1376 1103 1457 plenius
1133 1377 1241 1439 dictum

108 1476 167 1539 toret
176 1474 208 1542 τί
220 1499 245 1541 r.
260 1475 365 1564 μέρος
377 1501 412 1543 τι
427 1475 661 1561 συμβάλλεται,
677 1480 925 1562 quemadmodum
936 1488 1040 1543 nostro
1053 1480 1118 1542 loco
1133 1476 1242 1542 πολλοὶ

107 1573 305 1659 ξυμβάλλεται
328 1575 429 1667 μέρος
449 1604 483 1645 τι
504 1580 602 1647 τοῦδε
621 1580 681 1647 τοῦ
700 1575 868 1665 ὀιίμασοςι
882 1582 975 1646 multo
989 1593 1068 1656 suut,
1082 1601 1155 1663 quoe
1165 1602 1243 1663 por-

107 1691 149 1741 tus
161 1682 252 1764 (asum
265 1683 406 1767 μείλανι)
422 1686 508 1748 lmus
522 1691 635 1750 niuosis
647 1687 721 1749 mili
734 1691 895 1768 conseruat.

171 1785 248 1849 Vera.
264 1786 341 1850 480.
543 1780 604 1851 odd
625 1780 688 1867 ἐὸμυ
703 1789 842 1868 μαθεῖν,

281 1879 307 1973 ἢ
330 1885 435 1964 θεοὺς
455 1883 599 1970 νομίζεις
618 1887 696 1966 τούς
716 1881 785 1954 τότ’
808 1881 866 1954 οὐκ
889 1880 1000 1975 ίίρχειν
1021 1881 1088 1965 ἔτι,

282 1980 309 2075 ἢ
332 1986 432 2053 καινὰ
452 1992 593 2056 κεῖσθαι
613 1984 711 2072 θέαμ’
733 1986 767 2054 έν
789 1983 987 2075 ἀνθρώποις
1007 1986 1050 2053 τοὶ
1071 1987 1133 2053 νῦν.

172 2092 210 2153 lta
222 2091 291 2154 libri
308 2112 423 2167 omnes,
437 2094 493 2156 nisi
508 2095 586 2175 quod
602 2095 632 2155 in
647 2096 776 2156 Puteano
792 2085 823 2156 ei
834 2086 937 2167 θεούς
952 2093 1094 2173 scriptum
1106 2101 1159 2154 est.
1179 2092 1244 2155 lloc

106 2189 227 2264 lidslius,
239 2195 436 2274 llusgravius,
450 2195 605 2258 Porsouus
621 2195 772 2271 dederuut,
788 2215 822 2258 ac
832 2195 1104 2277 praeterbosetiam
1119 2195 1243 2256 Bothius

106 2293 295 2374 stibuglius3
317 2297 438 2359 alteram
453 2296 627 2378 scripturam
642 2297 795 2361 Elmsleius
809 2297 967 2373 revocavit,
981 2297 1144 2378 probatque
1157 2298 1243 2359 etiam

105 2392 188 2458 llruu
211 2398 241 2460 in
268 2399 499 2472 commentario,
521 2399 585 2465 licet
611 2399 642 2460 in
667 2400 733 2480 ipso
759 2400 872 2463 fabulae
896 2408 1033 2461 contextu
1060 2392 1090 2461 εί
1111 2400 1242 2462 ediderit.

105 2495 271 2563 &nonnus
287 2500 328 2563 ad
344 2499 435 2581 Sopb.
450 2501 523 2563 bed.
538 2499 640 2562 Goion.
653 2519 681 2562 r.
697 2499 746 2563 80.
762 2502 948 2563 vehementer
961 2521 995 2563 se
1008 2501 1139 2564 dubitare
1153 2502 1193 2564 sit
1207 2503 1244 2564 de

105 2599 202 2664 initote
218 2602 312 2665 huius
334 2621 406 2664 usus
422 2592 445 2686 ἤ
464 2603 634 2682 particulae,
653 2603 741 2683 idque
753 2621 812 2665 *our
831 2603 918 2665 iaciat
935 2604 965 2665 iu
985 2622 1107 2666 censura
1126 2605 1243 2666 Medeae

26 2694 28 2765 ζ
105 2699 277 2768 Είυείεὶειιεο
298 2704 462 2784 aperuisse.
508 2704 567 2767 Sed
584 2705 657 2767 liaeo
674 2705 739 2785 ipsa
758 2723 879 2767 censura
905 2706 978 2767 nihil
996 2706 1054 2768 nisi
1073 2714 1243 2786 argumenta

26 2834 28 2873 ῑ
105 2802 274 2870 ιλιΕΙσιεΙοίο
296 2805 411 2887 prolata
431 2823 492 2867 uon
510 2807 581 2869 satis
596 2826 664 2869 osse
682 2806 918 2887 adprobandum
934 2808 1244 2880 idoueademoustrat,

26 2888 28 2909 ¹
104 2913 173 2985 etque
190 2927 284 2989 quum
301 2907 375 2969 nibil
393 2926 486 2988 neque
506 2908 617 2972 facilius
636 2927 731 2989 neque
755 2909 934 2989 frequentius
954 2910 992 2971 sit
1017 2910 1245 2972 commutatione

103 3010 292 3086 ulularum
315 3002 346 3073 st
365 3017 394 3072 et
406 3001 441 3095 ἤ,
467 3010 614 3073 eiusmodi
629 3014 762 3092 exempla
777 3014 919 3092 postulat,
934 3012 963 3072 iu
980 3012 1085 3091 quibus
1101 3019 1150 3074 ant
1165 3019 1244 3075 certo

103 3126 153 3173 non
165 3132 229 3175 esse
243 3105 275 3176 εί
290 3111 425 3193 positum
441 3113 519 3175 credi
533 3112 639 3193 possit,
655 3123 705 3177 aut
719 3122 821 3177 neutra
835 3114 974 3195 particula
989 3114 1019 3177 in
1034 3115 1134 3194 priore
1148 3134 1244 3176 mem-

103 3209 147 3274 bro
158 3214 336 3277 inveniebar:
356 3215 484 3276 rationes
506 3232 591 3287 vero,
613 3232 665 3277 cur
685 3206 708 3300 ἢ
725 3215 871 3297 inpriore
894 3216 1027 3279 membro
1046 3235 1102 3297 pro
1122 3208 1153 3280 εἰ
1172 3217 1245 3297 poni

104 3331 152 3376 uon
169 3318 313 3397 putnesit,
332 3324 428 3397 atque,
441 3315 466 3378 si
485 3324 607 3396 utraque
626 3317 768 3397 particula
786 3317 818 3380 in
832 3318 982 3389 codicibus
997 3328 1082 3391 extet,
1099 3310 1129 3382 εί
1142 3319 1243 3398 utique
1266 3331 1282 3381 a

103 3420 241 3495 pauori,
263 3421 291 3481 si
309 3408 332 3504 ἤ
350 3419 556 3482 tantummodo
575 3419 716 3500 scriptum
733 3419 786 3494 sit,
808 3419 867 3483 hoo
888 3421 994 3499 corrigi
1014 3420 1130 3493 debeat,
1151 3419 1245 3482 nullas

102 3522 215 3599 upum
251 3521 340 3597 Quod
360 3522 396 3585 ad
417 3520 547 3603 exempla
566 3521 686 3596 attinet,
706 3532 775 3585 suut
794 3525 936 3604 quaedam
958 3523 1128 3596 Homerica,
1153 3521 1245 3602 qualia

103 3620 275 3688 dermannus
289 3622 425 3704 requirit,
441 3624 472 3685 iu
487 3622 594 3703 quibus
609 3633 689 3689 corto
704 3642 766 3687 uon
782 3644 848 3688 esse
859 3616 890 3686 εί
900 3622 1031 3706 positum
1046 3624 1125 3687 credi
1140 3624 1246 3705 possit,

104 3725 197 3807 quippe
212 3746 306 3809 quum
324 3743 387 3789 uon
404 3716 428 3811 ἤ
446 3726 696 3808 monosyllabum,
719 3728 799 3808 quod
823 3728 966 3809 potuisset
988 3745 1043 3809 pro
1062 3719 1093 3788 εί
1116 3744 1171 3806 per
1197 3745 1246 3787 er-

103 3844 187 3891 rorem
202 3830 350 3904 substinui,
366 3828 418 3891 sed
432 3819 473 3913 ἦέ
485 3829 656 3910 disyllabum
669 3830 803 3905 babeant,
814 3830 892 3893 velut
905 3829 983 3892 iliad.
999 3830 1034 3905 X,
1051 3828 1127 3892 308:
1154 3818 1190 3890 tt
1210 3848 1247 3891 cc

102 3926 272 3996 πυθέσθαι
290 3923 331 4017 ἦέ
353 3924 580 4018 φυλάσσονται
600 3928 674 4016 νῆες
694 3926 780 3995 θοαὶ
801 3923 847 4007 ὥς
867 3927 907 3995 τὸ
927 3925 1036 4016 πάρος
1050 3950 1122 4014 περ,
1145 3918 1246 4017 ἢῆὀη

101 4027 255 4116 χείρωσιν
274 4025 329 4121 tp’
350 4024 530 4119 ἡμετέρῃσι
553 4028 709 4113 δαμέντες
729 4028 828 4121 φύξιν
848 4029 1041 4116 βουλεύουσι
1061 4028 1145 4116 μετὰ
1166 4027 1248 4119 σφί-

102 4148 154 4196 σιν.
167 4136 245 4210 xm,
257 4136 333 4199 327:
349 4126 439 4222 ίίφρα
449 4130 592 4215 τάχιστα
604 4128 736 4217 εἴδομεν
746 4128 788 4222 ἦέ
800 4157 848 4222 τῳ
863 4124 956 4215 εὖχος
976 4127 1133 4217 ὀρέξομεν
1143 4126 1183 4220 ἠέ
1196 4155 1249 4209 τις

102 4223 178 4316 ἡμῖν.
200 4238 383 4312 xvu,1so:
406 4233 464 4301 καὶ
484 4231 539 4301 'aba
560 4230 669 4325 ἔργον,
689 4232 730 4325 ἦέ
745 4232 949 4325 πανημέριος
969 4234 1073 4313 κακὸς
1094 4231 1247 4317 ἔσσομαι,

101 4325 337 4424 ὦςείμορειίεις,
357 4331 380 4425 ἢ
401 4360 476 4403 τινα
502 4336 560 4403 καὶ
583 4339 724 4405 Δαναῶν
744 4336 921 4427 -σχήσω
949 4333 1154 4421 ἀμυνέμεναι.
1192 4339 1247 4398 Od.

102 4437 121 4509 l,
136 4439 207 4502 175:
223 4435 282 4505 καί
302 4462 358 4523 μοι
381 4434 465 4507 τοῦθ
490 4434 667 4531 ἀγόρευσον
681 4435 848 4529 ἐτήτυμον,
865 4436 940 4530 ίίφρ>
960 4433 1103 4517 edaldo,
1124 4431 1165 4523 ἦέ
1178 4431 1250 4498 νέον

26 4550 27 4581 ³
987 4542 1047 4603 13*
