3154 5138
585 493 786 597 aaa.
827 592 831 597 ,

110 684 227 764 Apparet
242 693 354 761 autem,
375 705 466 768 quum
481 687 563 767 plura
578 685 714 746 adiectiva
729 693 965 763 praecesserunt,
984 684 1132 748 relativum
1148 702 1261 768 prono·

109 805 247 849 mennon
261 808 354 868 posse
368 788 428 850 nisi
442 788 544 869 plurali
559 804 683 849 numero
698 787 777 867 poni.
792 822 834 833 -
859 787 1009 869 Reliquam
1024 789 1136 868 periodi
1148 798 1261 870 partem

109 889 216 968 planam
233 900 263 952 et
276 891 476 972 incorruptam
492 910 556 953 esse
568 909 684 963 censeo,
700 909 875 971 quamquam
887 889 926 952 ibi
938 909 1055 972 quoque
1065 891 1261 965 Heindorflus,

108 991 303 1071 Glogariensis
324 994 434 1057 codicis
454 1013 566 1067 amore,
591 992 742 1073 complura
764 1001 879 1073 praeter
900 995 1102 1056 necessitatem
1127 994 1260 1057 turbarit.

107 1092 136 1155 lo
155 1095 196 1156 eis
217 1104 331 1171 antem,
352 1116 426 1179 quae
445 1116 514 1159 mor
533 1102 709 1177 sequuntur:
729 1095 770 1157 ad
790 1094 1064 1158 similitudinem
1084 1098 1258 1159 enimdeo

106 1197 256 1277 propius
271 1200 462 1262 accedebat
479 1200 627 1261 bnmaua
646 1198 759 1259 virtus
779 1216 880 1277 quam
901 1198 1016 1279 ligura
1032 1232 1087 1273 -,
1106 1200 1172 1262 licet
1186 1200 1261 1262 dati-

107 1316 171 1360 rum
185 1299 268 1361 bunc
286 1300 350 1363 deo
370 1302 485 1364 codices
501 1318 606 1363 omnes
621 1301 757 1372 offerant,
777 1318 902 1380 eumque
916 1300 1033 1362 delendi
1053 1302 1149 1383 aliquo
1169 1304 1260 1365 modo

8 1472 10 1485 Ι
104 1419 155 1462 uec
168 1401 236 1463 sine
249 1401 415 1466 subtilitatis
431 1404 582 1466 cuiusdam
597 1403 693 1483 specie
707 1420 797 1491 posse
810 1402 932 1476 rideam,
946 1403 994 1479 (cl.
1005 1403 1097 1467 Hand.
1108 1405 1260 1469 Tursallin.

108 1505 119 1563 l
135 1522 165 1584 p.
182 1502 489 1586 azumitensem
502 1504 577 1568 Tull
593 1523 622 1585 p.
634 1503 694 1567 188
710 1507 767 1585 sq.)
784 1513 879 1566 tamen
896 1505 1029 1584 equidem
1045 1504 1160 1586 elegans
1171 1507 1260 1570 Lam-

102 1604 170 1679 bini,
185 1607 320 1682 boherii,
338 1608 445 1671 Davisii
459 1608 597 1671 iudicium
619 1625 707 1688 quam
721 1605 908 1669 librariorum
922 1624 1037 1669 errores
1052 1616 1102 1670 aut
1117 1611 1260 1690 supersti-

102 1708 195 1770 tiosos
211 1710 322 1771 borum
341 1722 575 1792 propugnatores
591 1711 673 1791 sequi
688 1710 774 1772 malo.
804 1709 942 1772 Rescribo
965 1708 1052 1789 igitur
1070 1711 1110 1773 ad
1130 1712 1260 1775 simili·

101 1810 262 1873 tudinem
278 1813 343 1874 dei.

8 1982 9 1991 ,
185 1913 258 1995 Cap.
273 1914 399 1989 xxxvl,
416 1917 485 1978 100.
519 1915 714 1995 Posteaquam
735 1915 771 1976 de
790 1914 832 1976 eis
853 1913 962 1976 dictum
982 1922 1041 1987 est,
1061 1915 1110 1996 qui
1130 1936 1147 1978 e
1166 1917 1260 1980 coele·

8 2018 9 2023 ’
101 2016 190 2077 stium
206 2034 308 2079 rerum
323 2018 568 2099 contemplatione
583 2018 777 2080 coniecturam
794 2016 921 2089 iecerint,
936 2016 1059 2096 aliquam
1075 2019 1260 2082 excellentem

8 2172 9 2197 ,
102 2137 167 2179 mse
184 2127 440 2200 praestantemque
453 2127 601 2193 naturam,
617 2137 691 2199 quae
705 2118 777 2180 baec
791 2118 919 2189 lecisset,
935 2127 1075 2191 moveret,
1090 2130 1202 2199 regeret
1216 2131 1260 2185 at·

8 2206 10 2255 ³
102 2239 157 2299 que
172 2219 358 2299 qubemaret,
371 2221 679 2301 hacosubinnguntur:
696 2219 754 2301 qui
770 2219 908 2281 etiamsi
924 2220 1090 2282 aberrant
1104 2241 1120 2283 a
1136 2224 1259 2285 conie-

103 2329 216 2396 otnra,
230 2323 335 2385 rideo
350 2331 465 2385 tamen
480 2324 563 2404 quid
577 2330 781 2404 sequantur.
801 2322 852 2383 Sic
862 2323 949 2396 enim,
965 2321 1131 2386 aberrant
1145 2344 1161 2386 a
1173 2343 1259 2387 oon·

101 2423 251 2499 iectura,
268 2433 297 2486 et
311 2426 437 2499 sudines,
453 2434 486 2488 ut
500 2427 627 2500 ridetur,
644 2443 762 2497 omues,
776 2433 805 2485 et
818 2423 961 2485 editiones
975 2423 1128 2505 pleraeque
1143 2426 1260 2504 habeut,

102 2525 215 2606 luitque
229 2526 311 2602 adeo,
328 2527 376 2607 qui
392 2528 468 2590 banc
482 2528 633 2590 lectionem
649 2535 751 2589 contra
765 2526 891 2589 Wallreri
906 2527 1104 2607 suspicionem
1119 2529 1193 2590 tueri
1208 2548 1260 2591 oo·

8 2634 9 2643 ’
102 2638 235 2703 nasetur,
246 2629 445 2710 Wopkeosius
459 2630 547 2693 Leott.
557 2630 631 2692 Tull.
643 2630 677 2703 ll,
689 2628 707 2690 3
719 2648 748 2710 p.
760 2628 829 2702 136,
842 2630 888 2690 cui
897 2628 1084 2690 Heindorlins
1096 2630 1199 2710 aliique
1211 2648 1260 2691 as·

102 2740 268 2793 senserunt.
292 2731 435 2805 „Phrasin
443 2734 549 2795 istam“
562 2731 655 2812 iuquit
663 2730 861 2812 Wopkensins
873 2731 939 2806 „hio
947 2731 1163 2793 lucillimeatare
1171 2752 1261 2812 posse

8 2908 9 2925 ἵ
102 2835 208 2905 credo,
230 2835 393 2896 dummodo
412 2853 466 2915 per
484 2836 723 2897 coniecturam
742 2833 829 2913 pleno
845 2850 936 2894 sensu
950 2832 1090 2912 intelligas
1110 2834 1259 2897 coniectu·
1277 2848 1311 2900 26

103 2954 164 2997 raro
184 2955 253 2999 cnm
274 2938 392 3009 ellectu,
413 2957 429 2998 a
449 2937 536 2999 bouis
562 2936 714 3017 principiis
734 2936 807 2997 benc
825 2935 1047 3014 procedentem,
1072 2944 1175 3017 etqua
1195 2936 1261 3018 quis

16 3078 21 3093 .
103 3039 227 3116 proinde
240 3038 387 3101 veritatem
407 3046 458 3102 aut
473 3038 704 3120 probabilitatem
724 3039 926 3119 adsequatur.“
956 3037 1013 3098 Sed
1033 3036 1122 3100 istum
1142 3039 1261 3119 plenum

20 3176 22 3217 ,
105 3158 225 3203 sensum
240 3141 425 3203 coniecturae
439 3160 494 3221 ego
509 3159 634 3221 prorsus
649 3140 884 3202 commenticium
900 3139 1036 3219 nullaque
1052 3142 1164 3203 ratione
1178 3162 1262 3204 sum-

21 3220 22 3267 1
105 3250 185 3321 ptum
201 3260 270 3305 esse
284 3242 416 3305 arbitror.
452 3244 527 3306 Sunt
542 3262 611 3305 sane
625 3243 732 3304 multae
748 3242 931 3303 coniecturae
949 3243 1034 3317 tales,
1054 3244 1153 3323 quales
1167 3244 1262 3325 Wop-

106 3341 226 3406 tensius
241 3344 411 3424 descripsit3
427 3345 479 3406 sed
493 3353 564 3407 siant
578 3346 665 3406 etiam
679 3344 766 3417 loves,
780 3360 884 3419 vanae,
902 3344 1010 3417 sutiles,
1026 3362 1042 3406 a
1058 3345 1137 3407 salsis
1151 3346 1261 3425 princi·

104 3444 160 3521 piis
175 3463 237 3506 nou
252 3445 327 3507 bene
341 3447 548 3527 procedentes,
568 3466 602 3509 ac
615 3446 739 3527 proinde
753 3466 768 3506 a
784 3445 901 3507 veritate
916 3457 965 3506 aut
979 3446 1181 3526 probabilitate
1195 3448 1261 3508 lon·

105 3547 225 3624 pissime
239 3547 417 3623 aberrantes,
434 3566 529 3631 neque
542 3560 639 3612 tamen
655 3567 691 3609 eo
706 3548 804 3609 minua
820 3533 1002 3610 coniecturae
1018 3548 1167 3622 dicuntur,
1183 3548 1261 3628 quod

104 3648 165 3710 lieri
179 3652 314 3731 prolecto
329 3669 480 3732 uunquam
495 3660 610 3732 posset,
629 3660 662 3712 ut
677 3650 753 3712 idem
768 3667 877 3712 nomen
890 3649 979 3711 rebus
996 3651 1149 3712 contrariis
1163 3651 1263 3731 impo-

105 3760 230 3826 neretur,
246 3752 304 3813 nisi
318 3761 397 3815 esset
410 3754 469 3814 hoc
483 3770 592 3815 nomen
604 3751 715 3814 mediae
727 3752 957 3832 significationis,
973 3752 1051 3831 quod
1064 3770 1158 3832 neque
1169 3770 1263 3813 unum

104 3850 172 3915 ilud
187 3862 302 3917 rectum
317 3874 351 3919 ac
365 3854 515 3936 probabile
526 3854 707 3917 coniectandi
720 3873 820 3934 genus,
835 3855 998 3935 usquehuc
1009 3855 1129 3917 alterum
1142 3842 1263 3936 pravum

101 3962 189 4034 atque
202 3974 390 4036 perversum,
409 3958 461 4019 sod
477 3958 620 4019 utrumvis
634 3956 755 4038 pariter,
774 3976 830 4037 pro
845 3974 877 4018 re
892 3964 973 4031 nata,
994 3957 1172 4037 designaret,
1191 3976 1263 4038 pro-

99 4056 196 4135 priam
211 4066 308 4119 autem
324 4058 435 4120 nullam
450 4076 546 4139 neque
561 4066 657 4120 rectae
671 4058 793 4119 rationis
809 4076 842 4120 ac
856 4059 1083 4137 probabilitatis,
1103 4079 1199 4140 neque
1213 4078 1263 4121 aa·

8 4206 9 4209 ,
95 4158 203 4220 nitatis
217 4168 306 4238 atque
320 4158 443 4233 erroris,
462 4159 587 4241 denique
601 4158 673 4220 nrlril
688 4160 745 4221 nisi
760 4159 868 4221 nudam
884 4159 960 4221 illam
978 4161 1155 4223 coniectandi
1172 4161 1264 4239 eigai·

66 4300 69 4304 Δ
94 4261 269 4324 dationem
285 4262 414 4324 baberet.
446 4262 532 4335 Quod
546 4270 643 4323 autem
657 4260 802 4337 Handius,
819 4262 863 4323 vir
877 4262 1079 4337 doctissimus,
1093 4261 1264 4343 Wopkensii

92 4364 375 4444 interpretationem
390 4364 430 4426 ita
446 4365 582 4435 correxit,
601 4373 635 4425 nt
653 4364 821 4426 aberrare
840 4382 857 4424 a
873 4363 1081 4426 coniectura
1101 4381 1168 4423 enm
1186 4363 1264 4422 dioe-

139 4467 191 4529 lll.
1021 4466 1056 4524 21
