3178 5136
841 457 904 521 252

774 544 973 556 Μ

381 647 460 710 llaec
474 645 599 723 suntin
614 645 721 727 quibus
733 655 870 710 nostruin
883 646 1013 709 libelum
1027 663 1044 707 a
1058 658 1196 726 germem
1210 644 1340 727 Dionysii
1354 664 1456 726 grum·

296 751 402 814 natica
422 749 572 813 diversum
590 768 657 812 esee
675 748 872 812 demonstrari
890 756 1003 830 potest:
1029 747 1061 810 in
1079 747 1200 829 reliquis
1219 748 1290 811 nihil
1308 748 1457 812 invenitur

297 853 377 933 qnod
396 870 457 914 non
475 851 558 915 liceat
576 852 614 914 eu
637 851 717 915 hunc
735 859 886 914 auctorem
904 851 1026 925 roieure;
1046 866 1141 931 noque
1159 849 1207 914 illu
1225 850 1290 932 ipsa
1308 850 1456 913 eimmodi

296 974 363 1017 esse
376 954 522 1028 ridentum,
541 962 575 1016 ut
594 961 689 1016 totum
705 953 881 1035 opusculum
900 951 1072 1015 recentioris
1093 950 1218 1015 iubricae
1236 970 1302 1014 esse
1321 962 1455 1033 urguent

297 1056 497 1132 Quamobrem
510 1054 682 1127 tenebimus,
698 1054 820 1136 opinor,
836 1053 917 1135 quoti
932 1071 1021 1135 supra
1032 1053 1163 1134 positum
1178 1062 1237 1116 est:
1253 1072 1320 1116 esso
1334 1054 1457 1135 quidem

295 1159 426 1241 Dionysii
451 1159 527 1221 hune
551 1156 784 1236 grammaticam,
803 1157 856 1219 sed
881 1155 1029 1219 nonnullis
1048 1156 1181 1237 portibus
1201 1176 1217 1217 a
1237 1156 1457 1236 posterioribus

296 1262 443 1342 magistris
458 1267 601 1323 mutatum
621 1267 650 1321 ct
663 1259 821 1322 recentiori
837 1258 891 1321 arti
907 1276 941 1320 ao
955 1257 1125 1340 disciplinae
1139 1259 1400 1322 accommodatam.
1412 1294 1457 1307 -

295 1363 375 1425 llaec
388 1362 477 1443 igitur
491 1360 642 1424 humanus.
673 1362 972 1442 Rostatnrme,qoum
981 1361 1039 1423 iem
1051 1360 1305 1442 appropinquante
1317 1361 1455 1424 seriorum

297 1475 430 1546 tempore
443 1464 574 1527 hibernis
590 1464 698 1527 scholis
712 1465 801 1527 linem
813 1464 980 1545 imposituri
992 1463 1094 1540 simus,
1109 1473 1142 1527 ut
1152 1464 1211 1526 llos
1222 1464 1456 1538 commilitones,

296 1567 398 1630 euhoe
411 1566 579 1647 petiniano
589 1566 714 1629 docendi
728 1585 761 1629 ae
775 1564 906 1629 discendi
926 1564 1138 1629 consuetudine
1157 1566 1365 1647 aliquantisper
1385 1583 1456 1628 eom

295 1668 384 1730 bonis
411 1668 486 1730 votis
512 1666 706 1742 dimittamus,
728 1667 873 1748 simulque
897 1666 956 1729 Vos
983 1667 1184 1745 exhortemur,
1210 1678 1244 1731 ut
1268 1668 1312 1731 aul.
1330 1666 1457 1731 aestivas

296 1771 412 1835 scholas
432 1789 486 1834 suo
505 1780 639 1852 tompore
657 1771 824 1851 irequentes
850 1769 973 1844 revoat,
992 1769 1127 1846 eandem,
1147 1789 1234 1851 mern
1250 1770 1348 1833 adhuc
1365 1768 1457 1833 nobis

295 1874 454 1955 probastis,
468 1873 643 1936 macritatem
658 1891 693 1935 ao
706 1871 837 1934 discendi
852 1870 1040 1951 cupiditatem
1055 1872 1192 1936 ailmtie.
1222 1873 1329 1936 vnete

380 1975 452 2038 llab.
468 1972 711 2056 Gryphisueloliao
725 1974 783 2038 tat
798 1973 882 2037 liunt
896 1974 1147 2038 nocuufflffl.
