3284 5152
825 450 975 548 Q

318 642 451 723 ignorato
469 639 696 724 haudquaquam
719 646 848 722 apparat.
879 639 913 701 lu
927 638 1171 719 Cboepboromm
1187 644 1285 703 autam
1302 656 1388 703 uorau
1402 636 1475 709 276,

318 743 369 808 ubi
389 743 506 808 oodioea
524 743 635 807 babent
648 739 709 819 τὰς
724 737 762 807 δι’
774 732 959 818 νωνόσσσυς
973 747 1025 804 ant
1038 735 1099 816 ταὶς
1114 733 1151 804 δι’
1165 737 1240 817 νῶν,
1260 734 1394 829 νόσοις,
1414 754 1475 807 non

319 855 398 912 carte
418 846 497 929 quod
519 847 567 910 ilia
590 846 681 910 voluit
699 841 760 921 τὰς
780 836 814 907 δ’
829 836 930 908 utana
942 837 1061 920 νόσους
1073 844 1261 909 ιαίλιειιάαια
1277 852 1336 920 eat,
1355 844 1407 907 aaa
1421 844 1477 907 aiia

318 950 485 1015 emendatio
505 948 775 1031 eboumapiuianda.
804 947 874 1010 biibi
894 948 925 1010 iu
947 954 1078 1011 mentem
1099 947 1179 1011 venit
1192 938 1346 1011 ἀσθενῶν
1359 941 1478 1023 νόσους

320 1049 463 1137 σαρκῶνε
490 1053 542 1116 aad
568 1053 598 1115 id
621 1069 741 1134 quoqne
761 1067 824 1113 nou
842 1050 914 1113 ratio
934 1051 1038 1131 planat.
1074 1049 1109 1112 In
1129 1050 1357 1132 Agamemnonis
1376 1056 1476 1113 autom

297 1189 302 1203 ·
319 1175 346 1218 r.
363 1154 404 1218 98
424 1163 512 1219 teneo
533 1172 622 1238 mum
642 1155 756 1218 dudum
772 1153 913 1235 proposui
926 1152 1118 1228 aumantium,
1137 1152 1325 1216 mmbendnm
1339 1172 1406 1216 aaaa
1419 1148 1478 1217 arai

322 1254 428 1337 Θέμις
441 1248 535 1331 αἰνεῖ,
549 1256 578 1319 ia
594 1278 620 1320 e.
636 1256 732 1340 quod
747 1256 813 1319 Fas
828 1254 1009 1337 approbat
1021 1255 1083 1319 onii.
1098 1263 1128 1319 te
1143 1255 1249 1330 dinero,
1265 1255 1295 1318 b
1309 1275 1338 1319 e.
1353 1256 1432 1337 qnod
1446 1264 1476 1320 te

320 1358 417 1427 utaara
436 1360 481 1424 na
500 1367 555 1423 eat
585 1359 680 1423 Nemo
700 1367 832 1423 veterum
852 1365 1008 1441 poetarum
1028 1358 1120 1440 probe
1139 1375 1248 1440 rumne
1266 1358 1310 1423 aio
1328 1359 1479 1423 rhamno

320 1479 477 1544 parronam
493 1462 591 1527 induri
606 1461 770 1537 mirabitur,
784 1479 846 1524 non
861 1461 953 1543 magia
966 1479 1056 1544 quam
1071 1461 1159 1526 Eum.
1173 1481 1200 1523 v.
1217 1461 1293 1526 392:

506 1596 613 1680 λέγειν
634 1592 667 1680 y’
688 1591 846 1684 ἄμομφον
867 1591 949 1663 ὄντα
969 1595 1045 1674 σούς
1068 1594 1174 1675 πέλας
1194 1596 1303 1675 κακῶς

506 1698 624 1785 πρόσω
647 1695 798 1777 δικαίων,
820 1693 875 1784 ἧδ’
898 1695 1084 1766 ἀποστατεῖ
1107 1696 1220 1783 Θέμις.

321 1842 383 1905 Noe
404 1840 530 1906 absurda
549 1858 645 1922 nuper
664 1839 803 1904 bebraiua
823 1840 854 1901 iu
875 1841 978 1903 annal.
998 1841 1099 1923 philol.
1121 1840 1249 1904 anxv
1265 1860 1293 1922 p.
1310 1841 1372 1904 304
1392 1843 1479 1905 etiam

321 1945 399 2025 apud
420 1944 615 2025 Sophoclem,
637 1943 733 2024 Antip.
748 1963 774 2005 r.
790 1946 847 2016 94,
868 1936 974 2024 luipo
996 1939 1035 2007 δὲ
1055 1940 1104 2029 τῷ
1125 1937 1265 2007 θανόντι
1288 1938 1481 2026 προσκελσει

322 2039 412 2131 Δίκῃ
427 2046 615 2111 aeribeudnm
631 2047 781 2117 iudicavit,
804 2064 960 2129 perronam
977 2047 1088 2111 ultricia
1104 2048 1233 2111 iustitiae
1247 2047 1419 2130 intelligens,
1434 2047 1480 2110 eui

323 2149 439 2213 [amena
460 2148 587 2212 obnoxia
608 2149 708 2213 futura
727 2150 775 2213 ait
805 2149 846 2212 De
867 2150 1094 2232 Agamemnonis
1114 2151 1179 2213 iooo
1199 2150 1320 2213 Wailiua
1338 2151 1481 2215 hactonus

323 2251 443 2334 quidem
464 2251 536 2315 mihi
557 2252 731 2325 assentitur,
752 2262 786 2316 nt
805 2243 907 2315 αλνεῐν
927 2259 1049 2334 propter
1068 2253 1310 2333 aiguiboationem
1330 2253 1400 2317 farri
1421 2272 1482 2318 non

321 2373 409 2435 porro
424 2362 577 2436 agnoscam
591 2355 804 2436 approbantem
815 2362 915 2418 autem
927 2354 1101 2418 Themidem
1113 2355 1269 2436 improbat,
1285 2355 1411 2438 ideoque
1421 2375 1481 2421 non

323 2474 441 2520 meeum
463 2448 562 2531 αἰνεῖ,
582 2458 634 2520 aad
655 2449 733 2540 ἡμῖν
752 2458 884 2540 arripuit,
906 2458 984 2541 quod
1000 2474 1167 2540 pronomen
1181 2457 1206 2520 ai
1222 2473 1290 2520 aum
1306 2451 1419 2535 λλξασ’
1432 2468 1483 2523 aut

323 2552 432 2635 λέξαις
445 2560 578 2623 oouatrui
592 2560 693 2632 voluit
708 2559 737 2622 iu
753 2566 875 2644 propter
888 2559 1108 2624 collocationem
1124 2559 1170 2623 vix
1186 2558 1304 2641 probari
1314 2569 1422 2645 puteat,
1438 2561 1483 2625 rin

324 2678 392 2723 enm
408 2655 521 2739 θέμις,
536 2661 594 2726 boo
607 2661 755 2726 abaonum
769 2681 835 2726 erae
849 2670 979 2744 apparet.

409 2780 450 2843 iia
469 2781 534 2846 loeo
553 2782 687 2845 omnium
709 2783 909 2856 raxatiaaimo‚
931 2800 957 2844 r.
979 2783 1050 2855 105,
1073 2782 1205 2846 nondum
1221 2798 1402 2867 nonunquam
1416 2783 1481 2855 viui,

325 2886 375 2970 qui
395 2885 465 2967 qnid
491 2892 569 2948 earet
589 2877 760 2970 σύμφσεσς
780 2876 863 2949 atur
882 2892 913 2948 et
932 2902 991 2967 qua
1010 2884 1123 2948 ratione
1138 2885 1164 2948 ia
1179 2877 1263 2948 abab
1276 2894 1328 2950 aut
1342 2886 1484 2968 inspirare

325 2981 427 3051 ἅλιόν
440 2995 492 3051 ant
507 2987 569 3070 ipae
583 2976 671 3073 α’λαᾷ
683 2981 854 3073 σύμφυτος
867 3005 932 3050 erae
946 2987 1106 3061 diceretur,
1126 2988 1330 3053 demonstrare
1344 2987 1483 3072 probabi·

325 3092 392 3154 liter
410 3089 549 3174 potuerit.
579 3089 655 3154 Nam
675 3090 843 3173 qmcuuqua
865 3091 945 3153 huno
964 3090 1062 3153 laeum
1083 3096 1134 3153 aut
1154 3090 1211 3161 aio,
1233 3091 1315 3153 utin
1335 3089 1484 3154 uodioibm

324 3193 453 3275 aeriptna
466 3199 528 3264 eat,
552 3200 603 3255 aut
618 3192 719 3255 ieviter
733 3200 896 3265 mutatum,
915 3191 966 3254 aod
981 3191 1025 3256 aio
1038 3200 1071 3254 ut
1086 3183 1168 3254 oiao'v
1182 3192 1374 3263 retineretur.
1389 3193 1485 3257 intar-

325 3295 435 3377 pretari
450 3293 646 3368 annitimur,
668 3293 851 3359 incredibilea
865 3294 1008 3377 quaauam
1024 3293 1179 3357 verborum
1194 3294 1421 3376 aigniiieatiooea
1433 3303 1486 3359 aut

325 3414 493 3480 perversam
512 3395 689 3459 seutentiam
706 3394 848 3477 aaaaopa
870 3396 1041 3475 obtmuaaa,
1062 3414 1151 3479 qnam
1166 3395 1291 3461 librariis
1306 3415 1440 3461 errorem
1454 3397 1485 3461 in

326 3497 416 3562 verbo
439 3488 524 3561 oioir
541 3516 596 3583 pro
617 3489 726 3561 αἵδειν
749 3502 760 3569 t
769 3487 881 3585 ᾅδειν)
903 3500 1013 3585 aoripto
1031 3499 1178 3580 imputare
1196 3499 1375 3564 maluerunt.
1410 3500 1485 3564 Nolo

326 3618 406 3664 nuno
419 3607 552 3687 repetere
566 3619 642 3682 qnae
657 3601 687 3663 in
703 3601 858 3686 Opuamaiia
872 3601 911 3663 lii
927 3620 956 3682 p.
976 3602 1030 3663 161
1040 3620 1106 3684 aqq.
1121 3602 1278 3687 proposui3
1298 3602 1484 3666 hortantum

326 3702 402 3777 dieo,
418 3703 443 3766 ai
458 3720 519 3767 nou
535 3721 612 3777 vera,
627 3710 707 3767 carte
721 3702 871 3785 aliquanto
885 3701 1000 3765 aanioru
1014 3721 1090 3776 uuae,
1105 3720 1196 3785 quam
1207 3722 1282 3785 quae
1292 3704 1330 3767 ab
1340 3703 1403 3768 aliia
1413 3722 1485 3790 pro·

325 3813 384 3885 luta
398 3815 478 3870 aunt
496 3840 534 3852 -
547 3806 580 3867 V.
600 3804 660 3869 185
675 3807 705 3869 in
722 3804 870 3869 cauiaioua
884 3804 989 3887 iegitur
1001 3799 1121 3885 μάντιν
1136 3798 1385 3889 aberraturum,
1400 3823 1488 3889 quum

328 3908 484 3971 lectionem
505 3907 745 3973 Schneidewiuua
771 3907 881 3970 nostra
901 3907 979 3971 tueri
1000 3917 1124 3972 oonatua
1144 3916 1190 3971 eat
1211 3916 1379 3994 comparata
1400 3908 1489 3972 latior

327 4017 475 4075 atruotnra
486 4010 672 4096 pronominis
684 4009 807 4092 negativi
818 4028 941 4090 promus
953 4010 1058 4073 boemi
1069 4011 1194 4093 gunano.
1218 4010 1490 4075 smaauaamaaaa

327 4107 444 4192 μάντιν
466 4105 526 4175 οὐκ
548 4102 628 4175 ἔτλα
650 4105 779 4195 ψέγειν,
807 4111 887 4194 quod
914 4112 985 4175 mihi
1010 4113 1124 4177 dudum
1149 4113 1180 4176 in
1204 4122 1336 4178 mentem
1362 4120 1489 4185 venerat,

328 4215 418 4279 etiam
435 4215 563 4279 Jacobua
578 4213 692 4296 biaebiy
707 4214 933 4288 commendarit,
949 4214 1052 4279 Annal.
1068 4216 1138 4299 phil.
1156 4216 1228 4280 XCV
1243 4237 1272 4300 p.
1288 4216 1361 4283 432.

414 4330 509 4394 Etiam
530 4330 562 4392 in
581 4347 667 4393 varan
686 4327 745 4392 ²³1
770 4348 873 4394 remor
891 4348 928 4394 na
944 4330 1129 4396 librariorum
1143 4333 1306 4397 reverentia
1320 4333 1491 4418 interpreti·

329 4432 385 4496 bor
407 4431 502 4496 baudi
516 4431 614 4497 buerit.
643 4430 733 4497 Cbori
747 4432 833 4499 rerba
848 4432 885 4498 tio
898 4432 1049 4498 immolate
1063 4433 1212 4518 iphigenia
1226 4434 1269 4502 aio
1283 4433 1391 4527 ammte
1404 4444 1490 4499 aunt:
