3222 5148
859 397 1009 498 „ue

355 588 501 653 Nimirum
516 586 576 652 hoc
589 586 704 651 volebat
717 587 879 669 Epicurus,
894 587 968 651 nihil
983 606 1047 652 esse
1061 587 1093 650 in
1108 587 1190 650 omni
1214 604 1316 649 rernm
1331 593 1450 659 namra,
1468 589 1512 652 cni

355 710 417 755 non
431 691 557 754 altemm
577 691 748 775 oppositum
763 697 851 772 atque
866 690 1048 754 contrarium
1064 710 1099 752 ex
1113 708 1207 770 aequo
1222 688 1424 770 responderet.
1457 691 1512 754 lta·

355 813 413 876 que
427 802 462 857 ut
474 792 576 875 frigori
590 792 727 867 calorem,
744 792 917 855 obscuritati
930 793 1044 867 lucem,
1060 792 1182 856 humida
1196 791 1296 867 siccis,
1312 793 1412 857 mollia
1426 793 1512 867 duris,

355 897 451 979 gravia
483 896 609 973 levibus,
640 896 683 958 sic
712 896 803 959 etiam
828 895 1005 959 immortalia
1036 895 1209 959 mortalibus
1235 895 1379 976 aequabili
1405 897 1512 960 ntione

353 997 549 1083 respondere,
576 1015 728 1079 quumque
754 997 944 1061 interimendi
965 1017 1069 1062 causae
1089 997 1319 1061 innumerabiles
1340 1006 1456 1074 essent,
1476 999 1513 1061 sic

354 1119 415 1165 non
430 1101 529 1164 minus
542 1099 772 1163 innumerabiles
787 1104 979 1167 conservandi
994 1120 1097 1166 musas
1112 1119 1178 1165 esse
1192 1099 1308 1165 debere.
1338 1100 1414 1163 Hinc
1432 1101 1513 1184 igitar

354 1223 417 1267 non
430 1203 501 1266 illud
517 1202 636 1285 quidem
649 1202 802 1278 efficiebat,
818 1212 851 1265 ut
860 1204 1114 1269 immortalitatem
1125 1204 1249 1267 deornm
1261 1203 1350 1267 certio
1361 1221 1512 1284 argumen-

354 1305 392 1370 tis
407 1305 554 1368 evinceret
568 1314 598 1368 et
612 1305 723 1388 liquido
738 1306 963 1383 demonstraret,
979 1317 1109 1371 attamen
1122 1316 1230 1369 utnon
1240 1324 1404 1388 repugnare
1416 1307 1512 1369 saltem

353 1407 504 1494 physicam
519 1416 586 1483 aut,
608 1409 634 1472 si
654 1408 720 1491 quis
740 1409 799 1472 hoc
813 1412 909 1486 malit,
930 1411 1160 1494 metaphysicam
1175 1409 1322 1473 rationem
1337 1409 1511 1472 ostenderet

355 1511 514 1593 quominus
529 1511 711 1575 immortales
726 1511 755 1573 di
769 1531 835 1574 esse
849 1514 1048 1588 crederentur,
1064 1521 1095 1575 et
1105 1512 1273 1576 communis
1283 1511 1357 1575 haec
1365 1511 1511 1595 persuasio

354 1616 441 1678 etiam
457 1634 473 1677 a
488 1615 668 1695 sapientibus
684 1613 867 1696 probaretur.
879 1616 977 1680 lmmo
992 1636 1085 1700 quum
1101 1635 1165 1679 esse
1180 1616 1325 1699 quaedam
1342 1613 1511 1677 immortalia

354 1717 385 1780 in
398 1735 499 1781 rerum
513 1717 702 1780 universitate
716 1724 838 1801 propter
858 1709 1028 1801 ἰσονομίαν
1045 1738 1165 1782 necesse
1181 1728 1275 1793 esset,
1295 1736 1397 1781 earum
1419 1725 1512 1781 autem

351 1837 463 1894 rerum,
478 1837 554 1901 quac
567 1827 619 1883 aut
633 1819 769 1883 manibus
784 1822 865 1903 tangi
878 1831 930 1886 aut
944 1823 1037 1886 oculis
1052 1823 1142 1886 videri
1156 1829 1207 1884 aut
1220 1822 1283 1884 aliis
1298 1821 1433 1903 corporis
1448 1837 1512 1884 sen·

353 1922 435 1987 sibus
449 1922 560 2006 percipi
584 1931 721 2004 possent,
747 1923 819 1986 nihil
842 1942 904 1987 non
928 1926 1053 1989 mortale
1074 1934 1106 1988 et
1119 1924 1263 1988 caducum
1278 1942 1344 1987 esse
1359 1931 1512 1995 conseret,

353 2043 538 2107 consequens
560 2033 632 2100 erat,
654 2032 689 2088 ut
709 2030 760 2089 aut
781 2027 986 2092 immortalitas
1007 2027 1093 2110 plane
1115 2046 1262 2111 nusquam
1279 2045 1345 2089 esse
1361 2026 1511 2095 diceretur,

353 2129 383 2192 id
398 2129 478 2210 quod
493 2136 615 2211 propter
635 2119 806 2211 ἰσονομίαν
826 2131 916 2193 statui
935 2149 996 2194 non
1015 2138 1134 2214 posset,
1154 2138 1206 2195 aut
1225 2138 1260 2193 ut
1279 2148 1371 2213 mnes
1386 2149 1440 2193 eos
1454 2146 1513 2191 esse

354 2231 533 2310 crederetur,
556 2249 683 2315 quorum
706 2233 848 2315 imagines
869 2242 1038 2297 constantes
1060 2235 1166 2317 suique
1181 2252 1300 2316 semper
1321 2233 1435 2296 similes
1451 2250 1511 2295 om·

353 2336 443 2420 nique
457 2334 678 2399 imminutionis
697 2355 733 2398 ac
752 2336 939 2401 mortalitatis
958 2344 1031 2401 uota
1050 2346 1182 2401 carentes
1213 2355 1275 2401 non
1304 2336 1442 2400 sensibus
1465 2334 1512 2399 sed

267 2438 272 2449 '
352 2439 410 2522 ipsi
434 2437 582 2502 animose
605 2437 761 2517 offerrent,
781 2439 813 2502 h.
836 2459 862 2502 e.
885 2458 976 2524 penes
998 2441 1080 2504 deos.
1103 2475 1145 2486 -
1168 2439 1262 2503 Simili
1289 2445 1387 2503 autem
1411 2456 1512 2521 genere

354 2541 524 2624 disputandi
549 2540 639 2605 etiam
666 2540 702 2604 ad
730 2541 942 2605 beatitudinem
970 2546 1094 2607 deorum
1124 2543 1307 2626 probandam
1334 2544 1378 2606 uti
1405 2541 1511 2606 licebat

354 2645 429 2709 Nam
461 2663 527 2707 esse
557 2642 769 2708 beatitudinem
800 2644 962 2710 infelicitati
990 2647 1167 2711 contrariam
1197 2647 1300 2710 eadem
1329 2646 1378 2709 illa
1407 2636 1512 2709 ἰσονο-

352 2747 432 2830 μίας
456 2747 502 2810 lex
526 2747 707 2831 postulabat,
732 2767 884 2831 quumque
908 2749 941 2812 in
965 2751 1053 2815 terris
1077 2750 1224 2831 rebusque
1246 2749 1423 2813 mortalibus
1447 2745 1512 2810 nhil

354 2857 433 2914 asset
458 2868 494 2913 ex
519 2850 601 2914 omni
625 2855 708 2934 parte
730 2852 867 2928 beatum,
892 2871 1043 2917 summam
1065 2859 1154 2937 atque
1173 2853 1334 2936 perlectam
1359 2848 1512 2914 heatitudi-

354 2955 441 3017 σαντ’
449 2955 488 3033 ⁰),
505 2952 623 3035 qualem
638 2953 744 3018 obnubi
757 2963 858 3019 tamen
869 2975 934 3019 osee
945 2965 1104 3040 oporteret,
1120 2965 1352 3021 consentaneum
1362 2964 1429 3019 erat
1441 2950 1512 3035 apud

354 3055 474 3119 eosdom
489 3075 554 3120 esse
569 3056 659 3132 credi,
673 3058 751 3139 apud
766 3077 842 3141 quos
855 3068 934 3124 esset
945 3061 1162 3124 immortalitas.
1173 3093 1217 3106 -
1231 3060 1273 3123 lle
1288 3059 1345 3122 hoc
1357 3072 1511 3139 argumen-

353 3158 435 3223 tandi
448 3175 556 3239 genere
569 3166 721 3241 umunque
735 3160 925 3235 iudicabitur,
945 3163 1005 3226 hoc
1018 3167 1119 3227 umen
1133 3162 1287 3226 latendum
1302 3161 1373 3237 erit,
1394 3177 1458 3225 non
1471 3159 1511 3220 in·

353 3262 468 3326 firmius
483 3279 557 3338 csse,
572 3278 661 3342 quarn
677 3281 737 3345 quo
751 3263 824 3325 alios
840 3283 959 3349 quoque
973 3265 1129 3346 theologos
1143 3264 1387 3346 philosophantes
1397 3263 1431 3325 in
1445 3260 1511 3325 diri·

354 3467 396 3505 rea
403 3491 411 3521 ,
428 3453 473 3505 scd
488 3454 574 3520 potius
586 3454 635 3521 ipai
646 3455 745 3509 viribus
757 3456 811 3511 illis
823 3459 1055 3512 conservatrlcibus
1067 3460 1093 3512 in
1105 3459 1159 3513 vita
1171 3466 1290 3528 statuque
1302 3475 1349 3510 sno
1362 3472 1510 3513 coascrraa·

354 3546 405 3592 tur.
428 3539 486 3591 Non
503 3548 560 3592 crat
576 3540 656 3607 igitur
668 3558 714 3593 cur
724 3541 855 3611 Zellcrus,
875 3545 940 3596 illst.
954 3543 1016 3611 phil.
1028 3544 1068 3612 ΙΙΙ,
1084 3546 1093 3597 l
1109 3563 1133 3614 p.
1145 3546 1195 3598 tac
1208 3553 1260 3597 not
1274 3545 1286 3596 1
1301 3545 1367 3598 bunc
1379 3547 1463 3598 locun
1474 3542 1509 3596 (i-

355 3627 455 3679 caronis
477 3627 561 3679 errori
581 3627 754 3694 inputandam
774 3632 883 3698 putaret.
906 3629 985 3682 ilecto
1004 3631 1069 3683 enin
1082 3631 1227 3685 intellectus
1239 3632 1343 3684 minine
1355 3639 1451 3701 pugnat
1461 3645 1510 3685 ru

354 3710 460 3779 Epicuri
471 3713 597 3765 ”nuntia
609 3715 639 3766 de
651 3715 689 3765 dir
702 3714 802 3779 otiosis,
814 3717 859 3768 scd
872 3732 902 3768 ec
915 3725 1014 3770 tantum
1025 3719 1144 3786 pertinet,
1156 3725 1185 3770 ut
1196 3717 1319 3783 probetur
1332 3717 1394 3770 nihil
1407 3719 1510 3783 obstare,

353 3814 402 3867 quo
422 3798 504 3850 minus
525 3813 571 3866 per
592 3800 663 3852 viros
684 3798 744 3852 illas
763 3803 969 3858 conscrvatriccs
985 3805 1012 3857 di
1028 3804 1052 3857 in
1070 3812 1200 3857 acmrnnn
1212 3805 1361 3858 conservari
1372 3805 1510 3857 credantur.

353 3883 502 3937 hmndtm
519 3892 602 3938 tanen
619 3884 722 3940 Zellcro
735 3884 885 3954 lidhnerus,
907 3905 1017 3956 nuperus
1029 3891 1118 3943 harum
1129 3888 1254 3944 librorum
1265 3892 1403 3960 interpres,
1414 3891 1459 3943 scd
1471 3903 1508 3955 μ·

354 3985 411 4023 run
426 3971 540 4022 idoneus.

423 4056 466 4121 20)
484 4053 683 4127 Εὐδαιμονίαν
698 4052 856 4129 ἀκροτάτην
873 4055 1006 4115 ἐπίτασιν
1022 4059 1073 4116 οὐκ
1089 4057 1210 4133 ἔχουσαν
1226 4063 1350 4133 tlpicurus
1366 4064 1433 4132 apud
1444 4062 1509 4126 llius·

354 4142 384 4195 1..
395 4142 430 4208 Χ,
446 4141 491 4192 121
506 4143 570 4196 hanc
582 4141 720 4212 perlectam
731 4143 913 4201 beatitudinem
925 4147 995 4214 dicit,
1012 4163 1075 4217 quae
1087 4149 1193 4201 deorum
1204 4149 1251 4216 sit,
1269 4150 1420 4218 apponitque
1431 4149 1511 4200 anne

355 4243 415 4293 nac,
436 4243 500 4295 quae
521 4225 690 4298 προσθήκην
707 4230 754 4283 καὶ
767 4227 921 4302 ἀφαίρεσιν
932 4229 1044 4301 ἡδονῶν
1055 4235 1156 4288 haheat
1180 4232 1323 4288 &vitiatur
1334 4232 1510 4305 εὐδαιμονίας

355 4314 504 4366 vocabulum
525 4315 557 4366 ah
568 4315 679 4384 Epicuro
699 4325 848 4383 usurpatum
864 4318 957 4372 &atus
969 4319 1040 4388 limp.
1057 4321 1114 4374 adv.
1129 4321 1205 4392 Phys.
1220 4323 1303 4388 1,l·1;
1323 4314 1510 4392 μακαριότητι

355 4399 379 4452 si
391 4401 437 4454 illc
453 4400 570 4467 chinea,
583 4400 652 4455 nnlla
664 4401 804 4457 cavillandi
815 4420 892 4457 caasa
904 4404 979 4457 iorct.
