3276 5144
307 656 513 732 procuratores
527 649 596 712 iacti
610 654 689 726 sunt,
704 650 890 735 intelligatur.
916 651 1005 735 Atqui
1018 669 1079 714 non
1095 660 1174 715 recto
1184 653 1243 716 hoc
1252 653 1331 715 sumi
1342 652 1467 725 ridetur,

308 760 513 836 procuratores
532 771 549 814 e
568 752 756 815 nobilissimis
776 763 892 818 tantum
913 763 944 818 et
963 755 1223 836 praestantissimis
1250 755 1359 817 electos
1386 772 1466 817 esse:

308 854 491 935 eligebantur
509 856 677 937 quicunque
698 857 923 941 imperatoribus
951 858 1098 940 placerent
1118 867 1148 920 ct
1167 858 1266 921 idonei
1289 857 1466 931 riderentur,

308 958 390 1019 nullo
410 957 546 1020 claritatis
572 968 624 1020 aut
644 959 802 1022 nobilitatis
822 969 984 1042 respectu,
1002 970 1032 1025 et
1051 977 1264 1041 nonnunquam
1292 977 1330 1021 ne
1349 959 1468 1042 ingenui

308 1060 438 1141 quidem,
469 1060 519 1121 sed
549 1060 676 1122 libertini
696 1063 805 1124 ordinis
825 1063 971 1127 homines.
1010 1064 1093 1126 Hanc
1118 1063 1156 1126 ob
1185 1082 1305 1126 causam
1330 1063 1467 1125 assentiri

307 1162 418 1224 Kritzio
438 1179 500 1224 uon
522 1162 613 1242 magis
633 1182 721 1244 quam
741 1166 845 1227 ceteris
866 1167 1075 1248 interpretibus
1095 1184 1271 1246 possumus,
1289 1165 1466 1246 quibuscum

308 1264 366 1325 hoe
381 1264 408 1326 ei
428 1282 588 1327 commune
608 1274 662 1339 est,
688 1267 767 1348 quod
786 1269 874 1331 verba
893 1268 941 1329 illa
962 1287 1051 1348 quae
1072 1268 1261 1349 equestris
1286 1266 1466 1329 nobilitas

307 1367 413 1428 estad
428 1385 518 1429 unam
533 1369 729 1448 procuratorii
748 1370 880 1433 muneris
900 1370 1068 1444 notionem,
1090 1389 1165 1451 quae
1187 1370 1217 1431 in
1238 1377 1467 1452 procurato·

308 1488 386 1531 rum
408 1470 548 1532 vocabulo
570 1471 755 1551 intelligitur,
775 1473 894 1545 referri,
915 1491 1094 1554 quamquam
1115 1472 1229 1535 diverso
1250 1489 1350 1543 sensu,
1366 1470 1466 1533 voluit

307 1573 345 1634 lit
363 1591 451 1656 posse
472 1574 531 1634 boc
549 1574 612 1635 lieri
631 1574 783 1639 latendum
804 1577 905 1651 estu,
924 1576 1030 1639 debere
1052 1577 1113 1639 tisri
1129 1593 1280 1656 negamus.
1309 1574 1466 1653 Aliquanto

307 1674 487 1756 probabilius
501 1675 606 1737 reterri
620 1676 668 1737 illa
683 1678 770 1741 rerba
785 1697 845 1741 non
861 1680 897 1742 ad
912 1696 1005 1741 unum
1023 1678 1211 1751 vocabulum,
1226 1678 1279 1741 sed
1294 1677 1330 1741 ad
1345 1694 1465 1738 ornnem

308 1777 492 1858 superiorem
511 1779 745 1842 enuntiationem
767 1783 940 1856 iudicamus,
961 1788 995 1845 ul
1007 1781 1154 1863 equestris
1168 1781 1304 1842 nobilitas
1318 1779 1468 1862 Agricolae

307 1879 399 1941 luisse
413 1880 527 1943 dicatur
540 1890 707 1963 propterea,
723 1885 802 1964 quod
817 1905 903 1949 arum
919 1891 1080 1966 utmmquo
1099 1890 1319 1966 procuratorem
1337 1881 1468 1945 Caesaris

307 1980 449 2045 habuerit
475 1983 549 2045 Nam
565 1986 683 2065 propria
696 1987 857 2050 nobilitatis
872 1987 1044 2068 significatio
1060 1987 1137 2066 apud
1148 1987 1301 2049 Romanos
1311 1986 1385 2048 baec
1395 1991 1466 2057 erat,

307 2093 342 2147 ut
356 2085 501 2149 diceretur
516 2086 553 2148 do
568 2087 614 2158 iis,
634 2088 685 2169 qui
699 2098 837 2169 parentes
851 2099 903 2153 aut
916 2090 1043 2153 maiores
1057 2089 1199 2152 baberent
1213 2086 1364 2151 curulibus
1375 2086 1468 2166 magi·

307 2189 446 2251 stratibus
461 2188 589 2251 iunctos.
618 2190 655 2250 lli
674 2191 753 2253 enim
773 2193 886 2255 nobiles
907 2193 1098 2265 vocabantur,
1115 2190 1399 2272 opponebantnrque
1414 2189 1469 2251 boc

307 2292 428 2356 nomine
443 2291 613 2354 hominibus
629 2293 721 2367 norb,
737 2293 757 2355 i.
772 2314 799 2355 e.
815 2294 860 2369 iis,
877 2296 927 2377 qui
941 2296 1029 2377 primi
1044 2315 1080 2357 ex
1091 2294 1198 2357 familia
1211 2312 1264 2356 sua
1275 2292 1392 2356 curules
1404 2309 1468 2353 ma·

306 2395 445 2476 gistratus
460 2402 606 2475 ceperant.
637 2394 807 2458 Ciceronem
822 2416 849 2459 e.
866 2417 900 2471 c,
916 2399 983 2461 licet
996 2416 1116 2461 summo
1131 2397 1305 2476 magistratu
1319 2401 1467 2467 ornatuum,

307 2514 368 2560 non
390 2505 490 2559 tamen
505 2504 661 2577 propterea
678 2497 807 2560 nobilem
828 2500 921 2563 fuisse
941 2508 1071 2573 constat,
1099 2499 1207 2580 quippe
1227 2515 1320 2581 quum
1341 2496 1468 2559 maiores

308 2599 372 2662 eins
386 2599 473 2662 nullis
489 2599 531 2660 roi
546 2599 678 2679 publicae
694 2599 856 2669 bonoribus
869 2604 964 2666 iuncti
977 2608 1091 2676 essenl3
1113 2601 1260 2684 Sulpicius
1280 2607 1397 2669 conua,
1418 2597 1469 2679 qui

308 2702 372 2765 eins
387 2703 417 2764 in
438 2702 592 2764 consulatu
612 2705 790 2784 competitor
809 2705 881 2781 luit,
900 2707 1050 2787 antiquam
1071 2703 1253 2768 nobilitatem
1268 2702 1377 2765 babere
1392 2702 1467 2764 dici-

308 2808 413 2882 tort),
433 2804 517 2867 cuins
532 2823 566 2866 ex
582 2806 733 2868 annalibus
749 2809 892 2870 memoria
907 2809 1035 2870 eruenda
1049 2809 1097 2881 sit,
1114 2806 1223 2868 seilicet
1237 2812 1359 2888 propter
1373 2804 1467 2886 magi-

307 2912 417 2970 stratus
433 2906 503 2969 olim
526 2905 640 2969 abelus
654 2909 814 2973 maioribus
828 2919 937 2992 gestos.
956 2900 1006 2971 xbd
1020 2910 1079 2972 hoc
1091 2908 1260 2990 exemplum
1275 2908 1364 2988 igitur
1378 2910 1467 2970 eliam

307 3009 364 3073 sub
377 3008 614 3092 imperatoribus,
630 3029 722 3091 quum
737 3021 945 3094 procuratores
961 3011 1178 3094 provinciarum
1193 3031 1229 3074 er
1243 3010 1391 3091 equitibus
1405 3009 1469 3073 lieri

307 3115 444 3186 solerent,
459 3129 521 3174 non
535 3111 591 3173 illis
607 3112 687 3194 ipsis,
702 3114 753 3194 qui
767 3115 856 3196 primi
871 3134 906 3177 ox
920 3115 1030 3177 iamilia
1043 3133 1097 3177 sua
1111 3115 1147 3177 ad
1168 3114 1195 3175 id
1212 3131 1321 3175 munus
1337 3112 1468 3197 promoti

308 3222 417 3292 essem,
431 3216 482 3278 sed
498 3216 562 3279 liliis
578 3225 668 3297 atque
681 3217 840 3297 nepotibus
855 3236 958 3280 eorum
975 3216 1160 3280 nobilitatem
1180 3216 1328 3297 quandam
1350 3223 1467 3279 enatam

308 3339 374 3382 esse
388 3319 536 3395 dicemus,
557 3328 588 3382 et
606 3321 683 3382 banc
701 3319 793 3381 fuisse
812 3320 962 3400 Agricolae
981 3328 1150 3401 equestrem
1169 3319 1368 3393 nobilitatem,
1388 3318 1468 3399 qnod

307 3422 436 3487 duorum
451 3431 677 3506 procuratorum
691 3439 785 3504 nepos
800 3430 889 3485 esset
918 3421 1065 3484 intellexit
1078 3440 1143 3484 rem
1157 3422 1246 3485 etiam
1264 3420 1398 3483 Wexius:
1415 3419 1468 3481 sed

306 3523 333 3586 is
347 3524 424 3586 banc
442 3524 537 3604 ipsam
560 3523 598 3585 ob
618 3542 738 3586 cansam
759 3523 846 3585 verba
865 3523 914 3586 illa
934 3526 964 3585 in
985 3524 1185 3608 suspicionem
1201 3523 1314 3586 vocavit
1328 3532 1469 3604 tanquam

307 3625 345 3691 ab
364 3626 461 3707 aliquo
480 3625 687 3707 interpolatore
709 3626 829 3688 inserta.
860 3625 958 3700 „Quid
980 3626 1141 3691 attinebat“
1162 3625 1259 3707 inquit
1280 3635 1470 3706 „equestrem

307 3729 386 3792 illam
402 3728 585 3792 nobilitatem
604 3728 754 3808 Agricolae
775 3728 935 3801 vindicare,
959 3728 1042 3791 cuius
1064 3736 1178 3811 patrem
1200 3726 1341 3790 senatorii
1361 3726 1471 3789 ordinis

306 3831 399 3894 iubae
415 3850 448 3893 or
462 3831 606 3915 proximis
620 3830 713 3893 Taciti
729 3830 824 3893 serbis
846 3828 1098 3911 cognoscimns“?
1129 3830 1247 3893 Scilicet
1266 3830 1407 3893 senatorii
1421 3849 1472 3892 or·

307 3932 383 3996 dinis
397 3932 552 4013 splendore
567 3941 735 4013 equestrem
750 3933 838 3995 istam
853 3933 1035 3996 nobilitatem
1051 3933 1171 3995 Wexius
1192 3933 1266 3996 adeo
1285 3932 1471 3995 obscuratam

308 4042 338 4098 et
351 4034 511 4097 extinctam
526 4054 592 4097 esso
607 4035 709 4108 credit,
726 4043 759 4097 ut
772 4053 811 4097 ne
826 4035 1086 4098 commemoranda
1108 4034 1228 4115 quidem
1249 4035 1352 4099 Tacito
1371 4035 1471 4098 inerit

307 4137 340 4201 ld
355 4137 440 4200 nobis
454 4154 516 4198 non
530 4137 601 4200 satis
616 4136 801 4200 considerate
816 4137 977 4202 iudicatum
989 4136 1111 4199 videtur.
1136 4136 1279 4198 Ordinem
1291 4139 1472 4201 senatorium

309 4251 510 4263 υ,-

377 4306 401 4369 i)
420 4306 458 4358 Gi.
476 4322 499 4358 c.
512 4323 534 4358 s.
547 4306 604 4359 Lis.
617 4306 705 4371 XXX,
718 4308 742 4372 7,
755 4309 782 4359 5:
804 4308 922 4361 Senatum
944 4309 1029 4376 itaque
1052 4308 1172 4371 suffetes,
1192 4308 1258 4376 qnod
1274 4308 1407 4359 eonsnlarc
1424 4308 1473 4359 ln·

307 4390 407 4458 perium
419 4391 483 4458 apud
496 4406 540 4441 eos
552 4399 617 4457 crat,
631 4399 797 4443 vomuerunt.

378 4475 404 4542 2)
422 4476 475 4529 Cir.
488 4493 526 4545 pr.
539 4475 606 4529 blnr.
618 4494 642 4529 c.
654 4480 679 4545 t,
692 4477 735 4529 16.
