<?xml version="1.0" encoding="UTF-8"?>
<!DOCTYPE html PUBLIC "-//W3C//DTD XHTML 1.0 Transitional//EN"
    "http://www.w3.org/TR/xhtml1/DTD/xhtml1-transitional.dtd">
<html xmlns="http://www.w3.org/1999/xhtml" xml:lang="en" lang="en">
 <head>
  <title>
</title>
<meta http-equiv="Content-Type" content="text/html;charset=utf-8" />
  <meta name='ocr-system' content='tesseract 3.04.00' />
  <meta name='ocr-capabilities' content='ocr_page ocr_carea ocr_par ocr_line ocrx_word'/>
</head>
<body>
  <div class='ocr_page' id='page_1' title='image "./opusculaacademi00schogoog_0038.png"; bbox 0 0 3164 5138; ppageno 0'>
   <div class='ocr_carea' id='block_1_1' title="bbox 704 475 744 538">
    <p class='ocr_par' dir='ltr' id='par_1_1' title="bbox 704 475 744 538">
     <span class='ocr_line' id='line_1_1' title="bbox 704 475 744 538; baseline -0.025 0"><span class='ocrx_word' id='word_1_1' title='bbox 704 475 744 538; x_wconf 77' lang='lat' dir='ltr'><strong>at</strong></span> 
     </span>
    </p>
   </div>
   <div class='ocr_carea' id='block_1_2' title="bbox 8 662 1357 4537">
    <p class='ocr_par' dir='ltr' id='par_1_2' title="bbox 128 662 1357 1358">
     <span class='ocr_line' id='line_1_2' title="bbox 128 662 1303 738; baseline 0 -13"><span class='ocrx_word' id='word_1_2' title='bbox 128 680 182 725; x_wconf 87' lang='lat' dir='ltr'><strong>usu</strong></span> <span class='ocrx_word' id='word_1_3' title='bbox 198 668 251 724; x_wconf 87' lang='lat' dir='ltr'><strong>ant</strong></span> <span class='ocrx_word' id='word_1_4' title='bbox 270 671 387 726; x_wconf 89' lang='lat' dir='ltr'><strong>ornatu</strong></span> <span class='ocrx_word' id='word_1_5' title='bbox 410 663 704 727; x_wconf 76' lang='lat' dir='ltr'><strong>commendationem</strong></span> <span class='ocrx_word' id='word_1_6' title='bbox 721 662 830 724; x_wconf 91' lang='lat' dir='ltr'><strong>habere</strong></span> <span class='ocrx_word' id='word_1_7' title='bbox 843 662 1007 738; x_wconf 82' lang='lat' dir='ltr'><strong>rideantur,</strong></span> <span class='ocrx_word' id='word_1_8' title='bbox 1027 665 1190 726; x_wconf 76' lang='lat' dir='ltr'><strong>accuratius</strong></span> <span class='ocrx_word' id='word_1_9' title='bbox 1205 675 1303 725; x_wconf 86' lang='lat' dir='ltr'><strong>tamen</strong></span> 
     </span>
     <span class='ocr_line' id='line_1_3' title="bbox 135 764 1304 847; baseline 0 -20"><span class='ocrx_word' id='word_1_10' title='bbox 135 765 308 828; x_wconf 75' lang='lat' dir='ltr'>examinanti</span> <span class='ocrx_word' id='word_1_11' title='bbox 327 765 445 846; x_wconf 85' lang='lat' dir='ltr'><strong>ahquid</strong></span> <span class='ocrx_word' id='word_1_12' title='bbox 466 766 598 847; x_wconf 89' lang='lat' dir='ltr'><strong>scrupuli</strong></span> <span class='ocrx_word' id='word_1_13' title='bbox 617 764 752 828; x_wconf 81' lang='lat' dir='ltr'><strong>iuiiciant</strong></span> <span class='ocrx_word' id='word_1_14' title='bbox 795 766 890 845; x_wconf 78' lang='lat' dir='ltr'><strong>Atque</strong></span> <span class='ocrx_word' id='word_1_15' title='bbox 908 784 943 827; x_wconf 85' lang='lat' dir='ltr'><strong>cx</strong></span> <span class='ocrx_word' id='word_1_16' title='bbox 962 765 1022 828; x_wconf 91' lang='lat' dir='ltr'><strong>hcc</strong></span> <span class='ocrx_word' id='word_1_17' title='bbox 1035 783 1140 845; x_wconf 75' lang='lat' dir='ltr'><strong>genere</strong></span> <span class='ocrx_word' id='word_1_18' title='bbox 1154 784 1208 845; x_wconf 80' lang='lat' dir='ltr'><strong>ego</strong></span> <span class='ocrx_word' id='word_1_19' title='bbox 1228 766 1304 827; x_wconf 85' lang='lat' dir='ltr'><strong>lrsrrc</strong></span> 
     </span>
     <span class='ocr_line' id='line_1_4' title="bbox 138 867 1301 949; baseline -0.001 -18"><span class='ocrx_word' id='word_1_20' title='bbox 138 877 247 948; x_wconf 84' lang='lat' dir='ltr'><strong>partem</strong></span> <span class='ocrx_word' id='word_1_21' title='bbox 258 869 364 931; x_wconf 75' lang='lat' dir='ltr'>Iliadis</span> <span class='ocrx_word' id='word_1_22' title='bbox 379 871 527 943; x_wconf 74' lang='lat' dir='ltr'><strong>eccesie,</strong></span> <span class='ocrx_word' id='word_1_23' title='bbox 546 870 582 930; x_wconf 90' lang='lat' dir='ltr'><strong>de</strong></span> <span class='ocrx_word' id='word_1_24' title='bbox 596 886 654 947; x_wconf 91' lang='lat' dir='ltr'><strong>qua</strong></span> <span class='ocrx_word' id='word_1_25' title='bbox 668 867 763 929; x_wconf 87' lang='lat' dir='ltr'><strong>dicere</strong></span> <span class='ocrx_word' id='word_1_26' title='bbox 776 886 939 948; x_wconf 88' lang='lat' dir='ltr'><strong>coeperam,</strong></span> <span class='ocrx_word' id='word_1_27' title='bbox 956 886 1030 949; x_wconf 88' lang='lat' dir='ltr'><strong>quae</strong></span> <span class='ocrx_word' id='word_1_28' title='bbox 1046 885 1138 947; x_wconf 87' lang='lat' dir='ltr'><strong>quum</strong></span> <span class='ocrx_word' id='word_1_29' title='bbox 1153 868 1301 930; x_wconf 85' lang='lat' dir='ltr'><strong>Nitzschic</strong></span> 
     </span>
     <span class='ocr_line' id='line_1_5' title="bbox 142 970 1302 1053; baseline -0.001 -21"><span class='ocrx_word' id='word_1_30' title='bbox 142 980 172 1032; x_wconf 90' lang='lat' dir='ltr'><strong>ut</strong></span> <span class='ocrx_word' id='word_1_31' title='bbox 183 984 306 1052; x_wconf 81' lang='lat' dir='ltr'><strong>perapta</strong></span> <span class='ocrx_word' id='word_1_32' title='bbox 324 980 357 1034; x_wconf 90' lang='lat' dir='ltr'><strong>et</strong></span> <span class='ocrx_word' id='word_1_33' title='bbox 374 972 516 1053; x_wconf 90' lang='lat' dir='ltr'><strong>populari</strong></span> <span class='ocrx_word' id='word_1_34' title='bbox 533 971 638 1034; x_wconf 78' lang='lat' dir='ltr'><strong>ratiord</strong></span> <span class='ocrx_word' id='word_1_35' title='bbox 657 970 790 1050; x_wconf 89' lang='lat' dir='ltr'><strong>apprime</strong></span> <span class='ocrx_word' id='word_1_36' title='bbox 809 972 983 1033; x_wconf 83' lang='lat' dir='ltr'><strong>conveniens</strong></span> <span class='ocrx_word' id='word_1_37' title='bbox 998 986 1175 1050; x_wconf 78' lang='lat' dir='ltr'><strong>magnopere</strong></span> <span class='ocrx_word' id='word_1_38' title='bbox 1194 971 1302 1051; x_wconf 90' lang='lat' dir='ltr'><strong>probe·</strong></span> 
     </span>
     <span class='ocr_line' id='line_1_6' title="bbox 144 1073 1304 1156; baseline -0.003 -19"><span class='ocrx_word' id='word_1_39' title='bbox 144 1083 202 1147; x_wconf 84' lang='lat' dir='ltr'><strong>tur,</strong></span> <span class='ocrx_word' id='word_1_40' title='bbox 215 1076 290 1136; x_wconf 91' lang='lat' dir='ltr'><strong>mihi</strong></span> <span class='ocrx_word' id='word_1_41' title='bbox 303 1093 369 1137; x_wconf 89' lang='lat' dir='ltr'><strong>non</strong></span> <span class='ocrx_word' id='word_1_42' title='bbox 384 1074 475 1136; x_wconf 91' lang='lat' dir='ltr'><strong>modo</strong></span> <span class='ocrx_word' id='word_1_43' title='bbox 491 1084 613 1156; x_wconf 87' lang='lat' dir='ltr'><strong>propter</strong></span> <span class='ocrx_word' id='word_1_44' title='bbox 631 1091 694 1146; x_wconf 90' lang='lat' dir='ltr'><strong>eas,</strong></span> <span class='ocrx_word' id='word_1_45' title='bbox 708 1090 781 1151; x_wconf 89' lang='lat' dir='ltr'><strong>quas</strong></span> <span class='ocrx_word' id='word_1_46' title='bbox 795 1073 884 1152; x_wconf 77' lang='lat' dir='ltr'><strong>tetigi,</strong></span> <span class='ocrx_word' id='word_1_47' title='bbox 899 1073 1028 1136; x_wconf 89' lang='lat' dir='ltr'><strong>rationes</strong></span> <span class='ocrx_word' id='word_1_48' title='bbox 1042 1073 1227 1135; x_wconf 81' lang='lat' dir='ltr'><strong>vehementer</strong></span> <span class='ocrx_word' id='word_1_49' title='bbox 1242 1073 1304 1134; x_wconf 87' lang='lat' dir='ltr'><strong>dis·</strong></span> 
     </span>
     <span class='ocr_line' id='line_1_7' title="bbox 145 1174 1303 1257; baseline -0.002 -18"><span class='ocrx_word' id='word_1_50' title='bbox 145 1178 236 1257; x_wconf 69' lang='lat' dir='ltr'><strong>plicet</strong></span> <span class='ocrx_word' id='word_1_51' title='bbox 250 1177 304 1239; x_wconf 85' lang='lat' dir='ltr'><strong>sed</strong></span> <span class='ocrx_word' id='word_1_52' title='bbox 319 1177 408 1239; x_wconf 58' lang='lat' dir='ltr'><strong>mam</strong></span> <span class='ocrx_word' id='word_1_53' title='bbox 423 1187 545 1257; x_wconf 91' lang='lat' dir='ltr'><strong>propter</strong></span> <span class='ocrx_word' id='word_1_54' title='bbox 560 1177 629 1239; x_wconf 86' lang='lat' dir='ltr'><strong>allas</strong></span> <span class='ocrx_word' id='word_1_55' title='bbox 644 1175 784 1256; x_wconf 86' lang='lat' dir='ltr'><strong>quasdam</strong></span> <span class='ocrx_word' id='word_1_56' title='bbox 800 1176 988 1239; x_wconf 80' lang='lat' dir='ltr'><strong>offensiones.</strong></span> <span class='ocrx_word' id='word_1_57' title='bbox 1019 1175 1130 1239; x_wconf 89' lang='lat' dir='ltr'><strong>IIarum</strong></span> <span class='ocrx_word' id='word_1_58' title='bbox 1144 1193 1203 1239; x_wconf 89' lang='lat' dir='ltr'><strong>una</strong></span> <span class='ocrx_word' id='word_1_59' title='bbox 1216 1174 1303 1237; x_wconf 88' lang='lat' dir='ltr'><strong>etiam</strong></span> 
     </span>
     <span class='ocr_line' id='line_1_8' title="bbox 146 1277 1357 1358; baseline -0.002 -20"><span class='ocrx_word' id='word_1_60' title='bbox 146 1288 254 1341; x_wconf 73' lang='lat' dir='ltr'><strong>veteres</strong></span> <span class='ocrx_word' id='word_1_61' title='bbox 268 1278 390 1341; x_wconf 84' lang='lat' dir='ltr'><strong>criticos</strong></span> <span class='ocrx_word' id='word_1_62' title='bbox 404 1296 466 1341; x_wconf 91' lang='lat' dir='ltr'><strong>non</strong></span> <span class='ocrx_word' id='word_1_63' title='bbox 481 1279 588 1341; x_wconf 76' lang='lat' dir='ltr'><strong>fefellit:</strong></span> <span class='ocrx_word' id='word_1_64' title='bbox 602 1277 809 1358; x_wconf 77' lang='lat' dir='ltr'><strong>Pylaemenem</strong></span> <span class='ocrx_word' id='word_1_65' title='bbox 828 1277 908 1354; x_wconf 89' lang='lat' dir='ltr'><strong>dico,</strong></span> <span class='ocrx_word' id='word_1_66' title='bbox 927 1280 1036 1343; x_wconf 88' lang='lat' dir='ltr'><strong>nudIus</strong></span> <span class='ocrx_word' id='word_1_67' title='bbox 1049 1278 1153 1341; x_wconf 89' lang='lat' dir='ltr'><strong>tertius</strong></span> <span class='ocrx_word' id='word_1_68' title='bbox 1169 1277 1299 1341; x_wconf 88' lang='lat' dir='ltr'><strong>aliene·</strong></span> <span class='ocrx_word' id='word_1_69' title='bbox 1325 1286 1357 1336; x_wconf 80' lang='lat'><strong>22</strong></span> 
     </span>
    </p>

    <p class='ocr_par' dir='ltr' id='par_1_3' title="bbox 8 1380 1306 4537">
     <span class='ocr_line' id='line_1_9' title="bbox 145 1380 1304 1454; baseline -0.002 -10"><span class='ocrx_word' id='word_1_70' title='bbox 145 1383 189 1444; x_wconf 87' lang='lat' dir='ltr'><strong>lac</strong></span> <span class='ocrx_word' id='word_1_71' title='bbox 212 1392 243 1443; x_wconf 92' lang='lat' dir='ltr'><strong>et</strong></span> <span class='ocrx_word' id='word_1_72' title='bbox 256 1382 414 1445; x_wconf 78' lang='lat' dir='ltr'><strong>hutilosho</strong></span> <span class='ocrx_word' id='word_1_73' title='bbox 435 1382 631 1454; x_wconf 76' lang='lat' dir='ltr'><strong>interfectum,</strong></span> <span class='ocrx_word' id='word_1_74' title='bbox 647 1380 679 1454; x_wconf 88' lang='lat' dir='ltr'><strong>V,</strong></span> <span class='ocrx_word' id='word_1_75' title='bbox 693 1381 769 1454; x_wconf 81' lang='lat'><strong>578,</strong></span> <span class='ocrx_word' id='word_1_76' title='bbox 790 1399 870 1443; x_wconf 78' lang='lat' dir='ltr'><strong>nimo</strong></span> <span class='ocrx_word' id='word_1_77' title='bbox 889 1390 985 1444; x_wconf 88' lang='lat' dir='ltr'><strong>autem</strong></span> <span class='ocrx_word' id='word_1_78' title='bbox 1000 1382 1050 1444; x_wconf 82' lang='lat' dir='ltr'><strong>lilii</strong></span> <span class='ocrx_word' id='word_1_79' title='bbox 1065 1381 1110 1444; x_wconf 90' lang='lat' dir='ltr'><strong>sui</strong></span> <span class='ocrx_word' id='word_1_80' title='bbox 1130 1382 1218 1444; x_wconf 72' lang='lat' dir='ltr'><strong>murus</strong></span> <span class='ocrx_word' id='word_1_81' title='bbox 1237 1398 1304 1442; x_wconf 88' lang='lat' dir='ltr'><strong>cum</strong></span> 
     </span>
     <span class='ocr_line' id='line_1_10' title="bbox 145 1482 1304 1565; baseline 0 -19"><span class='ocrx_word' id='word_1_82' title='bbox 145 1484 272 1546; x_wconf 70' lang='lat' dir='ltr'><strong>lacrimis</strong></span> <span class='ocrx_word' id='word_1_83' title='bbox 290 1492 525 1565; x_wconf 76' lang='lat' dir='ltr'><strong>prosequentem,</strong></span> <span class='ocrx_word' id='word_1_84' title='bbox 539 1483 614 1558; x_wconf 84' lang='lat' dir='ltr'><strong>xut,</strong></span> <span class='ocrx_word' id='word_1_85' title='bbox 630 1482 701 1545; x_wconf 76' lang='lat'><strong>658.</strong></span> <span class='ocrx_word' id='word_1_86' title='bbox 718 1483 752 1544; x_wconf 86' lang='lat'><strong>9:</strong></span> <span class='ocrx_word' id='word_1_87' title='bbox 767 1483 823 1546; x_wconf 90' lang='lat' dir='ltr'><strong>nisi</strong></span> <span class='ocrx_word' id='word_1_88' title='bbox 837 1484 903 1565; x_wconf 88' lang='lat' dir='ltr'><strong>quis</strong></span> <span class='ocrx_word' id='word_1_89' title='bbox 918 1487 994 1547; x_wconf 90' lang='lat' dir='ltr'><strong>Icrte</strong></span> <span class='ocrx_word' id='word_1_90' title='bbox 1007 1485 1043 1546; x_wconf 93' lang='lat' dir='ltr'><strong>iis</strong></span> <span class='ocrx_word' id='word_1_91' title='bbox 1057 1485 1146 1547; x_wconf 86' lang='lat' dir='ltr'><strong>fidem</strong></span> <span class='ocrx_word' id='word_1_92' title='bbox 1160 1484 1304 1563; x_wconf 77' lang='lat' dir='ltr'><strong>adiungat</strong></span> 
     </span>
     <span class='ocr_line' id='line_1_11' title="bbox 146 1585 1304 1666; baseline 0 -19"><span class='ocrx_word' id='word_1_93' title='bbox 146 1586 194 1666; x_wconf 90' lang='lat' dir='ltr'><strong>qui</strong></span> <span class='ocrx_word' id='word_1_94' title='bbox 213 1585 293 1647; x_wconf 90' lang='lat' dir='ltr'><strong>duos</strong></span> <span class='ocrx_word' id='word_1_95' title='bbox 311 1585 498 1665; x_wconf 75' lang='lat' dir='ltr'><strong>Pphemenes</strong></span> <span class='ocrx_word' id='word_1_96' title='bbox 518 1586 547 1647; x_wconf 90' lang='lat' dir='ltr'><strong>in</strong></span> <span class='ocrx_word' id='word_1_97' title='bbox 566 1587 693 1648; x_wconf 81' lang='lat' dir='ltr'><strong>exercitu</strong></span> <span class='ocrx_word' id='word_1_98' title='bbox 707 1586 798 1648; x_wconf 84' lang='lat' dir='ltr'><strong>luisse</strong></span> <span class='ocrx_word' id='word_1_99' title='bbox 812 1594 957 1662; x_wconf 86' lang='lat' dir='ltr'><strong>statuunt,</strong></span> <span class='ocrx_word' id='word_1_100' title='bbox 978 1595 1027 1649; x_wconf 87' lang='lat' dir='ltr'><strong>aut</strong></span> <span class='ocrx_word' id='word_1_101' title='bbox 1046 1587 1101 1648; x_wconf 89' lang='lat' dir='ltr'><strong>alia</strong></span> <span class='ocrx_word' id='word_1_102' title='bbox 1114 1587 1201 1666; x_wconf 76' lang='lat' dir='ltr'><strong>longe</strong></span> <span class='ocrx_word' id='word_1_103' title='bbox 1220 1586 1304 1665; x_wconf 91' lang='lat' dir='ltr'><strong>inep-</strong></span> 
     </span>
     <span class='ocr_line' id='line_1_12' title="bbox 145 1687 1303 1769; baseline 0.002 -21"><span class='ocrx_word' id='word_1_104' title='bbox 145 1688 220 1749; x_wconf 81' lang='lat' dir='ltr'><strong>tiora</strong></span> <span class='ocrx_word' id='word_1_105' title='bbox 251 1687 524 1749; x_wconf 78' lang='lat' dir='ltr'><strong>commimscuntur.</strong></span> <span class='ocrx_word' id='word_1_106' title='bbox 578 1688 652 1750; x_wconf 87' lang='lat' dir='ltr'><strong>Nam</strong></span> <span class='ocrx_word' id='word_1_107' title='bbox 674 1689 711 1750; x_wconf 92' lang='lat' dir='ltr'><strong>ab</strong></span> <span class='ocrx_word' id='word_1_108' title='bbox 736 1688 945 1769; x_wconf 70' lang='lat' dir='ltr'><strong>interpolatore</strong></span> <span class='ocrx_word' id='word_1_109' title='bbox 977 1690 1053 1751; x_wconf 88' lang='lat' dir='ltr'><strong>duos</strong></span> <span class='ocrx_word' id='word_1_110' title='bbox 1079 1706 1199 1762; x_wconf 81' lang='lat' dir='ltr'><strong>versus,</strong></span> <span class='ocrx_word' id='word_1_111' title='bbox 1230 1687 1303 1763; x_wconf 83' lang='lat' dir='ltr'>XIII,</span> 
     </span>
     <span class='ocr_line' id='line_1_13' title="bbox 146 1788 1304 1871; baseline 0.002 -21"><span class='ocrx_word' id='word_1_112' title='bbox 146 1789 218 1863; x_wconf 78' lang='grc'><strong>658,</strong></span> <span class='ocrx_word' id='word_1_113' title='bbox 232 1789 264 1861; x_wconf 82' lang='grc'><strong>9,</strong></span> <span class='ocrx_word' id='word_1_114' title='bbox 282 1788 412 1852; x_wconf 86' lang='lat' dir='ltr'><strong>adiectos</strong></span> <span class='ocrx_word' id='word_1_115' title='bbox 432 1790 510 1852; x_wconf 88' lang='lat' dir='ltr'><strong>credi</strong></span> <span class='ocrx_word' id='word_1_116' title='bbox 524 1791 569 1853; x_wconf 82' lang='lat' dir='ltr'><strong>ris</strong></span> <span class='ocrx_word' id='word_1_117' title='bbox 583 1790 694 1864; x_wconf 85' lang='lat' dir='ltr'><strong>licebit,</strong></span> <span class='ocrx_word' id='word_1_118' title='bbox 714 1788 853 1871; x_wconf 91' lang='lat' dir='ltr'><strong>quoniam</strong></span> <span class='ocrx_word' id='word_1_119' title='bbox 872 1791 950 1853; x_wconf 90' lang='lat' dir='ltr'><strong>nulla</strong></span> <span class='ocrx_word' id='word_1_120' title='bbox 968 1810 1006 1854; x_wconf 90' lang='lat' dir='ltr'><strong>ne</strong></span> <span class='ocrx_word' id='word_1_121' title='bbox 1024 1791 1170 1853; x_wconf 79' lang='lat' dir='ltr'><strong>levissima</strong></span> <span class='ocrx_word' id='word_1_122' title='bbox 1186 1791 1304 1871; x_wconf 89' lang='lat' dir='ltr'><strong>quidem</strong></span> 
     </span>
     <span class='ocr_line' id='line_1_14' title="bbox 145 1891 1303 1974; baseline -0.001 -20"><span class='ocrx_word' id='word_1_123' title='bbox 145 1910 233 1954; x_wconf 78' lang='lat' dir='ltr'><strong>mosa</strong></span> <span class='ocrx_word' id='word_1_124' title='bbox 250 1891 318 1954; x_wconf 85' lang='lat' dir='ltr'><strong>talis</strong></span> <span class='ocrx_word' id='word_1_125' title='bbox 336 1892 567 1973; x_wconf 81' lang='lat' dir='ltr'><strong>interpolationis</strong></span> <span class='ocrx_word' id='word_1_126' title='bbox 586 1893 740 1972; x_wconf 76' lang='lat' dir='ltr'><strong>excogitari</strong></span> <span class='ocrx_word' id='word_1_127' title='bbox 759 1900 865 1973; x_wconf 86' lang='lat' dir='ltr'><strong>potest</strong></span> <span class='ocrx_word' id='word_1_128' title='bbox 908 1892 997 1974; x_wconf 80' lang='lat' dir='ltr'><strong>blagis</strong></span> <span class='ocrx_word' id='word_1_129' title='bbox 1017 1894 1173 1967; x_wconf 75' lang='lat' dir='ltr'><strong>accendar,</strong></span> <span class='ocrx_word' id='word_1_130' title='bbox 1193 1893 1218 1954; x_wconf 93' lang='lat' dir='ltr'><strong>si</strong></span> <span class='ocrx_word' id='word_1_131' title='bbox 1237 1893 1303 1972; x_wconf 91' lang='lat' dir='ltr'><strong>quis</strong></span> 
     </span>
     <span class='ocr_line' id='line_1_15' title="bbox 145 1994 1303 2077; baseline -0.001 -22"><span class='ocrx_word' id='word_1_132' title='bbox 145 2014 198 2056; x_wconf 87' lang='lat' dir='ltr'><strong>eos</strong></span> <span class='ocrx_word' id='word_1_133' title='bbox 218 2010 323 2056; x_wconf 83' lang='lat' dir='ltr'><strong>sersus</strong></span> <span class='ocrx_word' id='word_1_134' title='bbox 343 1994 448 2069; x_wconf 87' lang='lat' dir='ltr'><strong>eiiciat,</strong></span> <span class='ocrx_word' id='word_1_135' title='bbox 469 1995 518 2074; x_wconf 92' lang='lat' dir='ltr'><strong>qui</strong></span> <span class='ocrx_word' id='word_1_136' title='bbox 533 2002 604 2057; x_wconf 90' lang='lat' dir='ltr'><strong>sunt</strong></span> <span class='ocrx_word' id='word_1_137' title='bbox 616 1995 653 2056; x_wconf 87' lang='lat' dir='ltr'><strong>de</strong></span> <span class='ocrx_word' id='word_1_138' title='bbox 668 1996 813 2076; x_wconf 86' lang='lat' dir='ltr'><strong>Neptuno,</strong></span> <span class='ocrx_word' id='word_1_139' title='bbox 828 1994 904 2069; x_wconf 83' lang='lat' dir='ltr'>XIII,</span> <span class='ocrx_word' id='word_1_140' title='bbox 924 1995 1070 2069; x_wconf 86' lang='grc'>18-38,</span> <span class='ocrx_word' id='word_1_141' title='bbox 1085 2003 1118 2059; x_wconf 92' lang='lat' dir='ltr'><strong>ut</strong></span> <span class='ocrx_word' id='word_1_142' title='bbox 1131 2004 1202 2077; x_wconf 90' lang='lat' dir='ltr'><strong>post</strong></span> <span class='ocrx_word' id='word_1_143' title='bbox 1215 1994 1303 2057; x_wconf 81' lang='lat' dir='ltr'><strong>verba</strong></span> 
     </span>
     <span class='ocr_line' id='line_1_16' title="bbox 145 2088 1306 2181; baseline 0.001 -23"><span class='ocrx_word' id='word_1_144' title='bbox 145 2092 296 2179; x_wconf 71' lang='grc' dir='ltr'><strong>κραιπνὰ</strong></span> <span class='ocrx_word' id='word_1_145' title='bbox 315 2091 401 2159; x_wconf 79' lang='grc' dir='ltr'><strong><em>ποσὶ</em></strong></span> <span class='ocrx_word' id='word_1_146' title='bbox 422 2091 589 2178; x_wconf 78' lang='grc' dir='ltr'><em>προβιβάς</em></span> <span class='ocrx_word' id='word_1_147' title='bbox 607 2097 706 2159; x_wconf 89' lang='lat' dir='ltr'><strong>statim</strong></span> <span class='ocrx_word' id='word_1_148' title='bbox 721 2106 860 2177; x_wconf 87' lang='lat' dir='ltr'><strong>sequatur</strong></span> <span class='ocrx_word' id='word_1_149' title='bbox 880 2090 899 2159; x_wconf 83' lang='lat' dir='ltr'><strong>d</strong></span> <span class='ocrx_word' id='word_1_150' title='bbox 922 2088 956 2159; x_wconf 82' lang='grc' dir='ltr'><strong>δ’</strong></span> <span class='ocrx_word' id='word_1_151' title='bbox 968 2088 1022 2180; x_wconf 68' lang='grc' dir='ltr'><strong>ἄρ’</strong></span> <span class='ocrx_word' id='word_1_152' title='bbox 1045 2094 1079 2172; x_wconf 74' lang='grc' dir='ltr'><strong>ἐς</strong></span> <span class='ocrx_word' id='word_1_153' title='bbox 1099 2091 1241 2181; x_wconf 80' lang='grc' dir='ltr'><strong><em>στρατόν</em></strong></span> <span class='ocrx_word' id='word_1_154' title='bbox 1255 2105 1306 2159; x_wconf 91' lang='lat' dir='ltr'><strong>aut</strong></span> 
     </span>
     <span class='ocr_line' id='line_1_17' title="bbox 8 2176 1304 2284; baseline 0 -22"><span class='ocrx_word' id='word_1_155' title='bbox 8 2176 9 2219; x_wconf 44' lang='lat'>¹</span> <span class='ocrx_word' id='word_1_156' title='bbox 144 2199 233 2262; x_wconf 87' lang='lat' dir='ltr'><strong>etiam</strong></span> <span class='ocrx_word' id='word_1_157' title='bbox 247 2192 335 2276; x_wconf 77' lang='grc' dir='ltr'><strong>τάχα</strong></span> <span class='ocrx_word' id='word_1_158' title='bbox 357 2190 436 2273; x_wconf 74' lang='grc' dir='ltr'><strong>δ’ἕς</strong></span> <span class='ocrx_word' id='word_1_159' title='bbox 450 2194 587 2284; x_wconf 77' lang='grc' dir='ltr'><strong><em>στρατὸν</em></strong></span> <span class='ocrx_word' id='word_1_160' title='bbox 606 2189 700 2283; x_wconf 70' lang='grc' dir='ltr'><strong><em>ᾤχετ’</em></strong></span> <span class='ocrx_word' id='word_1_161' title='bbox 713 2191 865 2280; x_wconf 79' lang='grc' dir='ltr'><strong><em>Ἀχαιῶν.</em></strong></span> <span class='ocrx_word' id='word_1_162' title='bbox 910 2200 984 2261; x_wconf 88' lang='lat' dir='ltr'><strong>Nam</strong></span> <span class='ocrx_word' id='word_1_163' title='bbox 999 2216 1079 2261; x_wconf 88' lang='lat' dir='ltr'><strong>nuuc</strong></span> <span class='ocrx_word' id='word_1_164' title='bbox 1094 2200 1248 2280; x_wconf 85' lang='lat' dir='ltr'><strong>Neptunus</strong></span> <span class='ocrx_word' id='word_1_165' title='bbox 1262 2235 1304 2245; x_wconf 93' lang='lat'>—</span> 
     </span>
     <span class='ocr_line' id='line_1_18' title="bbox 144 2301 1304 2383; baseline 0 -19"><span class='ocrx_word' id='word_1_166' title='bbox 144 2320 218 2383; x_wconf 88' lang='lat' dir='ltr'><strong>pace</strong></span> <span class='ocrx_word' id='word_1_167' title='bbox 232 2301 392 2364; x_wconf 85' lang='lat' dir='ltr'><strong>maiestatis</strong></span> <span class='ocrx_word' id='word_1_168' title='bbox 412 2301 475 2362; x_wconf 91' lang='lat' dir='ltr'><strong>eius</strong></span> <span class='ocrx_word' id='word_1_169' title='bbox 495 2301 616 2363; x_wconf 77' lang='lat' dir='ltr'><strong>dixerim</strong></span> <span class='ocrx_word' id='word_1_170' title='bbox 631 2336 673 2348; x_wconf 85' lang='lat'><strong>—-</strong></span> <span class='ocrx_word' id='word_1_171' title='bbox 688 2303 776 2364; x_wconf 89' lang='lat' dir='ltr'><strong>nimis</strong></span> <span class='ocrx_word' id='word_1_172' title='bbox 796 2321 829 2364; x_wconf 88' lang='lat' dir='ltr'><strong>se</strong></span> <span class='ocrx_word' id='word_1_173' title='bbox 848 2302 981 2382; x_wconf 82' lang='lat' dir='ltr'><strong>Ineptum</strong></span> <span class='ocrx_word' id='word_1_174' title='bbox 1001 2302 1133 2383; x_wconf 90' lang='lat' dir='ltr'><strong>praebet,</strong></span> <span class='ocrx_word' id='word_1_175' title='bbox 1149 2302 1198 2382; x_wconf 90' lang='lat' dir='ltr'><strong>qui</strong></span> <span class='ocrx_word' id='word_1_176' title='bbox 1214 2320 1304 2382; x_wconf 89' lang='lat' dir='ltr'><strong>quum</strong></span> 
     </span>
     <span class='ocr_line' id='line_1_19' title="bbox 146 2403 1305 2479; baseline 0.002 -13"><span class='ocrx_word' id='word_1_177' title='bbox 146 2405 229 2466; x_wconf 89' lang='lat' dir='ltr'><strong>omni</strong></span> <span class='ocrx_word' id='word_1_178' title='bbox 247 2406 342 2467; x_wconf 89' lang='lat' dir='ltr'><strong>modo</strong></span> <span class='ocrx_word' id='word_1_179' title='bbox 358 2421 459 2465; x_wconf 85' lang='lat' dir='ltr'><strong>carcre</strong></span> <span class='ocrx_word' id='word_1_180' title='bbox 480 2403 608 2479; x_wconf 87' lang='lat' dir='ltr'><strong>deberet,</strong></span> <span class='ocrx_word' id='word_1_181' title='bbox 626 2422 664 2464; x_wconf 90' lang='lat' dir='ltr'><strong>ne</strong></span> <span class='ocrx_word' id='word_1_182' title='bbox 683 2422 700 2465; x_wconf 89' lang='lat' dir='ltr'><strong>a</strong></span> <span class='ocrx_word' id='word_1_183' title='bbox 717 2404 786 2465; x_wconf 84' lang='lat' dir='ltr'><strong>Icve</strong></span> <span class='ocrx_word' id='word_1_184' title='bbox 801 2404 1089 2478; x_wconf 82' lang='lat' dir='ltr'><strong>animadverteretur,</strong></span> <span class='ocrx_word' id='word_1_185' title='bbox 1109 2413 1191 2468; x_wconf 91' lang='lat' dir='ltr'><strong>tanto</strong></span> <span class='ocrx_word' id='word_1_186' title='bbox 1207 2413 1305 2468; x_wconf 68' lang='lat' dir='ltr'><strong>umen</strong></span> 
     </span>
     <span class='ocr_line' id='line_1_20' title="bbox 147 2505 1304 2589; baseline 0.001 -20"><span class='ocrx_word' id='word_1_187' title='bbox 147 2526 217 2569; x_wconf 89' lang='lat' dir='ltr'><strong>cum</strong></span> <span class='ocrx_word' id='word_1_188' title='bbox 243 2506 369 2587; x_wconf 87' lang='lat' dir='ltr'><strong>strepitu</strong></span> <span class='ocrx_word' id='word_1_189' title='bbox 388 2505 509 2579; x_wconf 84' lang='lat' dir='ltr'><strong>Incedit,</strong></span> <span class='ocrx_word' id='word_1_190' title='bbox 533 2515 565 2567; x_wconf 91' lang='lat' dir='ltr'><strong>ut</strong></span> <span class='ocrx_word' id='word_1_191' title='bbox 584 2514 701 2569; x_wconf 89' lang='lat' dir='ltr'><strong>montes</strong></span> <span class='ocrx_word' id='word_1_192' title='bbox 721 2505 866 2588; x_wconf 81' lang='lat' dir='ltr'><strong>siluaeque</strong></span> <span class='ocrx_word' id='word_1_193' title='bbox 891 2508 1108 2581; x_wconf 85' lang='lat' dir='ltr'><strong>concutientur,</strong></span> <span class='ocrx_word' id='word_1_194' title='bbox 1134 2509 1304 2589; x_wconf 87' lang='lat' dir='ltr'><strong>quasivero</strong></span> 
     </span>
     <span class='ocr_line' id='line_1_21' title="bbox 148 2608 1304 2691; baseline 0.003 -22"><span class='ocrx_word' id='word_1_195' title='bbox 148 2609 246 2670; x_wconf 80' lang='lat' dir='ltr'><strong>Iouem</strong></span> <span class='ocrx_word' id='word_1_196' title='bbox 270 2610 393 2672; x_wconf 90' lang='lat' dir='ltr'><strong>surdum</strong></span> <span class='ocrx_word' id='word_1_197' title='bbox 413 2610 522 2670; x_wconf 88' lang='lat' dir='ltr'><strong>Iactum</strong></span> <span class='ocrx_word' id='word_1_198' title='bbox 545 2608 674 2691; x_wconf 86' lang='lat' dir='ltr'><strong>nihilque</strong></span> <span class='ocrx_word' id='word_1_199' title='bbox 693 2627 851 2672; x_wconf 78' lang='lat' dir='ltr'><strong>sensarum</strong></span> <span class='ocrx_word' id='word_1_200' title='bbox 871 2611 1006 2673; x_wconf 84' lang='lat' dir='ltr'><strong>confidat.</strong></span> <span class='ocrx_word' id='word_1_201' title='bbox 1054 2610 1164 2672; x_wconf 87' lang='lat' dir='ltr'><strong>Ileinde</strong></span> <span class='ocrx_word' id='word_1_202' title='bbox 1184 2611 1304 2673; x_wconf 85' lang='lat' dir='ltr'><strong>Troiam</strong></span> 
     </span>
     <span class='ocr_line' id='line_1_22' title="bbox 147 2711 1303 2793; baseline 0.003 -22"><span class='ocrx_word' id='word_1_203' title='bbox 147 2711 321 2790; x_wconf 86' lang='lat' dir='ltr'><strong>properanti</strong></span> <span class='ocrx_word' id='word_1_204' title='bbox 340 2711 409 2792; x_wconf 92' lang='lat' dir='ltr'><strong>quid</strong></span> <span class='ocrx_word' id='word_1_205' title='bbox 428 2730 505 2791; x_wconf 91' lang='lat' dir='ltr'><strong>opus</strong></span> <span class='ocrx_word' id='word_1_206' title='bbox 529 2712 583 2772; x_wconf 90' lang='lat' dir='ltr'><strong>luit</strong></span> <span class='ocrx_word' id='word_1_207' title='bbox 601 2712 692 2792; x_wconf 76' lang='lat' dir='ltr'><strong>legas</strong></span> <span class='ocrx_word' id='word_1_208' title='bbox 712 2721 778 2774; x_wconf 88' lang='lat' dir='ltr'><strong>anto</strong></span> <span class='ocrx_word' id='word_1_209' title='bbox 797 2712 891 2785; x_wconf 90' lang='lat' dir='ltr'><strong>adire,</strong></span> <span class='ocrx_word' id='word_1_210' title='bbox 916 2712 1013 2793; x_wconf 79' lang='lat' dir='ltr'><strong>ibique</strong></span> <span class='ocrx_word' id='word_1_211' title='bbox 1032 2717 1120 2775; x_wconf 76' lang='lat' dir='ltr'><strong>cd&#39;nu</strong></span> <span class='ocrx_word' id='word_1_212' title='bbox 1140 2730 1303 2775; x_wconf 88' lang='lat' dir='ltr'><strong>conscenso</strong></span> 
     </span>
     <span class='ocr_line' id='line_1_23' title="bbox 147 2811 1304 2896; baseline 0 -21"><span class='ocrx_word' id='word_1_213' title='bbox 147 2813 302 2893; x_wconf 79' lang='lat' dir='ltr'><strong>magnifice</strong></span> <span class='ocrx_word' id='word_1_214' title='bbox 321 2832 375 2892; x_wconf 91' lang='lat' dir='ltr'><strong>per</strong></span> <span class='ocrx_word' id='word_1_215' title='bbox 393 2832 504 2893; x_wconf 89' lang='lat' dir='ltr'><strong>aequor</strong></span> <span class='ocrx_word' id='word_1_216' title='bbox 522 2811 650 2876; x_wconf 80' lang='lat' dir='ltr'><strong>vectari?</strong></span> <span class='ocrx_word' id='word_1_217' title='bbox 693 2814 800 2876; x_wconf 88' lang='lat' dir='ltr'><strong>Nonne</strong></span> <span class='ocrx_word' id='word_1_218' title='bbox 824 2814 874 2896; x_wconf 87' lang='lat' dir='ltr'><strong>qui</strong></span> <span class='ocrx_word' id='word_1_219' title='bbox 892 2813 986 2877; x_wconf 88' lang='lat' dir='ltr'><strong>tribus</strong></span> <span class='ocrx_word' id='word_1_220' title='bbox 1006 2815 1142 2895; x_wconf 87' lang='lat' dir='ltr'><strong>passibus</strong></span> <span class='ocrx_word' id='word_1_221' title='bbox 1162 2834 1178 2876; x_wconf 94' lang='lat' dir='ltr'><strong>a</strong></span> <span class='ocrx_word' id='word_1_222' title='bbox 1199 2814 1304 2876; x_wconf 90' lang='lat' dir='ltr'><strong>Samo·</strong></span> 
     </span>
     <span class='ocr_line' id='line_1_24' title="bbox 145 2914 1306 2999; baseline 0.001 -22"><span class='ocrx_word' id='word_1_223' title='bbox 145 2917 248 2977; x_wconf 85' lang='lat' dir='ltr'><strong>thrace</strong></span> <span class='ocrx_word' id='word_1_224' title='bbox 257 2916 351 2996; x_wconf 74' lang='lat' dir='ltr'><strong>Aegas</strong></span> <span class='ocrx_word' id='word_1_225' title='bbox 365 2916 506 2996; x_wconf 85' lang='lat' dir='ltr'><strong>pervenit,</strong></span> <span class='ocrx_word' id='word_1_226' title='bbox 521 2915 608 2977; x_wconf 66' lang='lat' dir='ltr'><strong>diam</strong></span> <span class='ocrx_word' id='word_1_227' title='bbox 618 2916 805 2996; x_wconf 88' lang='lat' dir='ltr'><strong>paucioribus</strong></span> <span class='ocrx_word' id='word_1_228' title='bbox 820 2916 956 2997; x_wconf 89' lang='lat' dir='ltr'><strong>passibus</strong></span> <span class='ocrx_word' id='word_1_229' title='bbox 968 2916 1088 2978; x_wconf 88' lang='lat' dir='ltr'><strong>Troiam</strong></span> <span class='ocrx_word' id='word_1_230' title='bbox 1103 2914 1306 2999; x_wconf 73' lang='lat' dir='ltr'><strong>pcnenisset?</strong></span> 
     </span>
     <span class='ocr_line' id='line_1_25' title="bbox 147 3017 1304 3099; baseline 0.001 -20"><span class='ocrx_word' id='word_1_231' title='bbox 147 3020 285 3098; x_wconf 80' lang='lat' dir='ltr'><strong>Inopus</strong></span> <span class='ocrx_word' id='word_1_232' title='bbox 307 3017 362 3079; x_wconf 84' lang='lat' dir='ltr'><strong>luit</strong></span> <span class='ocrx_word' id='word_1_233' title='bbox 374 3017 517 3093; x_wconf 85' lang='lat' dir='ltr'><strong>vehiculo,</strong></span> <span class='ocrx_word' id='word_1_234' title='bbox 532 3018 628 3099; x_wconf 90' lang='lat' dir='ltr'><strong>quod,</strong></span> <span class='ocrx_word' id='word_1_235' title='bbox 648 3018 699 3080; x_wconf 93' lang='lat' dir='ltr'><strong>ubi</strong></span> <span class='ocrx_word' id='word_1_236' title='bbox 714 3019 841 3087; x_wconf 82' lang='lat' dir='ltr'><strong>advenit,</strong></span> <span class='ocrx_word' id='word_1_237' title='bbox 861 3019 893 3081; x_wconf 91' lang='lat' dir='ltr'><strong>in</strong></span> <span class='ocrx_word' id='word_1_238' title='bbox 911 3019 1009 3081; x_wconf 88' lang='lat' dir='ltr'><strong>littore</strong></span> <span class='ocrx_word' id='word_1_239' title='bbox 1028 3019 1201 3083; x_wconf 87' lang='lat' dir='ltr'><strong>collocatum</strong></span> <span class='ocrx_word' id='word_1_240' title='bbox 1216 3018 1304 3081; x_wconf 87' lang='lat' dir='ltr'><strong>relin-</strong></span> 
     </span>
     <span class='ocr_line' id='line_1_26' title="bbox 9 3110 1305 3203; baseline 0.003 -23"><span class='ocrx_word' id='word_1_241' title='bbox 9 3110 14 3119; x_wconf 83' lang='lat'>&#39;</span> <span class='ocrx_word' id='word_1_242' title='bbox 147 3119 223 3200; x_wconf 90' lang='lat' dir='ltr'><strong>quit,</strong></span> <span class='ocrx_word' id='word_1_243' title='bbox 240 3120 307 3200; x_wconf 90' lang='lat' dir='ltr'><strong>ipse</strong></span> <span class='ocrx_word' id='word_1_244' title='bbox 327 3129 423 3183; x_wconf 88' lang='lat' dir='ltr'><strong>autern</strong></span> <span class='ocrx_word' id='word_1_245' title='bbox 443 3119 567 3202; x_wconf 90' lang='lat' dir='ltr'><strong>pedibus</strong></span> <span class='ocrx_word' id='word_1_246' title='bbox 587 3120 618 3182; x_wconf 89' lang='lat' dir='ltr'><strong>in</strong></span> <span class='ocrx_word' id='word_1_247' title='bbox 636 3129 729 3182; x_wconf 85' lang='lat' dir='ltr'><strong>castra</strong></span> <span class='ocrx_word' id='word_1_248' title='bbox 746 3119 922 3184; x_wconf 87' lang='lat' dir='ltr'><strong>Graecorum</strong></span> <span class='ocrx_word' id='word_1_249' title='bbox 937 3122 1044 3201; x_wconf 78' lang='lat' dir='ltr'><strong>pergit,</strong></span> <span class='ocrx_word' id='word_1_250' title='bbox 1062 3121 1159 3203; x_wconf 85' lang='lat' dir='ltr'><strong>iquue</strong></span> <span class='ocrx_word' id='word_1_251' title='bbox 1177 3123 1305 3184; x_wconf 88' lang='lat' dir='ltr'><strong>humana</strong></span> 
     </span>
     <span class='ocr_line' id='line_1_27' title="bbox 146 3220 1306 3304; baseline 0.003 -20"><span class='ocrx_word' id='word_1_252' title='bbox 146 3225 241 3285; x_wconf 80' lang='lat' dir='ltr'><strong>torma</strong></span> <span class='ocrx_word' id='word_1_253' title='bbox 260 3231 413 3303; x_wconf 89' lang='lat' dir='ltr'><strong>assumpta</strong></span> <span class='ocrx_word' id='word_1_254' title='bbox 431 3222 631 3285; x_wconf 82' lang='lat' dir='ltr'><strong>laborantibus</strong></span> <span class='ocrx_word' id='word_1_255' title='bbox 658 3220 822 3285; x_wconf 74' lang='lat' dir='ltr'><strong>succurrit?</strong></span> <span class='ocrx_word' id='word_1_256' title='bbox 870 3223 998 3304; x_wconf 83' lang='lat' dir='ltr'><strong>Ileuique</strong></span> <span class='ocrx_word' id='word_1_257' title='bbox 1022 3237 1133 3304; x_wconf 76' lang='lat' dir='ltr'><strong>pugnat</strong></span> <span class='ocrx_word' id='word_1_258' title='bbox 1151 3226 1239 3288; x_wconf 88' lang='lat' dir='ltr'><strong>etiam</strong></span> <span class='ocrx_word' id='word_1_259' title='bbox 1258 3226 1306 3288; x_wconf 91' lang='lat' dir='ltr'><strong>bic</strong></span> 
     </span>
     <span class='ocr_line' id='line_1_28' title="bbox 145 3318 1305 3412; baseline 0.002 -25"><span class='ocrx_word' id='word_1_260' title='bbox 145 3326 229 3387; x_wconf 87' lang='lat' dir='ltr'><strong>locus</strong></span> <span class='ocrx_word' id='word_1_261' title='bbox 247 3342 317 3387; x_wconf 88' lang='lat' dir='ltr'><strong>cum</strong></span> <span class='ocrx_word' id='word_1_262' title='bbox 327 3343 353 3387; x_wconf 85' lang='lat' dir='ltr'><strong>r.</strong></span> <span class='ocrx_word' id='word_1_263' title='bbox 369 3324 442 3401; x_wconf 76' lang='lat'><strong>352,</strong></span> <span class='ocrx_word' id='word_1_264' title='bbox 456 3325 507 3388; x_wconf 87' lang='lat' dir='ltr'><strong>abi</strong></span> <span class='ocrx_word' id='word_1_265' title='bbox 520 3325 675 3407; x_wconf 87' lang='lat' dir='ltr'><strong>Neptunus</strong></span> <span class='ocrx_word' id='word_1_266' title='bbox 687 3325 815 3388; x_wconf 82' lang='lat' dir='ltr'><strong>Graecos</strong></span> <span class='ocrx_word' id='word_1_267' title='bbox 831 3325 938 3387; x_wconf 89' lang='lat' dir='ltr'><strong>adiisse</strong></span> <span class='ocrx_word' id='word_1_268' title='bbox 957 3325 1064 3388; x_wconf 87' lang='lat' dir='ltr'><strong>dicitur</strong></span> <span class='ocrx_word' id='word_1_269' title='bbox 1077 3320 1188 3412; x_wconf 77' lang='grc' dir='ltr'><em>λάθρῃ</em></span> <span class='ocrx_word' id='word_1_270' title='bbox 1203 3318 1305 3403; x_wconf 75' lang='grc' dir='ltr'><em>ὑπεξ-</em></span> 
     </span>
     <span class='ocr_line' id='line_1_29' title="bbox 147 3416 1304 3510; baseline 0.003 -21"><span class='ocrx_word' id='word_1_271' title='bbox 147 3423 270 3502; x_wconf 60' lang='lat' dir='ltr'><strong>mtto</strong></span> <span class='ocrx_word' id='word_1_272' title='bbox 291 3423 413 3510; x_wconf 79' lang='grc' dir='ltr'><strong><em>πολιῆς</em></strong></span> <span class='ocrx_word' id='word_1_273' title='bbox 431 3416 525 3502; x_wconf 61' lang='lat' dir='ltr'><strong>itte:</strong></span> <span class='ocrx_word' id='word_1_274' title='bbox 545 3446 618 3500; x_wconf 64' lang='lat' dir='ltr'><strong>nam,</strong></span> <span class='ocrx_word' id='word_1_275' title='bbox 634 3428 683 3508; x_wconf 89' lang='lat' dir='ltr'><strong>qui</strong></span> <span class='ocrx_word' id='word_1_276' title='bbox 697 3435 757 3490; x_wconf 85' lang='lat' dir='ltr'><strong>tam</strong></span> <span class='ocrx_word' id='word_1_277' title='bbox 778 3427 931 3508; x_wconf 77' lang='lat' dir='ltr'><strong>magnifice</strong></span> <span class='ocrx_word' id='word_1_278' title='bbox 944 3446 999 3510; x_wconf 89' lang='lat' dir='ltr'><strong>per</strong></span> <span class='ocrx_word' id='word_1_279' title='bbox 1012 3446 1123 3510; x_wconf 68' lang='lat' dir='ltr'><strong>semor</strong></span> <span class='ocrx_word' id='word_1_280' title='bbox 1136 3436 1236 3492; x_wconf 85' lang='lat' dir='ltr'><strong>vectus</strong></span> <span class='ocrx_word' id='word_1_281' title='bbox 1250 3438 1304 3502; x_wconf 89' lang='lat' dir='ltr'><strong>est,</strong></span> 
     </span>
     <span class='ocr_line' id='line_1_30' title="bbox 146 3529 1304 3611; baseline 0.002 -19"><span class='ocrx_word' id='word_1_282' title='bbox 146 3530 192 3592; x_wconf 88' lang='lat' dir='ltr'><strong>cui</strong></span> <span class='ocrx_word' id='word_1_283' title='bbox 211 3529 320 3592; x_wconf 81' lang='lat' dir='ltr'><strong>dactm</strong></span> <span class='ocrx_word' id='word_1_284' title='bbox 346 3530 481 3592; x_wconf 86' lang='lat' dir='ltr'><strong>cedentes</strong></span> <span class='ocrx_word' id='word_1_285' title='bbox 499 3530 576 3592; x_wconf 83' lang='lat' dir='ltr'><strong>riam</strong></span> <span class='ocrx_word' id='word_1_286' title='bbox 601 3539 792 3610; x_wconf 79' lang='lat' dir='ltr'><strong>aperuerant,</strong></span> <span class='ocrx_word' id='word_1_287' title='bbox 817 3549 906 3611; x_wconf 80' lang='lat' dir='ltr'><strong>quem</strong></span> <span class='ocrx_word' id='word_1_288' title='bbox 923 3531 1035 3594; x_wconf 86' lang='lat' dir='ltr'><strong>belluae</strong></span> <span class='ocrx_word' id='word_1_289' title='bbox 1059 3532 1189 3595; x_wconf 87' lang='lat' dir='ltr'><strong>marinae</strong></span> <span class='ocrx_word' id='word_1_290' title='bbox 1208 3532 1304 3594; x_wconf 74' lang='lat' dir='ltr'><strong>msul-</strong></span> 
     </span>
     <span class='ocr_line' id='line_1_31' title="bbox 145 3631 1304 3716; baseline 0.003 -23"><span class='ocrx_word' id='word_1_291' title='bbox 145 3639 242 3694; x_wconf 89' lang='lat' dir='ltr'><strong>tantes</strong></span> <span class='ocrx_word' id='word_1_292' title='bbox 267 3650 338 3712; x_wconf 89' lang='lat' dir='ltr'><strong>prae</strong></span> <span class='ocrx_word' id='word_1_293' title='bbox 362 3631 468 3695; x_wconf 88' lang='lat' dir='ltr'><strong>laetitia</strong></span> <span class='ocrx_word' id='word_1_294' title='bbox 486 3642 520 3695; x_wconf 93' lang='lat' dir='ltr'><strong>ut</strong></span> <span class='ocrx_word' id='word_1_295' title='bbox 543 3632 697 3694; x_wconf 89' lang='lat' dir='ltr'><strong>dominum</strong></span> <span class='ocrx_word' id='word_1_296' title='bbox 720 3652 806 3696; x_wconf 90' lang='lat' dir='ltr'><strong>suum</strong></span> <span class='ocrx_word' id='word_1_297' title='bbox 828 3633 1095 3709; x_wconf 79' lang='lat' dir='ltr'><strong>mnsalutarerunt,</strong></span> <span class='ocrx_word' id='word_1_298' title='bbox 1120 3635 1146 3697; x_wconf 88' lang='lat' dir='ltr'><strong>is</strong></span> <span class='ocrx_word' id='word_1_299' title='bbox 1172 3636 1304 3716; x_wconf 86' lang='lat' dir='ltr'><strong>prolecto</strong></span> 
     </span>
     <span class='ocr_line' id='line_1_32' title="bbox 146 3734 1305 3817; baseline 0.001 -19"><span class='ocrx_word' id='word_1_300' title='bbox 146 3734 311 3798; x_wconf 79' lang='lat' dir='ltr'><strong>dancarlrm</strong></span> <span class='ocrx_word' id='word_1_301' title='bbox 326 3755 342 3796; x_wconf 89' lang='lat' dir='ltr'><strong>e</strong></span> <span class='ocrx_word' id='word_1_302' title='bbox 355 3735 431 3797; x_wconf 88' lang='lat' dir='ltr'><strong>mari</strong></span> <span class='ocrx_word' id='word_1_303' title='bbox 445 3735 600 3798; x_wconf 86' lang='lat' dir='ltr'><strong>emersisse</strong></span> <span class='ocrx_word' id='word_1_304' title='bbox 613 3735 694 3798; x_wconf 88' lang='lat' dir='ltr'><strong>nullo</strong></span> <span class='ocrx_word' id='word_1_305' title='bbox 715 3736 806 3798; x_wconf 89' lang='lat' dir='ltr'><strong>modo</strong></span> <span class='ocrx_word' id='word_1_306' title='bbox 821 3734 877 3799; x_wconf 90' lang='lat' dir='ltr'><strong>dici</strong></span> <span class='ocrx_word' id='word_1_307' title='bbox 896 3735 1003 3799; x_wconf 84' lang='lat' dir='ltr'><strong>debuit</strong></span> <span class='ocrx_word' id='word_1_308' title='bbox 1046 3739 1104 3800; x_wconf 81' lang='lat' dir='ltr'><strong>lut</strong></span> <span class='ocrx_word' id='word_1_309' title='bbox 1118 3737 1144 3798; x_wconf 89' lang='lat' dir='ltr'><strong>si</strong></span> <span class='ocrx_word' id='word_1_310' title='bbox 1158 3736 1224 3817; x_wconf 92' lang='lat' dir='ltr'><strong>quis</strong></span> <span class='ocrx_word' id='word_1_311' title='bbox 1239 3755 1305 3799; x_wconf 85' lang='lat' dir='ltr'><strong>rer·</strong></span> 
     </span>
     <span class='ocr_line' id='line_1_33' title="bbox 146 3837 1304 3919; baseline 0.003 -20"><span class='ocrx_word' id='word_1_312' title='bbox 146 3856 213 3899; x_wconf 90' lang='lat' dir='ltr'><strong>sum</strong></span> <span class='ocrx_word' id='word_1_313' title='bbox 229 3837 306 3912; x_wconf 75' lang='lat'><strong>352,</strong></span> <span class='ocrx_word' id='word_1_314' title='bbox 325 3845 495 3918; x_wconf 69' lang='lat' dir='ltr'><strong>cmerosque</strong></span> <span class='ocrx_word' id='word_1_315' title='bbox 515 3837 609 3901; x_wconf 74' lang='lat' dir='ltr'><strong>carc</strong></span> <span class='ocrx_word' id='word_1_316' title='bbox 630 3838 667 3900; x_wconf 90' lang='lat' dir='ltr'><strong>ad</strong></span> <span class='ocrx_word' id='word_1_317' title='bbox 682 3837 759 3913; x_wconf 83' lang='lat'><strong>360,</strong></span> <span class='ocrx_word' id='word_1_318' title='bbox 779 3838 815 3900; x_wconf 88' lang='lat' dir='ltr'><strong>ab</strong></span> <span class='ocrx_word' id='word_1_319' title='bbox 828 3837 1037 3919; x_wconf 87' lang='lat' dir='ltr'><strong>interpolatore</strong></span> <span class='ocrx_word' id='word_1_320' title='bbox 1054 3840 1181 3902; x_wconf 86' lang='lat' dir='ltr'><strong>insertos</strong></span> <span class='ocrx_word' id='word_1_321' title='bbox 1197 3840 1304 3915; x_wconf 87' lang='lat' dir='ltr'><strong>credat,</strong></span> 
     </span>
     <span class='ocr_line' id='line_1_34' title="bbox 146 3939 1305 4022; baseline 0.002 -20"><span class='ocrx_word' id='word_1_322' title='bbox 146 3960 222 4020; x_wconf 87' lang='lat' dir='ltr'><strong>quae</strong></span> <span class='ocrx_word' id='word_1_323' title='bbox 236 3939 377 4002; x_wconf 82' lang='lat' dir='ltr'><strong>Nitzschii</strong></span> <span class='ocrx_word' id='word_1_324' title='bbox 391 3940 537 4002; x_wconf 88' lang='lat' dir='ltr'><strong>sententia</strong></span> <span class='ocrx_word' id='word_1_325' title='bbox 552 3948 610 4016; x_wconf 90' lang='lat' dir='ltr'><strong>est,</strong></span> <span class='ocrx_word' id='word_1_326' title='bbox 625 3958 655 4021; x_wconf 93' lang='lat' dir='ltr'><strong>p.</strong></span> <span class='ocrx_word' id='word_1_327' title='bbox 669 3940 747 4014; x_wconf 80' lang='lat'><strong>286,</strong></span> <span class='ocrx_word' id='word_1_328' title='bbox 763 3948 840 4002; x_wconf 77' lang='lat' dir='ltr'><strong>auerte</strong></span> <span class='ocrx_word' id='word_1_329' title='bbox 853 3940 938 4017; x_wconf 79' lang='lat' dir='ltr'><strong>iufra,</strong></span> <span class='ocrx_word' id='word_1_330' title='bbox 953 3942 1012 4017; x_wconf 84' lang='lat' dir='ltr'><strong>XV,</strong></span> <span class='ocrx_word' id='word_1_331' title='bbox 1027 3942 1103 4017; x_wconf 76' lang='lat'><strong>219,</strong></span> <span class='ocrx_word' id='word_1_332' title='bbox 1128 3942 1305 4022; x_wconf 87' lang='lat' dir='ltr'><strong>Neptunum,</strong></span> 
     </span>
     <span class='ocr_line' id='line_1_35' title="bbox 146 4042 1305 4125; baseline 0.004 -22"><span class='ocrx_word' id='word_1_333' title='bbox 146 4061 238 4122; x_wconf 90' lang='lat' dir='ltr'><strong>quum</strong></span> <span class='ocrx_word' id='word_1_334' title='bbox 257 4042 335 4105; x_wconf 85' lang='lat' dir='ltr'><strong>Iovis</strong></span> <span class='ocrx_word' id='word_1_335' title='bbox 359 4042 443 4105; x_wconf 89' lang='lat' dir='ltr'><strong>iussu</strong></span> <span class='ocrx_word' id='word_1_336' title='bbox 462 4042 569 4105; x_wconf 77' lang='lat' dir='ltr'><strong>inritus</strong></span> <span class='ocrx_word' id='word_1_337' title='bbox 587 4043 699 4125; x_wconf 89' lang='lat' dir='ltr'><strong>proelio</strong></span> <span class='ocrx_word' id='word_1_338' title='bbox 715 4043 840 4117; x_wconf 81' lang='lat' dir='ltr'><strong>excedit,</strong></span> <span class='ocrx_word' id='word_1_339' title='bbox 859 4043 982 4106; x_wconf 84' lang='lat' dir='ltr'><strong>vehiculi</strong></span> <span class='ocrx_word' id='word_1_340' title='bbox 1001 4044 1048 4106; x_wconf 86' lang='lat' dir='ltr'><strong>sui</strong></span> <span class='ocrx_word' id='word_1_341' title='bbox 1068 4044 1190 4107; x_wconf 90' lang='lat' dir='ltr'><strong>oblitum</strong></span> <span class='ocrx_word' id='word_1_342' title='bbox 1206 4047 1305 4108; x_wconf 88' lang='lat' dir='ltr'><strong>statim</strong></span> 
     </span>
     <span class='ocr_line' id='line_1_36' title="bbox 145 4144 1306 4227; baseline 0.001 -20"><span class='ocrx_word' id='word_1_343' title='bbox 145 4144 219 4207; x_wconf 85' lang='lat' dir='ltr'><strong>mari</strong></span> <span class='ocrx_word' id='word_1_344' title='bbox 245 4165 279 4208; x_wconf 91' lang='lat' dir='ltr'><strong>se</strong></span> <span class='ocrx_word' id='word_1_345' title='bbox 303 4145 430 4208; x_wconf 87' lang='lat' dir='ltr'><strong>condere</strong></span> <span class='ocrx_word' id='word_1_346' title='bbox 455 4145 596 4209; x_wconf 87' lang='lat' dir='ltr'><strong>ridemus.</strong></span> <span class='ocrx_word' id='word_1_347' title='bbox 649 4149 833 4225; x_wconf 84' lang='lat' dir='ltr'><strong>Quamquam</strong></span> <span class='ocrx_word' id='word_1_348' title='bbox 858 4145 936 4208; x_wconf 90' lang='lat' dir='ltr'><strong>hanc</strong></span> <span class='ocrx_word' id='word_1_349' title='bbox 960 4146 1077 4227; x_wconf 88' lang='lat' dir='ltr'><strong>quidem</strong></span> <span class='ocrx_word' id='word_1_350' title='bbox 1103 4165 1165 4209; x_wconf 88' lang='lat' dir='ltr'><strong>non</strong></span> <span class='ocrx_word' id='word_1_351' title='bbox 1191 4148 1306 4222; x_wconf 75' lang='lat' dir='ltr'><strong>miram</strong></span> 
     </span>
     <span class='ocr_line' id='line_1_37' title="bbox 145 4247 1304 4331; baseline -0.001 -22"><span class='ocrx_word' id='word_1_352' title='bbox 145 4248 238 4310; x_wconf 87' lang='lat' dir='ltr'><strong>immo</strong></span> <span class='ocrx_word' id='word_1_353' title='bbox 258 4247 431 4312; x_wconf 90' lang='lat' dir='ltr'><strong>laudabilem</strong></span> <span class='ocrx_word' id='word_1_354' title='bbox 450 4248 552 4328; x_wconf 89' lang='lat' dir='ltr'><strong>potius</strong></span> <span class='ocrx_word' id='word_1_355' title='bbox 571 4256 675 4330; x_wconf 89' lang='lat' dir='ltr'><strong>poetae</strong></span> <span class='ocrx_word' id='word_1_356' title='bbox 693 4247 874 4311; x_wconf 86' lang='lat' dir='ltr'><strong>reticentiam</strong></span> <span class='ocrx_word' id='word_1_357' title='bbox 893 4268 960 4312; x_wconf 89' lang='lat' dir='ltr'><strong>esse</strong></span> <span class='ocrx_word' id='word_1_358' title='bbox 974 4250 1080 4324; x_wconf 70' lang='lat' dir='ltr'><strong>tamor,</strong></span> <span class='ocrx_word' id='word_1_359' title='bbox 1099 4250 1179 4331; x_wconf 91' lang='lat' dir='ltr'><strong>quod</strong></span> <span class='ocrx_word' id='word_1_360' title='bbox 1193 4249 1304 4312; x_wconf 88' lang='lat' dir='ltr'><strong>morari</strong></span> 
     </span>
     <span class='ocr_line' id='line_1_38' title="bbox 15 4351 1304 4433; baseline -0.003 -20"><span class='ocrx_word' id='word_1_361' title='bbox 15 4400 20 4413; x_wconf 95' lang='lat'><em>.</em></span> <span class='ocrx_word' id='word_1_362' title='bbox 146 4351 193 4411; x_wconf 92' lang='lat' dir='ltr'><strong>illc</strong></span> <span class='ocrx_word' id='word_1_363' title='bbox 212 4351 279 4413; x_wconf 89' lang='lat' dir='ltr'><strong>loco</strong></span> <span class='ocrx_word' id='word_1_364' title='bbox 299 4352 331 4413; x_wconf 82' lang='lat' dir='ltr'><strong>In</strong></span> <span class='ocrx_word' id='word_1_365' title='bbox 351 4351 481 4413; x_wconf 89' lang='lat' dir='ltr'><strong>minutae</strong></span> <span class='ocrx_word' id='word_1_366' title='bbox 494 4351 537 4413; x_wconf 95' lang='lat' dir='ltr'><strong>rei</strong></span> <span class='ocrx_word' id='word_1_367' title='bbox 550 4351 717 4415; x_wconf 74' lang='lat' dir='ltr'><strong>sumbone</strong></span> <span class='ocrx_word' id='word_1_368' title='bbox 731 4351 872 4414; x_wconf 86' lang='lat' dir='ltr'><strong>uoluerit:</strong></span> <span class='ocrx_word' id='word_1_369' title='bbox 892 4351 965 4415; x_wconf 89' lang='lat' dir='ltr'><strong>nihil</strong></span> <span class='ocrx_word' id='word_1_370' title='bbox 979 4352 1057 4415; x_wconf 89' lang='lat' dir='ltr'><strong>enim</strong></span> <span class='ocrx_word' id='word_1_371' title='bbox 1075 4371 1151 4433; x_wconf 90' lang='lat' dir='ltr'><strong>opus</strong></span> <span class='ocrx_word' id='word_1_372' title='bbox 1167 4351 1220 4414; x_wconf 81' lang='lat' dir='ltr'><strong>mie</strong></span> <span class='ocrx_word' id='word_1_373' title='bbox 1235 4366 1304 4411; x_wconf 86' lang='lat' dir='ltr'><strong>cnr-</strong></span> 
     </span>
     <span class='ocr_line' id='line_1_39' title="bbox 145 4448 1304 4537; baseline -0.003 -22"><span class='ocrx_word' id='word_1_374' title='bbox 145 4470 211 4515; x_wconf 81' lang='lat' dir='ltr'><strong>rtms</strong></span> <span class='ocrx_word' id='word_1_375' title='bbox 224 4454 265 4517; x_wconf 73' lang='lat' dir='ltr'><strong>hei</strong></span> <span class='ocrx_word' id='word_1_376' title='bbox 279 4453 522 4528; x_wconf 70' lang='lat' dir='ltr'><strong>commemorariq</strong></span> <span class='ocrx_word' id='word_1_377' title='bbox 541 4456 593 4516; x_wconf 90' lang='lat' dir='ltr'><strong>sed</strong></span> <span class='ocrx_word' id='word_1_378' title='bbox 607 4455 700 4516; x_wconf 79' lang='lat' dir='ltr'><strong>mato</strong></span> <span class='ocrx_word' id='word_1_379' title='bbox 714 4456 815 4517; x_wconf 86' lang='lat' dir='ltr'><strong>minus</strong></span> <span class='ocrx_word' id='word_1_380' title='bbox 828 4472 918 4537; x_wconf 90' lang='lat' dir='ltr'><strong>supra</strong></span> <span class='ocrx_word' id='word_1_381' title='bbox 932 4454 1000 4536; x_wconf 92' lang='lat' dir='ltr'><strong>ipsc</strong></span> <span class='ocrx_word' id='word_1_382' title='bbox 1020 4471 1108 4516; x_wconf 83' lang='lat' dir='ltr'><strong>curru</strong></span> <span class='ocrx_word' id='word_1_383' title='bbox 1122 4470 1198 4533; x_wconf 89' lang='lat' dir='ltr'><strong>opus</strong></span> <span class='ocrx_word' id='word_1_384' title='bbox 1212 4448 1304 4512; x_wconf 80' lang='lat' dir='ltr'><strong>uisse</strong></span> 
     </span>
    </p>
   </div>
   <div class='ocr_carea' id='block_1_3' title="bbox 0 0 1588 5138">
    <p class='ocr_par' dir='ltr' id='par_1_4' title="bbox 0 0 1588 5138">
     <span class='ocr_line' id='line_1_40' title="bbox 0 0 1588 5138; baseline 0 0"><span class='ocrx_word' id='word_1_385' title='bbox 0 0 1588 5138; x_wconf 95' lang='lat' dir='ltr'><strong> </strong></span> 
     </span>
    </p>
   </div>
  </div>
 </body>
</html>
