3276 5144
828 486 978 585 —19-2—

324 675 428 739 luerit:
449 680 564 738 tantum
585 675 710 748 scilicet,
734 682 877 755 quantum
899 694 935 737 ex
949 674 1099 738 Athenaeo
1119 676 1256 755 cognosci
1270 684 1379 756 potest.
1408 676 1484 739 Pro-

326 779 404 841 bavit
418 786 516 842 autem
532 779 594 840 eius
606 777 803 840 coniecturam
819 777 1030 854 Meinelrius1),
1051 779 1286 859 sententiamque
1302 779 1357 841 loci
1371 779 1414 841 sic
1429 798 1484 859 op·

325 882 396 945 time
418 881 574 944 indicatam
595 900 661 943 esse
682 887 798 942 censet:
821 880 894 943 mibi
910 900 942 942 ea
957 897 1018 942 non
1033 881 1152 961 quidem
1168 880 1310 955 absurda,
1331 881 1484 960 haudqua-

326 1003 414 1066 quam
440 994 538 1046 tamen
560 984 672 1066 optima
692 1002 756 1044 esso
776 982 899 1044 videtur.
935 981 1011 1055 Quid
1032 983 1110 1044 enim
1132 1002 1196 1045 esse
1217 983 1349 1045 dicemus
1375 974 1423 1057 εἷς
1444 978 1483 1045 τό

325 1081 515 1162 συμπόσιον
541 1080 759 1169 ἐγγραφῆναι,
790 1085 827 1146 in
853 1086 1078 1165 symposium
1104 1083 1286 1148 inscribi?
1321 1087 1366 1147 bn
1391 1086 1484 1149 moris

324 1190 424 1262 fuisse,
440 1197 474 1250 ut
488 1209 503 1251 a
519 1188 639 1249 domino
654 1187 778 1250 convivii
795 1188 915 1249 nomina
927 1187 1115 1249 convivamm
1127 1188 1157 1249 in
1170 1188 1264 1250 indice
1276 1188 1484 1260 scriberentur,

325 1291 450 1371 ideoque
470 1290 688 1371 inscriptum
711 1309 796 1351 esse
817 1290 850 1350 in
873 1290 1098 1372 symposium
1118 1284 1196 1351 idem
1218 1290 1380 1370 significare
1395 1298 1484 1371 atque

326 1393 362 1454 in
381 1410 530 1454 numero
550 1392 781 1455 convivarum
801 1388 908 1454 esse‘.l
931 1392 1016 1454 Certe
1030 1393 1197 1473 exemplum
1214 1401 1265 1455 aut
1279 1393 1484 1455 testimonium

324 1495 414 1558 buius
428 1496 520 1558 moris
534 1494 648 1557 nullum
663 1503 761 1557 extare
784 1496 881 1568 credo,
902 1512 998 1575 neque
1013 1494 1158 1575 intelligo,
1179 1514 1235 1575 qua
1250 1495 1363 1557 ratione
1379 1495 1485 1576 aliquis

324 1617 356 1660 so
371 1598 464 1660 civem
479 1598 603 1678 probare
618 1597 675 1659 boc
685 1606 860 1676 argumento
872 1597 1009 1677 potuerit,
1026 1598 1105 1678 quod
1117 1598 1148 1659 in
1159 1600 1346 1662 convivarum
1359 1615 1485 1661 numero

325 1708 412 1773 esset,
429 1701 513 1781 quasi
528 1716 590 1762 non
603 1701 774 1780 peregrinos
789 1718 908 1781 quoquc
923 1701 959 1762 ad
975 1700 1140 1765 convivium
1153 1701 1250 1763 vocari
1261 1700 1386 1763 licuerit.
1408 1700 1485 1765 Nam

324 1803 382 1865 boc
396 1804 515 1884 quidem
530 1803 656 1865 dubitari
670 1821 731 1865 non
745 1811 852 1884 potest,
868 1803 940 1883 quin
955 1802 989 1874 is,
1005 1821 1093 1884 quern
1106 1803 1240 1865 Cratinus
1254 1803 1424 1883 loquentem
1436 1803 1485 1864 in·

325 1906 422 1979 duxit,
443 1906 587 1969 civitatem
610 1924 693 1969 suam
719 1906 774 1968 hac
794 1905 983 1986 inscriptione
1005 1906 1199 1986 comprobare
1220 1906 1353 1968 voluerit.
1383 1904 1486 1987 ltaque

326 2027 417 2088 quum
432 2008 487 2070 alia
502 2008 654 2088 explicatio
669 2007 929 2089 circumspicienda
945 2009 992 2080 sit,
1008 2007 1144 2090 equidem
1159 2004 1321 2072 κυλικεῖον
1335 2008 1406 2070 illud
1423 2007 1485 2070 col·

325 2111 432 2192 legium
448 2112 508 2173 sive
523 2110 695 2173 sodalicium
711 2129 775 2173 esse
790 2111 916 2173 arbitror
926 2111 1033 2173 civium
1044 2111 1220 2185 Atticorum,
1236 2113 1334 2192 inquo
1345 2110 1485 2172 sodalicio

324 2216 398 2279 haec
412 2215 458 2277 lex
469 2213 682 2287 observaretur,
692 2220 726 2275 ut
737 2214 885 2276 neminem
897 2214 955 2276 nisi
966 2215 1058 2277 civem
1070 2232 1195 2277 numero
1207 2232 1262 2277 sno
1274 2214 1483 2288 adscriberent,

324 2319 403 2382 uude
419 2317 501 2380 facile
517 2317 579 2378 lieri
595 2316 702 2398 potnit,
724 2323 758 2377 ut
771 2317 906 2379 Cratinus
920 2316 1047 2398 aliquem
1063 2317 1114 2379 tali
1129 2326 1301 2398 argumento
1317 2317 1360 2380 uti
1373 2318 1485 2380 faceret

325 2421 362 2484 ad
383 2421 528 2483 civitatem
550 2437 634 2481 suam
649 2417 843 2500 probandam,
864 2417 975 2481 scilicet
989 2435 1051 2480 non
1065 2419 1096 2481 in
1110 2420 1178 2481 foro
1193 2439 1228 2481 ac
1240 2420 1364 2492 iudicio,
1385 2421 1484 2483 sedin

326 2525 423 2605 aliquo
443 2524 606 2586 amicorum
626 2521 734 2584 circulo
753 2528 784 2583 et
803 2522 834 2583 in
854 2522 969 2584 actione
987 2522 1114 2595 ludicra,
1135 2522 1166 2584 in
1186 2542 1242 2602 qua
1262 2524 1350 2586 etiarn
1371 2523 1484 2586 ludicro

326 2635 499 2708 argumento
514 2626 596 2688 locus
611 2634 699 2687 esset.
722 2624 866 2687 Sodalicia
880 2633 977 2687 autem
989 2624 1110 2686 Athenis
1124 2627 1269 2705 permulta
1285 2625 1353 2689 varii
1368 2626 1483 2707 germis

324 2729 417 2792 fuisse
431 2730 595 2806 constat²)‚
615 2727 645 2789 in
661 2727 768 2808 quibus
782 2728 938 2800 nonnulla,
960 2745 1035 2808 quae
1049 2726 1122 2789 nibil
1135 2726 1212 2790 aliud
1227 2727 1281 2789 sibi
1296 2728 1483 2808 propositum

325 2833 481 2904 baberent,
509 2829 566 2890 nisi
591 2836 624 2891 ut
648 2830 732 2891 statis
757 2829 859 2891 dicbus
878 2829 1044 2909 congregati
1067 2829 1181 2892 sodales
1202 2829 1332 2891 hilariter
1351 2831 1430 2893 inter
1450 2850 1483 2893 se

326 2934 550 2996 convivarentur
568 2931 702 3011 ludisque
722 2940 753 2994 ot
771 2932 843 2994 iocis
863 2951 895 2994 sa
916 2931 1104 2994 oblectarent.
1134 2932 1178 2994 Ex
1197 2933 1255 2994 boc
1268 2951 1374 3012 genere
1388 2951 1484 2997 unum

325 3034 542 3098 nobilissimum
557 3034 693 3096 novimus
708 3033 862 3097 hominum
878 3035 1040 3114 sexaginta,
1062 3033 1112 3113 qui
1126 3042 1284 3114 patronum
1300 3035 1356 3097 sibi
1371 3036 1484 3099 nom·

326 3139 383 3200 lom
399 3139 536 3208 fecerant,
552 3136 674 3198 heroem
690 3135 836 3216 epulando
851 3144 882 3198 et
896 3136 1026 3220 potando
1042 3153 1100 3197 non
1117 3137 1215 3199 minus
1231 3156 1319 3220 quam
1335 3138 1485 3200 laboribus

325 3239 508 3302 exantlandis
528 3238 686 3318 insignem,
707 3239 743 3301 ad
766 3240 847 3301 cuius
867 3240 968 3301 lanum
984 3239 1141 3301 Diomensc
1156 3240 1325 3320 congregari
1340 3240 1485 3312 solebant,

327 3342 471 3422 dictisque
491 3350 521 3402 et
540 3340 624 3403 lactis
643 3340 819 3404 iocularibus
840 3350 870 3404 et
887 3341 1016 3404 ridiculis
1035 3346 1146 3403 tantam
1170 3359 1231 3404 non
1252 3343 1348 3405 solum
1364 3341 1486 3404 Athenis

326 3445 378 3507 sed
394 3444 483 3505 etiam
498 3443 576 3524 apud
590 3447 707 3505 exteros
723 3443 921 3507 celebritatem
937 3444 1015 3507 nacti
1029 3452 1121 3516 erant,
1137 3443 1486 3529 uthilippus,re1b1a-

327 3547 481 3619 cedoniae,
503 3563 627 3626 magnus
641 3545 833 3609 ridiculorum
848 3554 972 3619 amator,
993 3546 1098 3609 librum
1114 3545 1171 3608 sibi
1185 3546 1221 3607 de
1234 3547 1270 3609 iis
1284 3546 1424 3628 componi
1437 3547 1486 3610 iu·

326 3650 411 3713 beret
431 3650 508 3713 lauta
528 3648 662 3711 mercede
682 3647 826 3726 oblatalt.
855 3648 959 3730 Neque
976 3648 1082 3711 diversi
1095 3648 1209 3727 generis
1223 3648 1346 3713 sumunt
1359 3668 1435 3731 quos
1449 3668 1487 3712 ex

397 3889 421 3953 1)
439 3889 539 3954 Fragor.
553 3889 640 3940 comic.
653 3886 693 3941 lli.
707 3906 729 3955 p.
742 3886 799 3938 378.

396 3974 421 4037 2)
439 3972 477 4025 Gi.
490 3972 579 4024 librom
592 3973 623 4022 de
636 3974 731 4040 antiqu.
743 3988 827 4039 graec.
841 3973 976 4026 vernacule
987 3976 1110 4043 scriptum
1122 3983 1182 4028 tom.
1198 3976 1207 4026 i
1222 3992 1246 4042 p.
1260 3976 1311 4027 ³74
1323 3992 1361 4042 sq.

395 4059 420 4121 3)
439 4057 561 4111 Albanae.
579 4057 647 4122 xlv,
666 4060 681 4109 3
698 4076 721 4125 p.
738 4060 801 4110 ult:
823 4059 933 4124 πλῆθος
953 4051 1015 4125 δ’ἦν
1031 4057 1180 4126 Ἀθήνησιν
1199 4062 1249 4126 τῆς
1265 4064 1370 4130 σοφίας
1387 4055 1489 4124 ταύτης

328 4143 449 4212 (loquitur
461 4146 491 4195 dc
502 4146 709 4214 γελωτοποιία).
732 4139 777 4196 Ἑν
787 4146 857 4214 γοῦν
869 4147 908 4197 voi
921 4148 1053 4215 Διομέων
1062 4142 1220 4219 Ἡρακλείῳ
1233 4148 1415 4215 συνελέγοντο
1427 4140 1488 4209 ἑξή-

327 4247 412 4282 κοντα
425 4223 501 4289 ὄντες
512 4228 562 4280 τὸν
574 4223 709 4297 ἀριθμόν,
721 4230 768 4279 καὶ
778 4227 811 4282 ἐν
824 4231 857 4300 τῇ
866 4225 946 4283 πόλει
958 4227 1146 4299 ὠνομάζοντο,
1159 4227 1196 4288 ὡς
1208 4231 1263 4297 „Oi
1272 4226 1402 4295 έξὴνοννα
1413 4224 1487 4280 τοῦτ’

328 4312 427 4367 εἷπον(
444 4316 490 4366 καὶ
505 4310 592 4381 „Hui
611 4315 667 4366 τῶν
678 4310 810 4378 ἑξήκοντα
823 4312 965 4387 ἔρχομαν.“
977 4343 1011 4354 -
1025 4312 1153 4381 Τοσαύτη
1166 4310 1286 4368 δἀἰοοῖν
1298 4312 1366 4375 δόξα
1378 4317 1427 4381 τῆς
1438 4315 1489 4387 ρᾳ-

328 4403 434 4469 duplae
450 4398 571 4468 ἐγένετο,
588 4395 625 4457 ὡς
636 4400 682 4450 καὶ
695 4399 847 4452 Φίλιππον
858 4394 1019 4452 ἀκούσαντα
1031 4397 1083 4452 τὸν
1095 4396 1252 4454 Μακεδόνα
1264 4403 1380 4471 πέμψαι
1390 4396 1490 4458 riurei:

327 4480 472 4550 τάλαντον,
490 4482 525 4538 ἵν’
542 4482 754 4556 ἐγγραφόμενον
772 4480 806 4537 viv
822 4485 920 4556 γελοῖα
935 4487 1090 4553 πέμπωσιν
1107 4482 1190 4555 disp.
1213 4485 1252 4539 Cl.
1268 4485 1311 4555 Vi,
1327 4486 1369 4539 id.
1384 4501 1409 4554 p.
1422 4484 1490 4539 26⁰:
