3266 5140
783 432 981 531 Ei...

306 622 395 685 llulto
411 630 507 685 autem
522 623 620 684 minos
635 622 671 684 ad
686 639 749 683 rem
764 621 899 702 pertinet,
915 620 994 701 quod
1009 629 1038 682 et
1052 620 1149 701 ipsum
1166 620 1356 700 protulerunt,
1371 619 1463 699 legere

307 743 361 802 pro
384 725 511 787 adimere
531 733 559 786 et
578 725 699 804 auferre
717 723 774 786 dici
802 722 831 783 in
855 722 1002 784 locutione
1026 739 1114 782 sucro
1141 719 1246 801 tepere,
1273 720 1352 782 unde
1376 721 1461 783 etiam

306 826 466 907 sacrilegus
480 835 509 887 et
527 825 714 906 sacrilegium
732 822 906 885 derivantur.
950 823 1061 902 Nempe
1080 822 1172 901 tepere
1191 822 1222 883 in
1241 822 1295 885 ltao
1315 822 1463 885 locutione

307 937 352 989 est
365 927 511 1008 udlcgcre
527 935 556 990 et
571 926 737 989 clanculum
751 928 886 1007 reform
906 923 994 1002 idque
1008 923 1038 984 in
1054 942 1120 996 eos,
1134 923 1184 1003 qui
1199 923 1364 985 membrum
1380 943 1462 986 mor-

308 1040 358 1092 tuo
385 1029 572 1104 abscindunt,
598 1028 677 1091 nullo
704 1029 793 1090 modo
820 1028 924 1089 cadere
948 1034 1076 1107 apparet.
1120 1026 1206 1100 Quod
1221 1035 1318 1089 autem
1334 1027 1462 1089 datirrun

308 1148 424 1211 quoque
444 1149 558 1202 casum,
579 1149 637 1211 quo
653 1129 753 1191 Cicero
773 1129 880 1200 utitur,
895 1128 1058 1207 urgendum
1075 1136 1264 1201 censuerunt,
1284 1127 1367 1208 quasi
1386 1128 1462 1189 alind

307 1241 386 1294 esset
400 1236 511 1294 mortui
524 1250 593 1294 ossa
607 1233 716 1311 legere,
737 1230 813 1294 aliud
828 1240 958 1301 mortrto,
979 1229 1007 1291 id
1028 1230 1145 1310 quidem
1162 1230 1268 1292 nullam
1284 1228 1342 1290 rim
1357 1228 1463 1291 hahere

307 1334 427 1410 videtur,
443 1353 543 1414 quum
559 1333 613 1395 etsi
628 1333 770 1414 genitivus
785 1333 815 1394 io
829 1332 875 1394 itta
889 1332 1037 1394 locutione
1052 1332 1088 1394 de
1099 1331 1217 1394 ossibus
1229 1330 1384 1393 combusto
1396 1349 1462 1393 cor-

308 1455 381 1518 pore
407 1435 533 1498 collectis
559 1435 739 1515 frequentior
758 1435 811 1509 sit,
837 1434 965 1497 deorum
985 1442 1083 1495 tamen
1101 1433 1160 1495 hoc
1179 1432 1296 1513 quidem
1316 1433 1381 1494 loco
1401 1451 1462 1494 non

310 1537 408 1600 minus
435 1549 536 1618 aptum
564 1557 631 1599 esse
657 1546 761 1619 pateat.
809 1536 987 1598 'lentabimus
1017 1534 1105 1614 igitur
1134 1553 1199 1597 earn
1225 1535 1330 1597 horum
1358 1534 1464 1597 verbo-

312 1658 376 1701 rum
401 1639 636 1719 explicationem,
661 1659 748 1720 quam
773 1647 874 1703 eontm
904 1637 1087 1698 liaevardum
1114 1654 1204 1716 quum
1225 1635 1273 1698 alii
1292 1635 1374 1697 multi
1401 1647 1463 1699 tum

307 1740 522 1803 llirchmaonue
538 1759 656 1821 quoque
671 1740 810 1812 defendit,
820 1745 849 1815 ³)
865 1737 1137 1817 etWyttenbachius
1148 1737 1234 1799 etiam
1245 1736 1395 1818 amplexus
1409 1747 1464 1801 est.

309 1843 457 1905 Sententia
484 1843 572 1922 igitur
595 1842 666 1923 legis
687 1843 759 1903 haec
778 1852 835 1914 est,
856 1849 903 1915 ut,
922 1858 1012 1920 quum
1028 1839 1098 1901 olim
1120 1839 1182 1900 lieri
1201 1838 1320 1913 soleret,
1340 1848 1373 1903 ut
1395 1860 1464 1902 ossa

309 1944 463 2007 combusto
483 1962 608 2024 corpore
629 1943 747 2005 collecta
766 1944 887 2005 domum
907 1952 1142 2025 reportarentur,
1169 1945 1247 2006 unde
1275 1943 1369 2023 aliquo
1395 1952 1483 2024 poet·

308 2055 441 2128 tempore
456 2045 580 2107 solemni
595 2046 697 2108 iuuere
712 2055 741 2107 et
755 2044 819 2125 ipsa
834 2046 904 2108 elatu
920 2046 1032 2108 tumulo
1048 2045 1254 2120 conderentur,
1273 2046 1301 2108 id
1317 2046 1347 2108 in
1362 2054 1464 2125 poste-

307 2168 373 2210 rum
389 2148 451 2209 fieri
467 2155 550 2209 vetet.
593 2146 696 2228 ipsum
715 2148 793 2209 eninr
814 2147 985 2227 ossilegium
1010 2165 1071 2209 non
1091 2147 1179 2210 vetari
1199 2155 1332 2229 apparet,
1357 2148 1464 2228 quippe

307 2250 386 2331 qnod
406 2268 525 2329 semper
543 2249 630 2310 etiam
650 2258 720 2330 post
739 2249 818 2329 leges
837 2250 889 2312 lill
909 2249 985 2312 tabb.
1007 2250 1036 2311 in
1055 2268 1113 2311 usu
1127 2250 1282 2323 manserit,
1298 2267 1393 2330 neque
1407 2268 1463 2330 po-

307 2352 394 2414 tuerit
408 2370 478 2414 sane
492 2351 590 2424 couri,
607 2369 697 2432 mum
712 2350 858 2432 insepulta
872 2361 1057 2414 mortuorum
1066 2370 1135 2413 ossa
1146 2351 1271 2432 relinqui
1278 2350 1358 2414 nullo
1371 2352 1464 2413 modo

277 2466 292 2516 't
311 2463 441 2534 possent.
486 2456 579 2532 Atque
592 2452 613 2513 li
627 2471 753 2533 quoque,
770 2457 822 2533 qui
836 2454 904 2515 illud
922 2472 988 2516 osso
1002 2453 1094 2533 lepore
1114 2453 1150 2514 de
1165 2454 1255 2533 digito
1271 2452 1402 2515 ebsdsso
1417 2453 1465 2514 in-

308 2556 456 2636 terpretati
483 2564 567 2628 sunt,
593 2572 653 2616 non
673 2574 736 2616 rem
758 2555 851 2636 ipsam
874 2556 961 2618 vetari
981 2564 1157 2630 statuerunt,
1176 2555 1227 2617 sed
1248 2554 1417 2625 consilium,
1432 2563 1465 2615 ut

308 2658 486 2720 Goerenzius
501 2657 638 2737 loquitur,
652 2657 695 2720 rei
710 2657 880 2719 adhibitum.
924 2657 997 2719 Nam
1018 2677 1065 2719 res
1085 2656 1202 2738 quidem
1224 2656 1290 2736 ipsa
1309 2656 1464 2719 coniuncta

308 2768 369 2821 erat
384 2777 450 2821 euru
465 2756 654 2837 religionibus
669 2776 703 2819 ao
718 2757 781 2818 iure
795 2759 955 2838 pontificio.
993 2760 1089 2833 Quum
1105 2758 1182 2819 enim
1197 2758 1313 2820 humari
1328 2750 1463 2820 mortuo-

307 2880 373 2923 rum
394 2878 519 2940 corpora
539 2859 707 2933 desiissent,
727 2870 756 2921 et
774 2859 967 2922 comburendi
987 2859 1169 2922 consuetudo
1188 2860 1301 2922 inrecta
1320 2868 1412 2933 esset,
1431 2872 1465 2922 ut

308 2962 411 3023 vetusti
432 2960 524 3023 moris
545 2960 697 3040 vestigium
718 2961 834 3042 aliquod
855 2962 886 3023 in
907 2963 1040 3024 funerum
1056 2962 1113 3025 ritu
1129 2971 1302 3035 servaretur,
1317 2962 1463 3043 excogita-

307 3071 377 3124 runt
390 3063 449 3124 hoc
463 3062 625 3142 pontifices,
640 3070 673 3124 ut
687 3062 799 3141 reliquo
814 3082 940 3142 corpore
955 3062 1121 3136 condrusto,
1129 3065 1267 3145 particula
1283 3070 1380 3126 tamen
1396 3065 1425 3126 lu.
1437 3084 1462 3125 e.

308 3164 426 3245 digitus,
441 3181 503 3225 noo
518 3172 722 3226 concrematus
737 3164 828 3225 humo
844 3172 1054 3243 contegeretur.
1099 3165 1163 3226 lloe
1181 3165 1283 3246 igitm,
1309 3172 1410 3246 utpote
1433 3166 1463 3229 in

307 3268 369 3328 iure
388 3283 472 3328 sacro
490 3263 635 3344 positum,
660 3282 756 3344 neque
775 3264 906 3344 abrogari
926 3265 1009 3327 facile
1028 3265 1136 3345 potuit,
1162 3275 1190 3327 et
1209 3266 1356 3329 Ciceronis
1376 3268 1461 3331 mam

306 3375 397 3430 aetate
411 3364 584 3448 perduravit,
600 3366 628 3427 id
644 3367 722 3446 quod
738 3387 773 3429 ex
787 3367 823 3429 iis
836 3375 969 3447 apparet,
987 3385 1060 3447 quae
1080 3366 1115 3428 de
1134 3367 1215 3445 gleba
1234 3368 1264 3429 in
1280 3388 1330 3443 os,
1345 3369 1374 3431 li.
1390 3389 1415 3431 e.
1430 3368 1460 3432 in

306 3468 427 3549 digitum
444 3467 619 3541 abscissum,
634 3469 739 3531 iniecta
754 3470 887 3549 leguntur
901 3488 925 3530 c.
942 3468 1026 3542 225
1043 3469 1094 3541 57,
1108 3468 1159 3531 ubi
1174 3470 1252 3531 coni.
1267 3469 1392 3551 interpp.

391 3568 476 3642 Quod
492 3568 638 3647 sequitur:
655 3570 740 3633 credo
755 3571 799 3646 (h.
816 3590 841 3631 e.
857 3570 1002 3646 videlicet)
1017 3570 1093 3651 quod
1111 3581 1175 3633 erut
1187 3573 1351 3652 [actitatum
1364 3584 1397 3634 ut
1409 3576 1465 3634 troi

300 3670 394 3752 pluro
406 3670 510 3751 fierent
523 3705 578 3745 -,
593 3670 711 3750 planum
728 3682 773 3735 est
787 3673 822 3734 ad
834 3672 927 3754 pluro
941 3673 1204 3753 epraeeedentitus
1216 3674 1461 3755 verbissupplen·

307 3862 438 3873 ...n-...nm-
461 3864 541 3871 -0--
555 3866 604 3873 .-——-

370 3982 396 4049 d)
416 3983 581 4050 Goerenzios,
592 3987 633 4052 qul
646 3986 770 4038 lleevardi
782 3988 932 4038 sententiaro
944 3987 1100 4054 amplecitur,
1113 3988 1160 4038 lroc
1169 4004 1266 4055 quoqne
1275 3988 1388 4040 levitatis
1399 4003 1461 4039 snae

302 4070 474 4122 documentum
490 4071 572 4135 dedit,
590 4072 654 4137 qnod
670 4077 799 4122 rectorem
816 4071 871 4121 eius
886 4070 1079 4123 lilrclrmrnonn
1097 4073 1166 4124 dicit.
1201 4072 1337 4137 Ridentur,
1360 4080 1389 4125 nt
1399 4074 1461 4137 tiri,

301 4154 433 4206 liucrmdo
454 4155 609 4223 obloquitur,
626 4156 650 4206 in
672 4170 752 4222 eoque
771 4155 910 4206 Canuloni
931 4171 959 4208 se
980 4156 1158 4208 auctoritatem
1174 4158 1245 4225 sequi
1265 4158 1412 4226 profitetur,
1429 4159 1461 4211 de

301 4239 381 4291 Furto.
394 4238 436 4305 tlt,
449 4241 472 4292 t.
485 4257 509 4307 p.
522 4240 581 4291 314.
598 4241 637 4291 ed.
654 4238 769 4304 Lugduni.
788 4256 812 4290 a.
832 4238 906 4292 tort.
919 4270 953 4280 —
965 4242 1082 4294 Ceterum
1099 4242 1173 4293 video
1192 4241 1342 4294 Booeklrlurn
1363 4258 1461 4310 quoqne

299 4325 330 4375 ed
351 4323 416 4377 Plat.
433 4325 541 4377 llinoem
562 4342 586 4392 p.
604 4325 645 4375 58.
663 4324 791 4379 Ciceronis
809 4324 887 4377 verba
909 4326 940 4376 de
961 4326 1082 4391 ossilogio
1104 4333 1162 4395 post
1187 4326 1343 4379 conbustum
1368 4342 1461 4395 eorpus

300 4424 423 4477 recupero.
