3190 5136
693 411 749 476 181

136 603 367 665 accommodari.
411 603 547 684 &nique
566 588 638 664 εὖθ’
664 587 721 660 ὑπ’
744 588 850 663 Ἴλιον
871 587 956 686 ὦρτο
976 597 1143 683 ναυβάτας
1163 599 1305 689 στρατός

136 703 261 767 dubitari
275 722 340 767 non
353 714 454 787 potest
467 706 542 786 puin
556 704 661 767 lalaum
677 700 723 763 sit
767 701 842 764 Nam
856 711 928 765 tum
943 704 1075 784 qrddem,
1095 724 1201 785 quum
1216 725 1302 771 exer-

136 807 213 870 citus
238 807 276 869 ad
295 807 382 869 llium
400 809 553 890 proiectus
572 815 630 879 est,
648 821 712 866 non
730 805 852 867 exolevit
870 822 1075 868 aerumnarum
1094 815 1228 889 tempus,
1248 810 1301 872 sed

137 911 193 971 luit
205 910 268 970 boc
281 910 382 989 ipsum
397 910 463 971 eius
477 909 602 972 initium
638 909 736 987 ltaque
755 908 942 971 scribendum
967 908 1021 970 luit
1050 896 1143 971 οἶσθ’
1164 901 1220 971 ὑπ’
1237 900 1299 973 Ἥ.

137 997 175 1071 ὦ.
198 1030 224 1072 ν.
250 1028 334 1093 στρ,
357 1011 536 1091 pronomine
549 1012 585 1074 εδ
606 1012 766 1095 ψαμμιᾶν
787 1002 919 1073 ἀκάτων
938 1010 1039 1072 relato.

222 1112 294 1173 Non
308 1113 402 1174 levior
415 1123 461 1174 ost
474 1113 639 1194 corruptela
655 1113 794 1192 strophae
809 1114 962 1187 secundae,
976 1132 1002 1175 v.
1025 1113 1087 1176 988
1102 1131 1177 1194 sqq„
1194 1132 1299 1193 quam-

137 1233 226 1295 quam
246 1214 338 1277 buius
356 1215 464 1277 bonam
483 1222 596 1296 partem
615 1215 673 1277 iam
692 1214 861 1293 superiores
881 1215 971 1277 critici
987 1216 1192 1279 emendarunt:
1208 1223 1301 1279 restat

137 1324 254 1379 uotum
269 1326 303 1379 nt
316 1318 484 1398 perficiatur
496 1317 670 1380 emendatio.
699 1316 733 1377 ln
747 1315 897 1378 codicibus
911 1316 941 1377 bi
956 1336 1058 1380 versus
1074 1318 1221 1399 leguntur:

237 1412 334 1499 μάλα
354 1412 415 1505 γάρ
435 1439 490 1483 τοι
510 1421 573 1495 τᾶς
593 1415 721 1493 πολλᾶς
741 1410 870 1500 ὑγιείας

239 1512 423 1604 ἀκόρεστον
442 1516 554 1606 τέρμα.
577 1516 674 1596 νόσος
695 1516 757 1603 γὰρ
779 1512 895 1602 γείτων
916 1511 1095 1601 ὁμότοιχος
1116 1514 1247 1606 ἐρείδει.

136 1643 268 1706 quornm
282 1623 367 1705 prior
381 1643 452 1705 qous
467 1624 506 1686 ob
521 1642 623 1686 causas
637 1622 744 1684 mutari
759 1622 874 1697 debeat,
891 1623 1031 1703 qnoniam
1044 1625 1192 1687 nerninem
1206 1624 1295 1687 latore
1312 1633 1346 1685 at

136 1736 252 1807 potest,
273 1745 290 1788 a
309 1726 397 1789 nobis
416 1744 497 1789 nunc
515 1727 622 1806 exponi
640 1743 702 1788 non
722 1743 799 1805 opus
818 1731 871 1787 est
911 1725 1111 1806 lleqniruntur
1125 1735 1223 1790 autem
1236 1727 1297 1789 duo

135 1845 284 1920 commu,
308 1846 471 1927 etquidem
495 1846 582 1909 buius
603 1847 727 1919 formae,
758 1846 829 1906 alter
854 1849 955 1905 em„
971 1876 1006 1921 -‚
1038 1847 1110 1910 alter
1154 1831 1298 1931 ε-’ὢυη

133 1967 204 2012 narn
218 1950 253 2010 in
268 1948 452 2029 antistrophe
465 1966 490 2009 r.
507 1948 566 2011 981
585 1947 709 2010 dubitari
728 1966 790 2009 non
809 1957 908 2028 potest
927 1952 997 2030 quin
1012 1958 1062 2013 aut
1077 1970 1144 2014 curn
1160 1952 1296 2019 Porsono

132 2050 328 2114 scribendum
342 2051 381 2112 sit
394 2046 434 2113 τό
457 2042 546 2113 dent
569 2046 629 2131 γᾶν
651 2041 745 2126 ἅπαξ
763 2046 869 2113 πεσόν
889 2048 1095 2133 θανάσιμον,
1118 2062 1169 2116 aut
1183 2067 1296 2121 senato

131 2173 168 2216 eo
187 2152 350 2216 verborum
366 2153 482 2227 ordine,
505 2152 554 2232 qui
574 2151 604 2213 in
624 2150 774 2214 codicibus
800 2163 859 2227 est,
885 2148 924 2214 τό
948 2145 1040 2216 δ’ἐστὶ
1062 2152 1123 2236 γᾶν
1144 2152 1248 2221 πεσόν
1269 2150 1297 2242 γ’

129 2250 230 2332 ἅπαξ
249 2248 456 2334 θανάσιμον,
475 2255 584 2315 inserta
599 2254 737 2333 pmumta
760 2248 966 2336 postmodo,
987 2257 1066 2335 quod
1087 2275 1179 2337 genus
1194 2279 1296 2326 emen.

129 2359 232 2431 dandi,
242 2357 409 2437 licetpaeue
419 2357 590 2419 munaum
600 2357 808 2419 nonnullorum
822 2356 989 2420 criticorum
1002 2359 1112 2435 abusu,
1127 2360 1187 2422 boo
1197 2370 1295 2427 tamen

128 2462 198 2522 loco
213 2459 288 2521 nibil
303 2458 477 2521 offensionis
491 2457 580 2520 babet
600 2464 607 2500 ¹
622 2462 659 2535 ¹).
689 2459 789 2539 ltaque
808 2459 879 2521 alter
893 2460 1048 2524 dochmius
1063 2463 1093 2524 in
1110 2465 1231 2545 stropha
1246 2466 1294 2529 bie

128 2566 202 2627 erit:
217 2558 309 2643 μάλα
331 2556 368 2645 γέ
386 2582 441 2626 τοι
461 2558 501 2625 τὸ
521 2558 581 2637 τᾶς
595 2597 633 2607 -
647 2562 684 2623 do
698 2580 756 2642 quo
771 2579 860 2623 nemo
876 2562 1002 2625 dubitat:
1018 2565 1140 2628 alterum
1154 2575 1188 2628 ut
1202 2569 1294 2631 elfici-

127 2686 233 2740 amns,
263 2685 319 2747 pro
346 2665 484 2727 adiectivo
508 2660 635 2740 πολλᾶς
652 2662 728 2727 aliud
744 2664 837 2726 iustae
849 2682 1003 2728 mensurae
1016 2668 1189 2731 vocabulum
1205 2690 1294 2751 quae-

123 2769 260 2834 rendum
280 2768 349 2843 erit,
368 2785 424 2829 nec
443 2767 545 2829 dubito
565 2766 636 2845 quin
651 2766 810 2846 Aeschylus
826 2755 909 2847 δίγαν
923 2770 1087 2851 scripserit,
1107 2771 1188 2833 cuius
1203 2773 1294 2836 inter-

123 2878 350 2954 preumenmm
375 2864 503 2946 πολλᾶς
526 2869 713 2934 librariorum
739 2889 839 2933 errore
864 2872 1008 2935 invectum
1028 2882 1080 2935 est
1120 2872 1154 2935 ln
1174 2876 1296 2939 nomine

122 2965 264 3056 ὑγιείας
273 2980 324 3034 aut
334 2972 517 3053 corripienda
528 2973 747 3054 pronuntiando
761 2972 868 3053 syllaba
880 2974 1046 3054 penultima,
1057 2982 1090 3037 ut
1099 2975 1129 3037 in
1139 2972 1295 3057 δείλαιος,

123 3069 269 3159 γεραιός
292 3074 412 3156 aliisque
436 3092 648 3157 nonnunquam
673 3075 736 3137 tleri
767 3086 897 3151 constat,
928 3086 978 3138 aut
1008 3077 1195 3142 scribendum
1226 3100 1293 3143 cum

121 3177 259 3244 Franzio
280 3168 406 3257 ὑγείας,
427 3186 477 3239 aut
497 3197 564 3240 oum
583 3179 753 3241 Hermanno
773 3169 893 3259 ὑγείας.
924 3215 966 3225 -
995 3181 1028 3242 ln
1055 3202 1141 3245 versu
1162 3188 1292 3250 secundo

122 3273 355 3361 ἀκόρεστον
374 3273 493 3360 τέρμα,
515 3280 628 3343 etiamsi
652 3280 681 3343 id
704 3298 771 3342 eum
798 3279 967 3345 Hermanno
994 3283 1025 3344 in
1049 3286 1153 3349 malam
1180 3298 1293 3369 partem

120 3388 369 3464 interpretemur,
383 3388 480 3443 umen
495 3381 567 3443 nibil
582 3382 657 3446 aliud
669 3382 833 3463 significare
843 3384 952 3464 poterit
964 3403 1050 3465 οοειο
1063 3389 1145 3450 ouius
1157 3390 1293 3454 homines

121 3502 224 3568 snpra
238 3482 363 3545 modum
378 3481 476 3562 cupidi
490 3484 550 3546 sint
564 3484 719 3566 satiarique
733 3504 768 3547 eo
783 3503 936 3567 nunquam
951 3488 1081 3568 possint,
1101 3494 1295 3570 quemadmo-

121 3592 205 3653 dum
231 3586 360 3648 intrav.
389 3583 484 3660 1304,
509 3581 549 3648 ad
576 3582 637 3669 γὰρ
666 3574 702 3650 εὑ
724 3580 882 3671 τρόποιν
908 3579 1087 3673 ἀκόρεστον
1113 3582 1177 3677 ἔφυ
1205 3591 1294 3658 πᾶσι

120 3688 313 3774 βροτοῖσιν.
351 3688 512 3751 Siccium
527 3707 588 3751 non
604 3690 701 3769 potuit
715 3689 838 3752 causalis
853 3691 1012 3753 enuntiatio
1029 3693 1181 3775 subiungi,
1196 3689 1295 3773 νόσος

120 3790 193 3877 γὰρ
216 3781 335 3872 γείτων
356 3781 532 3870 ὁμότοιχος
552 3784 682 3876 ἐρείδει.
719 3792 854 3855 Absurde
878 3794 956 3857 enlm
976 3795 1035 3856 boc
1055 3795 1211 3872 diceretur,
1236 3799 1293 3861 bo-

118 3896 229 3960 mines
238 3891 411 3954 valetudinis
426 3900 581 3973 propterea
596 3912 685 3974 supra
701 3896 823 3957 modum
839 3895 962 3976 cupidos
978 3915 1059 3969 esse,
1075 3898 1154 3978 quod
1169 3900 1292 3964 morbus

121 4000 153 4061 ei
183 3994 417 4068 pernosceret,
443 4014 590 4074 quaeres
615 3996 796 4077 restinguere
821 3998 921 4078 potius
948 3999 1137 4078 cupiditatem
1166 4001 1295 4070 deberet.

121 4097 334 4176 Quamobrem
349 4096 535 4179 probandum
550 4097 639 4160 videri
655 4099 751 4179 possit
762 4099 840 4181 quod
852 4099 1010 4163 Subutzins
1021 4103 1186 4183 proposuit
1201 4095 1294 4166 ὑποί-

203 4323 244 4387 11)
263 4323 343 4375 llulto
360 4324 442 4375 minas
455 4331 537 4391 aptam
554 4324 700 4392 particulam
719 4341 776 4376 ease
795 4333 853 4393 post
868 4326 1019 4378 adieetivum
1037 4327 1062 4378 in
1079 4343 1105 4378 v.
1124 4325 1186 4392 988,
1204 4328 1245 4393 qui
1262 4326 1293 4376 nb

118 4410 274 4462 tter-mne
284 4410 320 4461 sie
332 4411 455 4478 scriptum
467 4417 520 4460 ort:
532 4405 610 4478 μάλα
621 4410 657 4477 γέ
666 4425 711 4461 τοι
721 4407 753 4462 τὸ
766 4412 867 4468 πολέος
883 4406 908 4480 γ’
928 4406 1061 4477 ὑγιΐας-
1070 4410 1191 4462 nminem
1203 4409 1291 4472 lugiet.
