3266 5140
769 430 929 527 Q

292 619 377 683 uicit.
397 618 480 680 'uam
499 617 540 679 itu
561 616 611 697 qui
630 616 772 697 loquitur,
794 616 948 679 ostendere
970 615 1094 689 videtur,
1113 615 1191 677 nolle
1212 634 1245 677 oo
1263 613 1444 694 interrogari,

292 721 372 802 quod
386 726 436 782 eut
448 735 511 781 uon
524 718 621 797 possit
630 716 817 797 respondere,
829 726 879 778 aut
892 718 1001 780 inritus
1019 717 1204 798 respondeat
1233 715 1334 778 Latine
1347 725 1445 779 eutem

291 823 355 885 ooli
367 839 507 904 procerem
522 838 583 882 non
598 838 683 883 secus
699 839 785 901 quom
801 820 870 901 puid
884 818 1021 901 pudenti)
1035 821 1073 882 itu
1088 819 1207 889 dicitur,
1228 818 1254 879 si
1273 817 1338 897 quie
1353 818 1444 897 signi·

292 926 378 987 ficare
402 924 474 999 vult,
494 942 556 985 rem
576 923 670 1004 ipsam
691 942 743 984 suu
763 931 870 1003 sponte
887 921 1070 983 manifestam
1091 940 1170 996 csse,
1189 929 1223 982 ut
1241 920 1342 1000 quaeri
1361 918 1398 981 de
1411 938 1445 981 eo

292 1028 379 1108 piune
394 1044 455 1087 non
470 1042 547 1103 opus
563 1024 614 1098 eit3
628 1023 679 1086 ubi
696 1042 753 1085 nos
773 1024 912 1086 dicimus:
932 1023 981 1085 Du
999 1024 1137 1086 drouolut
1153 1041 1210 1104 por
1230 1021 1309 1084 uicit
1326 1032 1387 1083 eret
1403 1038 1445 1082 uu

289 1132 405 1210 fropco.
448 1126 524 1188 Hine
541 1127 648 1188 iactum
663 1133 723 1200 eet,
744 1134 778 1189 ut
790 1134 981 1207 usurparetur
995 1128 1066 1189 hece
1076 1125 1208 1207 loquutio
1222 1140 1444 1203 nonnumquam

291 1230 377 1293 etiem
391 1229 427 1291 uh
441 1248 486 1301 eo,
501 1246 536 1289 ex
550 1247 609 1308 quo
620 1228 692 1290 nihii
705 1227 741 1289 ob
755 1228 846 1290 uitem
862 1230 1024 1309 quaesitum
1040 1238 1127 1302 esset,
1146 1228 1228 1308 quud
1243 1227 1277 1289 ed
1294 1242 1443 1305 occupen-

292 1332 359 1394 dom
375 1331 584 1412 quaestionem,
599 1328 648 1392 ubi
661 1339 766 1411 posset
779 1348 842 1392 non
856 1332 954 1392 minus
969 1338 1048 1392 recto
1057 1332 1208 1400 mutirem,
1217 1330 1358 1410 profecto,
1373 1325 1446 1388 midi

291 1435 373 1496 crede
388 1433 469 1512 poni,
485 1432 571 1493 veluti
586 1431 643 1494 Cic.
659 1432 695 1493 ud
710 1432 810 1493 Famil.
825 1432 870 1506 tv,
886 1433 915 1506 4,
929 1431 959 1506 3,
975 1450 1062 1512 quem
1077 1433 1174 1493 locum
1190 1430 1248 1492 mm
1263 1429 1299 1492 eb
1314 1428 1376 1490 eliis
1391 1428 1444 1489 nd·

290 1536 384 1599 hiberi
399 1534 533 1596 memini:
548 1532 668 1596 Fecerat
680 1544 776 1595 uectem
789 1533 843 1596 doc
856 1544 986 1605 comme,
1000 1545 1046 1606 ut,
1062 1552 1151 1615 quum
1165 1551 1185 1594 o
1198 1532 1229 1592 t.
1244 1530 1348 1595 mooe
1361 1549 1444 1593 meu-

290 1644 329 1701 tio
349 1649 421 1700 occet
436 1640 518 1719 secto
538 1636 572 1697 de
586 1634 727 1698 Marcello
746 1645 775 1697 et
790 1654 879 1716 quum
895 1636 924 1698 C.
939 1635 1098 1697 Marcellus
1117 1654 1146 1701 ee
1161 1636 1200 1698 ud
1214 1634 1348 1696 Ceruario
1357 1634 1446 1715 pedet

291 1741 446 1813 otieu'eset,
463 1749 581 1801 ceuceu
596 1749 780 1818 coumrperct
793 1750 821 1800 et
834 1738 873 1800 od
888 1738 1041 1800 Caesarem
1055 1738 1180 1819 euppleo
1195 1737 1347 1799 accederet.
1374 1733 1447 1798 Noli

291 1859 444 1924 puoeruu:
459 1845 501 1902 ito
514 1840 589 1901 milti
598 1838 721 1920 pulcher
734 1838 780 1901 lu’o
795 1841 854 1902 dieo
868 1844 948 1902 oieue
961 1851 1014 1912 eet,
1034 1850 1068 1902 ut
1085 1842 1206 1921 speciem
1221 1838 1350 1919 eliqueret
1363 1838 1443 1901 oide-

290 1962 342 2006 rer
355 1944 453 2004 uidere
468 1946 552 2023 puori
564 1944 761 2003 reviviscentis
775 1946 820 2004 rei
829 1941 973 2023 publicae.

376 2044 432 2107 Sed
447 2044 517 2107 nolo
529 2044 560 2104 in
575 2043 744 2105 huiusmodi
759 2044 847 2105 rebus
867 2045 1023 2107 levioribus
1037 2044 1157 2106 morari.
1201 2042 1323 2104 Grauius
1340 2058 1443 2120 peccu-

291 2153 352 2207 tum
369 2155 415 2207 ost
429 2164 491 2225 cap.
509 2146 538 2219 7,
554 2149 573 2220 i
592 2145 639 2217 17,
659 2145 710 2206 18:
735 2143 893 2226 Voluptatis
908 2145 962 2207 otii
977 2149 1107 2227 protorum
1122 2147 1279 2225 appetitum
1289 2153 1402 2225 putant,
1418 2153 1445 2204 et

286 2252 417 2328 primam
431 2246 626 2328 depulsionem
641 2245 764 2319 dodorim
784 2247 839 2309 olio·
852 2259 966 2310 eemcru
981 2252 1113 2328 primum
1128 2251 1250 2309 cocitum
1260 2263 1321 2307 ooo
1335 2244 1442 2314 dolere,

290 2360 317 2411 et
327 2354 459 2430 primum
474 2348 649 2410 decliootum
660 2349 806 2425 dolorem
825 2349 862 2410 od
883 2349 927 2411 die
942 2349 1001 2423 olii,
1017 2369 1090 2430 quoe
1100 2353 1202 2430 prium
1216 2349 1373 2410 rccuuduec
1386 2365 1441 2409 ue-

290 2462 388 2513 turom
404 2453 570 2523 uomitum,
587 2449 830 2530 profio'ccurtur,
854 2456 887 2513 ire
912 2452 1016 2533 produc
1038 2461 1195 2513 uuumroret
1219 2450 1443 2512 incolumitatem

290 2556 589 2631 commotionemque
604 2556 885 2634 corrumpentem,
899 2554 1111 2628 valetudinem,
1122 2572 1222 2616 eumue
1235 2556 1373 2632 inteproe,
1390 2552 1442 2614 do-

290 2656 362 2717 lorie
376 2658 557 2725 veooitoteut,
573 2657 656 2724 virio
667 2653 925 2735 pulchitudinem,
942 2667 1037 2718 cetero
1050 2659 1164 2735 petroio
1181 2658 1315 2719 eusdem
1344 2655 1378 2718 ln
1394 2674 1442 2718 ue·

289 2758 386 2820 cundo
402 2756 534 2818 membro
549 2764 649 2817 utrum
662 2755 702 2818 ite
715 2756 841 2836 legetur,
862 2766 894 2818 ut
912 2776 929 2818 e
944 2755 1143 2819 Goerenzienu
1162 2765 1190 2820 et
1209 2758 1352 2819 oreliano
1368 2756 1442 2821 soti·

288 2860 413 2939 psimuc,
427 2875 465 2919 en
478 2876 547 2919 cum
561 2857 713 2936 tiedrigio
727 2858 839 2920 editore
851 2859 959 2920 horum
973 2858 1116 2921 librorum
1131 2877 1191 2921 uuo
1208 2860 1340 2921 onmium
1355 2877 1442 2939 proe-

289 2960 484 3032 sontissima,
497 2963 671 3021 vocrulotem
686 2959 797 3023 doloris
812 2960 866 3022 olii
883 2971 995 3022 oeuteut
1009 2964 1142 3041 primum
1160 2966 1281 3023 oocdom
1299 2961 1442 3033 -,nil1il

289 3081 369 3124 nunc
389 3063 425 3125 ed
446 3079 522 3122 rem:
545 3062 687 3122 sententia
707 3061 784 3123 enim
805 3062 835 3123 in
849 3061 959 3123 utravis
974 3062 1099 3124 lectione
1113 3063 1215 3139 eudem
1235 3072 1293 3134 est,
1308 3071 1443 3143 recteque

289 3165 325 3226 eb
341 3164 498 3244 interprete
517 3163 701 3243 exptimitur3
722 3166 900 3244 quemquam
918 3164 1052 3244 displicet
1070 3165 1149 3246 quod
1166 3165 1281 3243 posuit:
1302 3164 1355 3226 dot
1369 3174 1443 3227 erute

290 3265 411 3338 lleideu,
427 3264 580 3339 Sudorem
600 3266 682 3346 quasi
701 3265 874 3327 declinatum
888 3284 950 3327 uon
964 3267 1150 3346 perticipium
1166 3267 1218 3339 sit,
1234 3267 1285 3328 sed
1301 3265 1442 3328 substen-

288 3368 390 3441 tivum‚
406 3368 493 3447 idque
506 3385 569 3429 nou
582 3368 727 3430 actionem
742 3367 906 3429 declinandi
918 3368 1094 3447 significem,
1111 3369 1162 3430 sed
1177 3388 1249 3442 rem,
1266 3386 1339 3449 quoe
1353 3366 1441 3430 doeti-

289 3479 387 3532 netur:
404 3489 462 3551 quo
479 3488 568 3532 sensu
584 3469 716 3549 proiecto
732 3469 892 3532 declinetur
905 3488 967 3531 non
983 3471 1216 3550 mupooLotiuis
1232 3471 1441 3551 dicitunqmm

289 3574 341 3635 due
351 3571 465 3635 Meiden
480 3592 496 3635 e
512 3570 724 3643 Germanum,
740 3590 799 3651 quo
814 3572 992 3653 Druyseuius
1009 3574 1118 3653 posuit,
1135 3575 1234 3636 modo.
1265 3573 1321 3635 Sed
1336 3574 1367 3635 iu
1383 3581 1442 3635 tor-

289 3674 328 3737 tio
343 3674 478 3737 membro
494 3674 601 3736 mirum
617 3681 662 3734 est
676 3692 764 3753 quem
779 3673 892 3736 multia
908 3694 976 3736 vero
992 3675 1196 3750 oberraverint
1209 3695 1225 3738 o
1241 3693 1367 3755 quorum
1382 3692 1442 3737 uno

288 3776 375 3839 mum
397 3775 575 3856 Droysenius
602 3795 634 3836 eo
655 3774 753 3837 induci
776 3794 882 3855 puseus
905 3787 958 3838 est
1002 3777 1070 3838 Fuit
1093 3777 1171 3838 euim
1186 3777 1285 3839 nescio
1301 3777 1378 3857 quis,
1392 3778 1443 3857 qui

289 3896 342 3959 pro
359 3879 467 3939 olii-
481 3877 535 3939 illo
550 3877 653 3957 reponi
668 3876 763 3949 veliet,
781 3877 868 3956 idque
887 3878 1066 3958 Droysenius
1085 3878 1157 3957 quin
1179 3878 1352 3957 probaverit,
1368 3898 1441 3942 oon·

256 3988 271 4037 u
291 3980 383 4042 versio
399 3981 461 4041 eius
477 3977 608 4040 dubitare
622 3995 682 4040 non
698 3979 780 4040 sinit:
795 3976 926 4041 Hieroorc
944 3978 1032 4060 polteo
1046 3981 1091 4043 die
1105 3992 1199 4043 eroteu
1218 3981 1441 4061 Nuturpemdec-

287 4082 396 4152 lmteu,
416 4086 468 4143 wie
485 4099 555 4142 mou
574 4085 615 4142 eie
633 4080 709 4143 wolel
726 4099 840 4143 nemeen
859 4080 949 4155 torro,
970 4101 1031 4143 octe.
1061 4081 1161 4163 Itaque
1180 4082 1438 4145 demonstrativum

288 4201 454 4264 pronomen
470 4182 505 4244 ui
521 4182 565 4244 ltie
578 4183 614 4244 od
630 4183 782 4262 superium
796 4183 941 4263 pertinere
956 4183 1086 4257 eredidit,
1101 4185 1277 4265 voluptutem
1294 4183 1442 4247 etdoiorio

288 4285 467 4355 vacuitatem,
483 4301 554 4359 uun,
570 4302 628 4363 quo
643 4284 773 4357 debebat,
787 4286 823 4347 ed
838 4287 996 4366 sequeutia,
1011 4305 1084 4366 quoe
1094 4290 1196 4367 primo
1214 4287 1372 4349 ceccutdum
1384 4304 1442 4348 eu·

288 4392 388 4453 turoiu
401 4389 568 4449 uom'nuot:
583 4403 670 4465 quem
684 4406 815 4449 errorem
829 4388 856 4453 ui
871 4389 937 4467 quie
952 4390 1077 4450 iorteose
1091 4406 1126 4449 eo
1141 4389 1341 4451 exuuundum
1355 4388 1441 4459 dicut,
