3154 5138
686 495 748 557 377

138 684 205 746 aliis
228 684 343 758 adeo,
363 683 393 744 iu
414 683 506 745 allisa
531 683 600 745 diis
630 682 771 762 scriptum
802 683 853 757 sit,
886 701 941 762 pro
965 680 1072 744 indicio
1103 702 1169 744 esso
1199 689 1298 763 potest

136 792 279 847 neutrum
296 785 403 847 horum
418 784 585 847 aCircrone
600 785 757 864 scriptum,
775 784 827 845 sad
847 804 863 846 a
878 783 1001 846 librariis
1017 791 1067 846 aut
1080 785 1297 848 correctoribus

136 889 285 950 invectum
300 906 376 959 esse,
392 907 450 968 quo
466 889 543 949 lacto
558 886 645 948 etiam
660 902 826 966 pronomen
840 885 913 965 qui,
932 894 1036 966 utpote
1051 887 1080 948 in
1095 886 1144 949 tali
1160 894 1296 950 contextu

134 989 351 1064 ommatium,
366 1007 421 1069 pro
437 1009 486 1064 eo,
500 990 579 1070 quod
595 1007 611 1051 a
626 990 766 1051 Cicmone
780 988 922 1070 scriptum
938 989 1039 1065 dierat,
1051 989 1222 1069 ponendum
1235 989 1296 1051 luit.

134 1091 247 1153 beleus
267 1099 364 1152 autem
387 1090 444 1152 ibis
463 1090 581 1155 duobus
596 1092 707 1166 verbis,
729 1110 745 1152 a
765 1091 835 1153 diis
854 1110 879 1152 r.
896 1092 1007 1164 adeo,
1023 1092 1296 1173 necdeessequid-

135 1216 227 1277 quam
243 1195 280 1257 ad
295 1193 456 1257 sententiae
470 1193 663 1275 integritatem
679 1202 813 1275 apparet,
833 1203 863 1255 et
881 1201 1026 1255 structura
1046 1194 1144 1256 minus
1158 1202 1236 1257 certe
1250 1196 1297 1255 in-

135 1306 205 1379 epta
221 1304 277 1358 cst.
322 1296 505 1375 Quamquam
520 1312 621 1358 rerum
636 1314 703 1357 esse
718 1295 795 1369 illud,
810 1294 889 1376 quod
904 1313 960 1376 pro
975 1296 1034 1376 qui
1049 1315 1064 1358 a
1077 1296 1229 1378 plerisque
1238 1304 1268 1360 ct
1282 1318 1298 1359 a

135 1418 185 1463 me
200 1416 321 1480 qnoque
335 1398 466 1478 positum
482 1406 541 1471 cst,
569 1415 669 1479 quae,
695 1398 785 1459 nolim
801 1406 965 1479 praestare:
992 1400 1116 1461 tortasse
1140 1400 1199 1480 qui
1222 1399 1298 1480 pri-

135 1521 233 1567 mum
248 1520 283 1563 ex
296 1499 428 1582 quippe
440 1501 595 1581 primum
611 1519 627 1562 a
641 1500 766 1562 librariis
781 1502 954 1563 factumest.

227 1604 298 1684 Cap.
313 1602 385 1678 lix,
403 1602 479 1664 149:
495 1603 622 1665 deinde
638 1603 673 1665 in
689 1621 753 1665 ore
767 1604 837 1666 sita
851 1604 972 1682 lingua
986 1612 1042 1665 est
1055 1602 1161 1666 linita
1176 1604 1298 1667 denti-

136 1708 214 1769 bus.
243 1705 293 1767 Sic
308 1705 391 1783 rorigo
407 1702 553 1780 scribitur,
568 1722 665 1786 neque
676 1705 830 1787 quisquam
846 1706 1003 1769 offendisse
1018 1706 1130 1769 ridetur
1144 1707 1174 1768 in
1190 1708 1298 1771 linito

136 1808 280 1870 dentibus
293 1806 400 1886 lingua,
415 1824 489 1886 quae
503 1824 561 1886 qua
574 1807 687 1868 rabone
701 1807 779 1870 finiri
793 1808 847 1870 illis
862 1809 987 1884 dicatur,
1002 1826 1057 1889 ego
1072 1827 1120 1870 rue
1133 1826 1195 1871 non
1216 1830 1298 1874 asse-

136 1913 186 1993 qui
202 1912 308 1974 fateor.
351 1910 425 1971 Nam
445 1909 521 1970 liniri
541 1909 636 1988 abqua
655 1928 688 1971 rc
706 1909 775 1990 quid
795 1919 841 1972 cst
854 1910 930 1973 allud
946 1929 1032 1991 quam
1049 1911 1190 1974 terminos
1206 1913 1251 1975 illa
1267 1933 1299 1975 rc

136 2011 321 2076 constitutos
336 2008 465 2073 haberet
480 2012 621 2075 terminos
636 2019 732 2074 autem
753 2013 867 2091 linguae
885 2012 1021 2075 dentibus
1037 2014 1182 2089 constitui,
1197 2035 1299 2080 vercor

135 2136 175 2179 nc
189 2115 354 2179 absurdum
369 2115 415 2176 sit
460 2114 596 2176 Sensissc
610 2114 767 2177 boeotiam
784 2114 801 2175 ii
816 2114 961 2187 ridentur,
976 2115 1025 2196 qui
1036 2133 1091 2195 pro
1106 2115 1208 2178 linita
1223 2120 1298 2180 scri-

136 2229 266 2299 pserunt
280 2216 447 2292 finitima,
462 2217 541 2297 quod
561 2217 592 2278 in
607 2216 722 2278 duobus
742 2215 891 2278 codicibus
906 2216 1202 2296 Norimbcrgensibus
1217 2220 1255 2297 (l.
1271 2230 1300 2282 et

135 2322 185 2399 li)
200 2321 323 2399 legitur,
349 2319 531 2381 correctione
544 2318 708 2393 manilcstn
729 2319 781 2380 sed
801 2336 906 2398 pamm
925 2318 1078 2399 probabili.
1115 2321 1298 2385 Probabilius

136 2433 213 2505 puto
228 2422 401 2483 Ciceronem
416 2421 572 2502 scripsisse
586 2421 706 2501 lingua
721 2422 855 2483 munita
871 2421 1047 2485 dentibus.
1084 2424 1206 2504 Proprie
1220 2426 1297 2487 enim

137 2528 199 2588 boc
212 2523 334 2585 verbum
349 2523 455 2585 dicitur
469 2524 505 2585 de
518 2523 565 2597 iis,
581 2542 655 2604 quae
669 2533 808 2604 tanquam
823 2524 897 2587 vallo
913 2526 1089 2589 cucumdata
1105 2538 1176 2589 sunt
1190 2535 1219 2589 ct
1233 2546 1297 2590 sac-

134 2625 598 2709 piuntur,rrtcap.LVll‚143:
625 2627 782 2688 munitae
809 2637 892 2689 sunt
916 2627 1108 2708 palpebrae
1133 2640 1297 2710 tanquam

135 2728 235 2793 rallc
250 2727 415 2809 pilorum.
459 2728 565 2790 Dentes
585 2736 680 2791 autem
698 2748 764 2791 cum
780 2728 854 2791 uallo
869 2729 1022 2809 aptissimo
1037 2740 1253 2811 comparantur,
1270 2742 1299 2795 ct

134 2830 388 2916 quemadmodum
405 2823 500 2912 ἕρκος
511 2822 653 2893 ὀδόντων
664 2833 743 2911 opud
755 2831 926 2905 Homerum,
943 2833 986 2893 sic
1000 2832 1125 2895 vallum
1142 2835 1297 2897 dentium

133 2946 186 2998 est
206 2933 285 3014 apud
306 2931 429 2994 Gellium
448 2932 582 3006 1‚15‚3
604 2942 634 2994 et
654 2935 731 3014 apud
754 2934 907 3014 Apuleium
928 2934 966 2995 de
984 2935 1076 2997 doctr.
1100 2937 1172 2998 Plat.
1195 2956 1219 2999 c.
1249 2938 1297 3009 14,

134 3059 165 3119 p.
183 3037 258 3098 205.
274 3034 348 3097 liild.
379 3033 515 3097 Cetemm
530 3046 699 3116 occupatam
716 3037 825 3099 dadum
841 3037 918 3098 banc
931 3037 1167 3101 emendationem
1182 3040 1266 3102 rideo
1282 3060 1298 3103 a

132 3142 332 3203 Biiuemanno
348 3137 383 3199 ad
398 3137 528 3200 Lactant.
544 3138 580 3200 de
595 3136 664 3218 opii.
685 3139 730 3201 dei
750 3158 774 3201 o.
793 3141 841 3215 10,
863 3141 912 3213 17,
929 3139 979 3202 ubi
995 3141 1136 3222 scriptum
1152 3152 1211 3204 est:
1226 3143 1298 3205 lin-

132 3260 240 3325 guam
270 3240 425 3302 dentium
455 3242 593 3321 saeptis
622 3242 708 3303 deus
735 3245 836 3322 quasi
870 3261 969 3305 muro
1002 3243 1299 3318 circumvallavit,

134 3352 386 3423 comparaturque
400 3342 617 3405 aBiinemanno
629 3353 745 3425 practer
754 3346 852 3408 locum
863 3345 977 3427 Apuleii
986 3365 1074 3427 supra
1083 3348 1200 3409 citatum
1213 3347 1298 3409 etiam

132 3448 212 3510 alter
226 3445 357 3507 eiusdem
373 3445 536 3525 scriptoris,
551 3444 659 3509 Florid.
676 3446 715 3521 ll,
734 3450 780 3509 15.
797 3468 826 3528 p.
843 3449 898 3512 63:
919 3447 1023 3509 rerba
1043 3450 1136 3511 intra
1162 3468 1296 3512 murum
1315 3462 1331 3511 9

134 3547 369 3613 candentium
394 3546 555 3610 dentium
581 3568 751 3630 premere.
777 3551 905 3630 itemque
931 3551 1053 3631 Apolog.
1076 3570 1101 3613 c.
1129 3552 1148 3612 7
1169 3571 1197 3631 p.
1221 3553 1297 3613 454:

133 3667 274 3739 sermo,
297 3650 367 3728 qui,
389 3657 426 3710 ut
448 3650 624 3731 aitpoeta
646 3652 1082 3733 praecipuus,edentium
1098 3672 1197 3715 muro
1214 3672 1300 3733 pro·

134 3750 330 3814 ficiscitur.
361 3751 451 3813 ldiror
468 3761 565 3816 autem
586 3753 734 3817 Ciceronis
756 3755 884 3818 editores
905 3774 1008 3818 omnes
1027 3756 1104 3818 hanc
1119 3755 1298 3817 emendatio-

134 3872 206 3917 nem
221 3854 341 3934 luqisse.

133 4150 166 4200 nd
181 4147 303 4199 remotius
316 4162 404 4198 nornen
418 4147 553 4214 pertinere.
590 4147 677 4200 Veluti
689 4149 712 4199 in
725 4150 812 4200 borum
825 4149 935 4216 ipsorum
948 4148 1068 4200 libroruin
1081 4148 1167 4200 initio:
1186 4149 1221 4199 de
1242 4165 1299 4215 quu

134 4241 196 4284 taur
209 4232 321 4283 variae
334 4232 837 4284 suntdoetissirnorumbourinum
855 4240 975 4300 tamque
988 4236 1216 4300 discrepantes
1229 4249 1301 4283 scn-

135 4319 275 4383 tentiac‚
290 4318 379 4368 nemini
392 4318 525 4369 obscurum
538 4333 596 4369 esse
609 4319 697 4385 potuit,
709 4334 843 4384 pronomen
856 4336 904 4369 non
922 4321 953 4370 ud
967 4322 1123 4385 religionem,
1143 4318 1166 4368 in
1185 4319 1299 4383 proximo

134 4405 257 4469 membro,
270 4404 314 4454 scd
326 4405 357 4454 ad
371 4411 483 4454 naturam
496 4404 597 4454 deorum
611 4404 635 4453 in
650 4404 781 4469 superiore
795 4411 954 4455 memoratam
973 4406 1109 4471 pertinere.
1145 4402 1202 4453 ,llio
1214 4416 1301 4451 excin-

136 4491 176 4557 pln
189 4491 242 4541 rid.
255 4504 295 4556 ap.
308 4488 391 4540 Kritz.
403 4490 433 4539 ad
447 4488 552 4538 Sallust.
566 4486 638 4537 Catil.
653 4504 674 4538 r.
688 4486 729 4550 ts,
743 4488 767 4552 2,
781 4504 803 4554 p.
818 4487 875 4537 218.
