3276 5144
842 481 993 587 Q

332 673 524 739 delitesceret.
568 673 643 738 Nam
665 674 742 739 hanc
763 672 842 739 illius
862 677 943 738 uerbi
964 673 1236 756 interpretationem
1262 673 1405 739 veriorem
1431 692 1493 738 esse

331 786 403 861 puto
420 797 509 860 quam
525 798 599 860 quae
615 798 631 841 a
646 778 757 840 llritzio
772 778 966 860 proponitur:
984 795 1104 839 omnem
1122 777 1235 857 copiam
1250 795 1350 840 rerum
1367 778 1493 858 agenda·

332 899 401 943 rum
415 881 570 961 famaeque
585 882 730 961 parandae
745 882 786 943 lta
802 881 967 943 successori
981 887 1112 961 ereptam
1128 898 1201 953 esse,
1217 887 1252 942 ut
1265 897 1364 960 neque
1374 881 1493 943 haberet

326 984 358 1045 in
374 1002 432 1064 quo
448 1002 550 1046 euram
565 1001 650 1045 suam
667 984 844 1056 ostenderet,
860 1002 957 1064 neque
972 1002 1006 1045 ea
1018 984 1127 1044 famam
1139 989 1355 1062 assequeretur.
1377 982 1491 1045 Etenim

327 1087 406 1167 quod
423 1086 560 1148 obruitur
575 1086 611 1147 ab
626 1086 742 1167 aliquo,
763 1086 793 1148 id
813 1106 879 1148 esse
894 1095 994 1148 tamen
1010 1093 1039 1147 et
1053 1086 1150 1167 ipsum
1167 1083 1276 1164 aliquid
1298 1102 1417 1146 necesse
1431 1092 1490 1147 est:

328 1189 375 1251 eui
391 1196 491 1251 autem
507 1189 604 1251 omnis
624 1188 744 1249 curandi
765 1196 794 1250 et
812 1188 922 1250 famam
944 1187 1105 1269 quaerendi
1126 1188 1240 1248 ooeasio
1261 1196 1415 1271 praerepta
1436 1196 1490 1262 est,

326 1289 415 1352 huius
437 1309 474 1352 ne
495 1310 560 1353 esse
582 1291 700 1370 quidem
726 1292 785 1352 ulla
807 1310 877 1354 cura
897 1290 1035 1372 famaque
1054 1296 1170 1370 potest:
1198 1307 1273 1371 quae
1294 1298 1394 1352 autem
1413 1290 1491 1353 nulla

324 1402 403 1465 sunt,
423 1393 496 1455 haec
516 1393 598 1455 obrui
619 1410 681 1455 non
701 1400 834 1473 possunt.
871 1394 973 1475 Neque
994 1394 1136 1476 probatur
1157 1392 1270 1454 diuersa
1290 1392 1491 1473 interpretatio

323 1494 360 1557 iis
374 1494 461 1569 locis,
478 1514 553 1577 quos
567 1495 695 1557 Kritzius
711 1497 905 1577 comparavit,
922 1498 988 1577 dgr.
1005 1516 1030 1559 c.
1046 1494 1103 1568 46,
1121 1494 1156 1555 6:
1174 1494 1312 1556 multos
1327 1503 1489 1557 veterum

325 1596 460 1660 oblivio
481 1596 614 1659 obruit.
650 1597 708 1660 cte.
724 1597 761 1659 de
777 1607 851 1661 orat.
867 1600 889 1672 l,
906 1599 957 1673 25,
983 1598 1056 1659 llll:
1079 1597 1133 1659 lta
1153 1596 1337 1678 quidquid
1358 1607 1430 1670 est,
1456 1599 1490 1659 in

324 1716 395 1781 quo
412 1699 634 1772 offenditur,
655 1700 689 1760 id
710 1700 912 1773 etiamilla,
928 1718 1018 1781 quae
1033 1699 1215 1762 laudanda
1230 1707 1332 1773 sunt,
1355 1699 1490 1761 obruit.

326 1802 386 1864 Nos
401 1809 500 1866 autem
517 1804 683 1884 exemplum
695 1803 774 1865 haud
785 1804 918 1865 absimile
929 1803 1017 1865 huius
1029 1803 1124 1864 nostri
1137 1802 1382 1885 comparabimus,
1398 1802 1490 1865 Valer.

325 1904 399 1969 blaa.
414 1906 436 1978 l,
457 1909 483 1979 l,
500 1905 534 1968 9:
550 1906 732 1968 Obruitur
745 1913 802 1968 tot
816 1906 1013 1968 ilustribus
1029 1904 1295 1967 consularibus
1310 1904 1342 1965 L.
1359 1905 1490 1968 Furius

324 2006 1489 2092 Bibaculus,exempliquelocumrixpostblarcellumiuvenitt

324 2110 388 2171 sed
408 2110 460 2191 pii
481 2111 588 2173 simul
603 2108 642 2173 a'e
655 2111 823 2190 religiosi
838 2113 949 2174 animi
964 2112 1068 2173 laude
1083 2110 1321 2175 fraudandus
1336 2130 1408 2175 non
1423 2119 1488 2174 est.

325 2210 469 2274 Obrutum
486 2213 516 2275 b.
532 2235 558 2276 e.
576 2213 764 2275 obscuratum
777 2216 908 2276 Valerius
924 2213 1095 2276 Bibaculum
1115 2214 1185 2275 dicit
1205 2215 1362 2277 illustrium
1379 2234 1490 2278 consu·-

324 2315 439 2391 larium,
455 2332 583 2396 quorum
599 2323 684 2377 antea
699 2318 883 2379 mentionem
898 2318 1016 2391 lecerat,
1032 2316 1116 2378 factis
1131 2316 1298 2397 praeclaris,
1315 2327 1349 2379 ut
1363 2318 1489 2400 rix-ipse

325 2418 356 2480 in
381 2420 522 2502 exemplis
542 2426 732 2495 numentum
753 2423 885 2485 sednon
907 2429 1006 2482 tamen
1027 2440 1079 2482 sua
1100 2419 1184 2480 laude
1203 2419 1400 2482 fraudandum
1415 2440 1489 2484 esse.

326 2521 439 2585 Eodem
470 2521 560 2584 modo
582 2521 701 2585 Tacitus
727 2525 912 2587 obscuratam
934 2520 1053 2584 Cerialis
1080 2520 1210 2585 claritate
1229 2521 1363 2585 Frontini
1388 2544 1489 2587 euram

324 2624 495 2707 famamque
521 2627 600 2700 dicit,
626 2636 661 2691 ut
687 2628 732 2689 vix
757 2646 812 2708 pro
838 2626 944 2688 merito
971 2630 1159 2704 agnoscatur:
1185 2625 1238 2687 sed
1263 2625 1364 2688 deberi
1389 2634 1491 2690 tamen

324 2727 467 2790 Frontino
483 2729 559 2791 hanc
573 2730 699 2803 laudem,
715 2738 749 2792 ut
762 2730 937 2792 sustinuisse
952 2727 1054 2806 utique
1069 2728 1190 2802 molem,
1212 2727 1242 2788 b.
1259 2745 1283 2788 e.
1299 2727 1378 2791 baud
1394 2731 1491 2811 impar

327 2836 406 2893 certe
429 2829 501 2891 moli
521 2832 611 2894 fuisse
633 2833 756 2895 dicatur.
802 2832 937 2911 Utique
959 2829 1128 2892 adverbium
1149 2830 1180 2891 in
1199 2829 1251 2891 tali
1275 2833 1490 2895 sententiarum

325 2950 404 2995 nexu
429 2932 617 3013 aptissimum
643 2942 703 2995 est:
730 2933 872 3012 significat
892 2936 971 2996 enim
993 2937 1054 2997 iere
1076 2933 1162 3005 idem,
1183 2934 1263 3013 quod
1286 2952 1340 2997 nos
1364 2934 1491 2998 dicimus

323 3036 542 3118 jedenfalls‚
559 3055 617 3116 quo
632 3036 809 3099 indicamus:
827 3044 893 3099 utut
907 3036 1078 3117 ceteroquin
1092 3054 1140 3097 res
1155 3043 1211 3108 est,
1226 3035 1284 3097 boe
1298 3042 1376 3099 certe
1390 3055 1415 3098 s.
1432 3040 1492 3101 hoc

325 3141 428 3204 saltem
452 3157 554 3202 uerum
575 3149 629 3203 est.
674 3140 746 3202 Nam
770 3144 846 3219 quod
869 3139 1076 3201 Lachmannus
1098 3139 1154 3214 ait,
1176 3141 1211 3203 ad
1233 3142 1350 3203 Lucret.
1371 3160 1400 3221 p.
1416 3141 1490 3215 250,

325 3247 450 3328 utique
475 3244 593 3327 proprie
614 3243 776 3323 siguificare
801 3247 913 3307 etita
939 3246 1082 3324 quidem
1108 3243 1163 3306 uti
1184 3250 1351 3326 oportet,
1371 3243 1492 3325 probari

325 3364 385 3409 nou
400 3355 515 3429 potest:
540 3364 608 3426 que
630 3345 660 3406 in
683 3345 739 3407 bae
758 3349 900 3428 particula
921 3347 1031 3410 nullam
1055 3348 1141 3410 habet
1162 3350 1317 3428 copulandi
1332 3349 1405 3421 vim,
1428 3363 1492 3409 non

325 3451 418 3531 magis
434 3470 523 3532 quam
539 3453 570 3514 in
589 3449 747 3533 ubique,
773 3452 945 3534 quisque,
968 3459 1142 3533 uterque,
1167 3453 1398 3533 quandoque.

410 3552 576 3635 daumii,
593 3555 627 3615 5:
660 3554 820 3637 Namque
845 3575 910 3637 per
929 3556 1132 3619 ludibrium
1158 3556 1326 3619 assidere
1351 3555 1492 3618 clausis

324 3656 471 3719 horreis
487 3664 519 3717 et
534 3674 654 3718 emere
669 3657 765 3720 ultro
781 3659 964 3721 frumenta
979 3660 1154 3723 adludere
1169 3660 1290 3741 pretio
1307 3659 1492 3739 cogeban-

324 3765 391 3820 tur.
435 3759 493 3820 Pro
509 3776 548 3820 ao
561 3758 708 3837 ludere,
724 3762 805 3842 quod
819 3770 993 3842 corruptum
1009 3781 1074 3824 esse
1090 3771 1220 3846 apparet,
1236 3762 1417 3824 Puteolanus
1433 3762 1491 3823 de-

324 3860 421 3923 ditae
436 3862 612 3940 rendere,
633 3882 722 3945 quam
740 3864 986 3940 emendationem,
1006 3864 1074 3926 lieet
1093 3885 1109 3925 a
1129 3865 1277 3946 plerisque
1293 3874 1442 3945 acceptam
1458 3870 1493 3925 et

324 3981 449 4043 operose
463 3982 480 4025 a
495 3964 626 4028 Walcbio
643 3967 807 4039 defensam,
822 3967 903 4029 nullo
919 3967 1008 4027 modo
1022 3966 1203 4048 probandam
1218 3967 1310 4029 fuisse
1325 3965 1492 4028 rectissime

323 4067 442 4129 Wexius
465 4068 616 4131 intellexit.
656 4069 723 4149 lpse
743 4071 896 4151 proposuit
917 4086 958 4131 ac
977 4068 1076 4131 luere
1095 4070 1229 4151 pretio,
1251 4088 1311 4151 quo
1333 4066 1493 4149 significari

323 4171 386 4234 uult
399 4172 477 4252 quod
492 4189 549 4233 nos
564 4173 717 4235 vernacule
737 4172 861 4235 dicimus
880 4172 944 4233 mit
964 4173 1077 4235 Gelde
1100 4172 1249 4234 bdssen:
1271 4191 1340 4234 narn
1354 4171 1493 4252 potuisse

322 4272 426 4336 luere
440 4274 601 4337 hoe·sensu
615 4274 703 4336 etiam
718 4275 851 4338 absolute
866 4274 937 4350 dici,
952 4287 986 4339 ut
999 4278 1043 4352 id,
1064 4275 1143 4358 quod
1159 4276 1288 4348 luerent,
1307 4274 1492 4337 subaudien-

324 4376 396 4438 dum
413 4376 572 4438 lectoribus
586 4376 817 4457 relinqueretur:
834 4379 911 4457 quod
928 4380 997 4459 quid
1014 4396 1077 4441 esse
1093 4377 1195 4458 possit,
1212 4377 1350 4457 equidem
1366 4395 1414 4439 me
1428 4392 1495 4438 non

322 4478 483 4561 intelligere
503 4480 606 4543 fateor.
637 4479 765 4543 Kritzlus
786 4482 905 4563 scn'psit
929 4498 968 4543 ao
992 4480 1201 4559 recludere,
1228 4480 1493 4565 hucexplicatione
