3222 5148
680 403 742 477 ili

131 592 358 675 exprobrarent,
385 593 464 674 quod
489 599 542 656 aut
566 592 734 675 ignorarem
752 600 804 672 eut
822 595 920 665 sciens
940 593 1159 671 dissimularem
1178 600 1295 673 retem

130 698 198 760 illos
218 695 352 758 eiusdem
371 697 454 758 cuius
468 715 533 758 sese
548 696 692 760 libertatis
705 698 923 773 amantissimos
937 716 1056 780 semper
1069 697 1176 775 luisse,
1195 702 1294 771 hnic*

132 818 190 880 qne
215 817 262 861 res
282 817 387 861 eorum
409 798 580 863 illustriores
602 808 691 880 atque
710 801 895 869 decentiores
915 800 1023 873 luisse,
1051 808 1161 885 quanto
1184 800 1295 877 meiero

131 909 286 966 uterentur
310 900 453 965 libertate.
495 901 553 963 Sed
578 902 625 964 his
651 903 769 984 quidem
796 909 940 984 quantum
961 920 1035 982 opus
1056 903 1114 971 fuit
1127 901 1196 971 uiti
1211 921 1227 964 a
1243 921 1296 979 mg

131 1020 308 1085 responsum
328 1011 387 1065 est:
408 1021 488 1066 nunc
502 1011 602 1065 autem
617 1005 767 1069 diversum
781 1021 874 1084 genus
888 1004 995 1069 erroris
1011 1004 1084 1067 mihi
1099 1003 1293 1077 relutnndttnt

130 1114 214 1188 puto,
229 1122 292 1171 nou
305 1105 536 1171 semidoctorum
552 1108 748 1188 quorundam,
766 1108 866 1187 quales
880 1106 930 1168 isti
944 1112 1037 1179 erent,
1054 1107 1108 1169 sed
1117 1106 1171 1179 riri
1183 1106 1295 1183 decib-

130 1208 208 1281 simi,
224 1208 274 1287 qui
289 1226 380 1288 quum
396 1207 433 1270 de
447 1208 555 1271 nimiae
570 1208 711 1272 libertatis
726 1209 938 1271 democraticee
950 1209 1035 1270 malis
1044 1227 1165 1288 prorsus
1174 1226 1293 1285 mecum

131 1310 310 1383 consentiat,
330 1319 502 1372 nostrorum
523 1318 624 1373 tamen
644 1313 799 1374 hominum
821 1313 918 1375 studia
939 1312 1134 1375 democretico
1148 1331 1164 1373 a
1180 1332 1228 1375 me
1244 1330 1295 1389 it*

130 1413 277 1498 prehensa
295 1431 362 1475 esse
383 1413 516 1475 miratur.
551 1414 603 1476 Est
622 1415 648 1478 is
663 1414 752 1496 Leop.
770 1415 968 1487 Schmidtius,
993 1414 1144 1495 professor
1157 1413 1293 1479 blarhur»

130 1515 239 1597 gensis,
254 1516 380 1596 scriptor
396 1518 651 1580 commentationis
666 1536 763 1599 nuper
778 1519 871 1581 editae
886 1516 922 1578 de
937 1515 1123 1578 Atheniensis
1138 1517 1182 1578 rei
1196 1515 1294 1598 puleii-

132 1636 183 1683 cse
208 1617 306 1681 indole
333 1618 544 1683 democratlca:
571 1620 601 1681 in
624 1640 681 1701 qua
700 1620 730 1682 id
749 1619 938 1701 potissimum
959 1619 1031 1699 agit,
1057 1625 1091 1680 ut
1105 1618 1164 1687 duc
1180 1619 1294 1687 diversa

129 1741 230 1789 rerum
247 1720 430 1804 publicarum
446 1740 563 1802 genera,
579 1722 720 1805 populare
735 1731 765 1784 et
779 1723 889 1802 regale,
911 1722 1012 1783 multis
1027 1721 1122 1791 modis
1138 1729 1238 1793 boten
1252 1720 1294 1783 si·

132 1824 211 1887 mdia
226 1824 303 1886 inter
317 1844 349 1887 se
364 1843 429 1887 esse
444 1826 594 1899 ostendat,
614 1845 708 1906 quum
723 1826 803 1906 quod
818 1825 848 1886 in
864 1826 956 1886 altero
971 1842 1038 1899 ren,
1061 1823 1142 1889 idem
1155 1823 1185 1895 in
1200 1823 1293 1897 altere

131 1927 260 2007 populus
275 1927 331 1989 sihi
345 1927 479 1989 vindicet
509 1927 572 1989 lloc
585 1928 674 2009 igitur
690 1928 885 2008 particulatim
901 1933 1098 2009 pernoctans,
1120 1925 1172 1991 ubi
1188 1927 1223 1991 de
1239 1926 1294 1991 tu·

132 2028 273 2093 buterum
289 2047 323 2093 ac
337 2030 519 2108 vectigalium
535 2030 719 2093 ordinatione
734 2031 831 2111 deque
846 2031 927 2091 omni
942 2029 1085 2111 pecuniae
1098 2029 1233 2109 publicae
1246 2035 1293 2097 at·
1397 2055 1403 2065 ’

134 2149 191 2210 qsse
212 2130 314 2195 aerarii
329 2130 545 2212 dispensatione
559 2132 699 2214 loquitur,
723 2152 811 2214 quam
827 2134 859 2195 in
874 2134 1051 2195 democratia
1063 2133 1194 2213 populus
1208 2132 1245 2193 ed
1260 2150 1294 2199 sc

132 2233 251 2297 trahere
273 2235 363 2307 solet,
390 2252 451 2295 non
470 2234 619 2298 immerito
636 2236 782 2319 vituperat
796 2236 939 2317 populum
954 2236 1181 2308 Atheniensem,
1208 2234 1293 2299 cuius

133 2336 255 2399 nimiam
277 2336 314 2397 de
335 2337 477 2399 reditibus
498 2349 586 2420 atque
606 2342 741 2422 expensis
762 2339 936 2402 decernendi
951 2339 1119 2401 libertatem
1133 2337 1178 2405 rol
1193 2336 1293 2417 potius

131 2438 278 2505 licentiam
294 2439 330 2500 ad
346 2445 510 2503 extremum
525 2442 618 2523 ipsam
635 2461 698 2505 rem
714 2442 860 2524 publicam
876 2440 1192 2524 pessumdedissent.
1218 2439 1294 2503 ilinc

132 2540 213 2607 enim
232 2541 352 2615 duxisse
371 2541 434 2604 illas
454 2544 603 2606 sociorum
625 2546 809 2619 vexationes,
836 2563 889 2626 per
903 2563 977 2625 quas
993 2544 1120 2608 maxime
1136 2543 1295 2625 imperium

132 2643 315 2717 melonum
329 2643 511 2709 Athenarum
532 2646 571 2707 sit
590 2666 743 2723 eversum,
764 2648 833 2710 hinc
853 2656 956 2728 postea
971 2647 1073 2710 crebre
1089 2646 1197 2719 damna
1211 2645 1295 2719 locu-

131 2746 258 2829 pletibus
279 2746 373 2821 illata,
395 2748 464 2811 hinc
483 2750 683 2812 theoricorum
698 2771 732 2813 ac
746 2752 886 2813 similium
901 2750 1090 2831 largitionum
1106 2747 1295 2823 immodicam

132 2850 407 2931 amplificationem,
434 2852 503 2914 hinc
527 2850 607 2914 illam
628 2853 731 2915 aerarii
753 2853 784 2913 in
804 2853 948 2914 levissime
971 2871 1105 2933 quaeque
1127 2848 1295 2915 eiluudendi

132 2955 387 3025 consuetudinem,
404 2974 480 3035 quae
495 2955 583 3017 nimis
598 2956 648 3017 diu
663 2954 869 3017 Demosthenis
885 2955 1014 3016 consiliis
1030 2953 1186 3027 obstiterit.
1214 2953 1295 3030 Quae

132 3075 227 3140 quum
242 3058 281 3123 ita
295 3058 364 3131 sint,
381 3058 486 3139 inquit,
502 3058 649 3120 nonsatis
664 3057 734 3119 illud
750 3056 851 3119 mirari
866 3074 1035 3138 possumus,
1045 3056 1125 3138 quod
1137 3056 1171 3133 (i.
1183 3055 1294 3125 Schoe-

131 3177 276 3231 mannus,
298 3160 348 3240 qui
367 3160 393 3220 si
408 3161 472 3240 quis
486 3159 560 3222 alius
574 3159 761 3249 Atheniensis
776 3159 819 3221 rei
834 3157 968 3239 publicae
981 3159 1111 3225 indolem
1125 3163 1211 3225 scote
1225 3174 1294 3239 pcr-

132 3264 230 3346 gperit
260 3263 405 3343 docteque
435 3263 585 3343 exposuit,
618 3261 653 3324 de
679 3271 799 3325 nostrae
826 3261 930 3324 aetatis
955 3261 1119 3327 rationibus
1144 3279 1240 3342 nuper
1264 3259 1295 3327 in

133 3364 389 3445 grammaticarum
405 3367 612 3444 quaestionum
627 3366 722 3445 capite
737 3366 834 3446 primo
850 3365 891 3426 ita
905 3363 1074 3444 disputavit,
1084 3371 1127 3436 ut,
1138 3362 1296 3435 immemor

135 3483 240 3529 eorum
261 3483 336 3545 quae
350 3467 537 3529 Atheniensis
558 3468 679 3530 historin
702 3467 803 3541 donet,
830 3484 894 3527 eam
916 3464 1039 3528 civitatis
1059 3464 1187 3526 iormam
1207 3463 1294 3526 unice

134 3567 261 3650 probare
285 3568 433 3630 rideretur
454 3571 485 3631 in
507 3588 565 3652 qua
588 3571 624 3633 de
645 3571 767 3652 pecunia
782 3567 898 3650 publica
912 3587 967 3630 suo
983 3566 1102 3630 arbitrio
1117 3566 1173 3628 soh
1186 3565 1295 3646 guber-

134 3677 240 3739 nantes
266 3671 435 3739 decernant.
464 3672 542 3737 llaec
567 3674 604 3736 ab
626 3694 661 3737 eo
681 3672 790 3754 scripte
810 3678 881 3733 sunt
901 3673 931 3733 in
947 3670 1023 3731 illius
1039 3667 1295 3735 commentationis

134 3795 164 3857 p·
180 3773 241 3847 XV,
267 3791 301 3841 oc
326 3773 428 3843 rehem
455 3793 509 3854 ego
535 3794 713 3856 magnopere
740 3775 898 3837 indicasset
924 3774 1012 3834 etiam
1037 3771 1082 3834 vir
1106 3771 1295 3835 doctissimus

135 3876 346 3958 quaestionum·
369 3894 502 3941 mearum
527 3878 784 3957 grammaticorum
811 3896 870 3958 qun
890 3875 1010 3938 tandem
1031 3876 1096 3941 loco
1116 3893 1150 3936 ee
1169 3872 1295 3954 legisset,

135 3999 211 4063 quae
232 3999 281 4045 me
296 3979 463 4061 scripsisse,
484 3987 592 4041 aut-
606 3981 842 4062 quandoquidem
858 3980 915 4041 hoc
929 3979 994 4060 ipso
1009 3978 1099 4039 verho
1114 3994 1176 4041 nou
1190 3976 1295 4047 utitur,

134 4118 177 4129 -
192 4083 372 4163 significasse
386 4082 492 4143 saltem
506 4081 614 4144 diceret
628 4084 724 4158 sicut
737 4092 838 4165 patere
853 4084 907 4144 ista
919 4081 1065 4143 sententia
1078 4079 1177 4142 lectori
1187 4084 1296 4158 posset

135 4184 225 4263 btqui
245 4204 299 4265 ego
320 4183 400 4247 omni
415 4184 464 4245 illo
479 4184 574 4264 capite
589 4185 796 4265 quaestionum
811 4187 920 4248 iterum
936 4185 1102 4262 iterumque
1117 4180 1295 4263 perlustrato

135 4287 212 4351 nihil
225 4287 371 4353 eiusmodi
385 4287 630 4369 insomnemque
644 4305 787 4367 quosnam
803 4287 852 4349 ille
867 4284 918 4349 eut
933 4286 1033 4366 quales
1048 4284 1295 4366 gubernantes

136 4391 228 4463 dicat,
250 4393 368 4477 assequi
382 4392 480 4473 potui,
503 4391 560 4455 nisi
574 4392 660 4467 torte,
685 4398 830 4471 quantum
845 4389 965 4470 quidem
981 4408 1017 4451 ex
1032 4389 1087 4451 ista
1101 4386 1250 4470 popularis
1265 4391 1297 4451 et
