3290 5142
692 478 844 576 ...⁴⁷-

185 672 301 731 constat
315 686 352 729 er
365 664 432 729 albo
445 665 540 747 lapide
554 665 651 730 forma
665 673 749 731 crata
769 666 801 728 in
822 668 909 747 adyto
928 666 1034 747 templi
1056 666 1246 742 collocatum,
1268 666 1349 731 iuxta

184 769 333 850 tripodem
347 786 488 833 cavernae
500 776 749 850 superstructum,
764 769 811 833 cui
825 769 956 832 insidens
970 769 1074 850 Pythia
1084 777 1116 832 et
1129 788 1237 852 vapore
1248 788 1285 831 en
1297 788 1348 832 ca-

185 889 276 937 verna
305 872 440 935 exlnleto
469 871 589 936 incitata
616 871 836 936 vaticinabatur.
870 871 945 934 Nem
970 871 1050 953 qnod
1070 871 1203 934 nonnulli
1228 877 1350 952 propter

185 973 347 1037 Pausaniae
364 973 524 1055 quemdam
537 975 636 1038 locum
650 974 795 1038 nonsatis
809 974 1007 1056 perspicuum,
1022 974 1059 1049 X,
1074 974 1122 1047 lb,
1135 975 1165 1050 2,
1177 973 1350 1038 umbilicum

185 1076 275 1139 huius
289 1075 441 1157 scriptoris
454 1083 548 1140 aetate
563 1084 645 1139 entra
658 1077 760 1141 aedem
774 1077 867 1140 fuisse
888 1078 1090 1152 crediderunt,
1110 1093 1172 1139 non
1186 1076 1250 1139 sine
1264 1094 1351 1139 orosa

187 1179 224 1242 ab
238 1179 301 1242 aliis
314 1178 480 1242 indubium
494 1187 631 1243 cocenim
644 1187 692 1243 est
703 1181 750 1256 ⁸):
772 1187 852 1243 certe
866 1179 973 1243 Strabo
993 1197 1063 1242 eum
1084 1198 1140 1242 suo
1160 1186 1295 1259 ternpore
1315 1172 1351 1241 br

186 1282 236 1364 τῷ
256 1281 326 1367 ναῷ
345 1287 544 1344 monstratura
558 1300 623 1344 esse
637 1283 724 1345 docet
737 1282 777 1344 lX
795 1300 825 1364 p.
848 1282 910 1345 419
933 1290 1007 1346 extr.
1043 1282 1183 1345 Getarum
1201 1281 1351 1357 eiusmodi

186 1383 343 1446 umbib'eos
357 1384 448 1447 etum
461 1384 493 1446 in
508 1384 569 1447 aliis
583 1383 655 1472 locis
669 1376 761 1447 luisse
774 1402 869 1465 quum
889 1384 1069 1466 scriptorum
1089 1383 1267 1446 testimoniis
1285 1391 1351 1447 turn

187 1486 259 1548 artis
272 1486 420 1568 operibus,
435 1505 575 1550 reserum
588 1487 711 1569 pietonis
725 1494 755 1549 et
769 1504 963 1550 nummorum
976 1487 1066 1568 signis
1080 1490 1221 1549 uelatum
1233 1491 1280 1549 est
1289 1488 1301 1527 ¹
1310 1483 1350 1562 ⁰),

187 1588 305 1652 Nomen
317 1588 385 1651 ideo
398 1587 524 1652 inditum
546 1589 674 1664 videtin,
694 1589 774 1670 quod
792 1590 855 1652 lere
875 1590 908 1652 in
927 1589 1090 1652 meditullio
1108 1589 1254 1659 locorum,
1274 1587 1351 1651 sicut

187 1690 344 1753 umbilicus
368 1691 399 1752 in
419 1709 559 1771 corpore,
581 1691 718 1755 ecbocati
737 1699 846 1754 essent.
875 1692 913 1755 Et
931 1691 1105 1772 delphicum
1127 1691 1248 1772 quidem
1268 1689 1352 1752 illum

188 1793 279 1855 etiem
290 1793 430 1856 interius
451 1793 531 1855 orbis
545 1800 692 1857 uriarum
713 1793 877 1857 meditullio
896 1809 962 1858 esse
981 1793 1195 1858 fabulabantur.
1219 1791 1352 1857 Dubitari

187 1902 288 1957 eutem
302 1894 350 1957 rix
362 1900 471 1975 potest,
486 1894 559 1976 quiin
571 1895 758 1971 initia-sieut
769 1896 819 1959 alii
833 1896 944 1977 passim
963 1896 1073 1977 lapides
1084 1897 1134 1974 ¹¹)
1154 1896 1197 1959 sic
1216 1896 1306 1959 etiem
1319 1893 1352 1958 bi

190 1995 320 2059 umbilici
331 2015 385 2079 pro
395 1997 525 2059 numinis
539 1997 661 2060 alicuius
676 1998 818 2079 symbolis
831 1997 923 2060 babiti
936 1998 1055 2072 luerint,
1071 1998 1119 2061 alii
1132 1999 1257 2061 fortasse
1277 1998 1352 2062 elio·

189 2115 268 2160 rum.
296 2097 469 2179 Delphicum
483 2098 605 2162 fuerunt
619 2100 670 2181 qui
685 2100 759 2162 lovis
774 2099 867 2162 tuisse
882 2100 1044 2181 crederent,
1059 2107 1164 2180 utpote
1178 2100 1289 2162 summi
1300 2118 1351 2162 ra·

190 2199 357 2263 ticiniorum
372 2202 510 2275 auctoris,
526 2202 610 2265 cuius
620 2201 725 2282 Apollo
736 2201 857 2263 nuntius
868 2208 898 2264 et
908 2202 1043 2264 minister
1052 2209 1145 2265 esset:
1159 2202 1238 2264 unde
1252 2201 1351 2264 lovem

190 2302 413 2387 Πανομφαῖον
428 2303 580 2379 dixeruut3
596 2304 728 2385 adeoque
750 2305 839 2367 etiam
860 2294 1016 2388 ὀμφαλοῦ
1033 2322 1144 2367 nomen
1163 2302 1297 2367 nonnulli
1315 2302 1352 2365 ab

190 2424 227 2467 eo
242 2404 322 2486 quod
337 2412 384 2468 est
398 2396 493 2489 ὀμφή
507 2407 619 2469 factum
634 2425 698 2469 esse
713 2407 825 2488 opinati
838 2408 980 2482 sunt12).
1012 2406 1195 2470 Probabilius
1211 2406 1353 2469 Wiesele-

190 2523 243 2569 rus
256 2507 362 2570 Vestae
377 2506 543 2588 symbolum
557 2508 648 2571 fuisse
673 2510 791 2572 statuit:
814 2508 1064 2585 Brcbolenius¹³)
1084 2526 1180 2590 nuper
1198 2526 1252 2589 pro
1264 2506 1354 2570 leste

191 2607 341 2671 Tellurem
359 2608 549 2690 praeoptavit.
583 2608 751 2673 Meminisse
770 2617 871 2673 autem
890 2610 1032 2674 debemus
1050 2611 1123 2674 baec
1139 2611 1198 2673 duo
1221 2611 1352 2684 numina,

192 2711 324 2791 quamvis
337 2728 425 2792 saepe
439 2711 573 2784 dbereta,
588 2728 650 2774 non
659 2730 727 2775 raro
742 2720 842 2775 tamen
856 2713 947 2777 etiarn
961 2713 1083 2776 confusa
1096 2730 1178 2787 esse,
1197 2720 1233 2774 ut
1248 2711 1353 2773 eadem

192 2819 223 2874 et
236 2814 324 2875 Vesta
334 2819 365 2874 et
378 2812 478 2875 Tellus
492 2830 558 2875 esse
571 2813 774 2892 perhiberetur
784 2817 847 2894 1⁴i:
862 2833 937 2895 quae
957 2817 1092 2879 conlusio
1111 2815 1143 2878 in
1162 2813 1352 2894 religionibus

191 2913 370 2996 populorum
385 2920 531 2995 quatenus
546 2921 597 2976 aut
610 2922 709 2994 spreta
721 2923 772 2977 aot
784 2916 922 2997 adoptata
932 2918 1031 2992 buerit,
1047 2917 1160 2980 definiri
1171 2937 1189 2980 a
1199 2915 1284 2979 nobis
1295 2933 1357 2977 non

191 3020 301 3096 potest
315 3050 358 3061 —
372 3014 459 3088 Quod
473 3024 572 3077 autem
587 3033 668 3079 nunc
681 3018 758 3097 apud
773 3018 944 3100 Euripidem
959 3019 1065 3102 Apollo
1079 3020 1142 3101 ipse
1152 3018 1293 3082 umbilico
1307 3019 1356 3081 in-

193 3118 292 3181 sidens
306 3117 456 3185 rabcineri
470 3117 584 3191 dicituro,
600 3117 765 3201 comparari
782 3128 882 3202 potest
900 3140 968 3185 oum
988 3122 1119 3185 Plutonis
1139 3122 1219 3196 loco,
1241 3122 1278 3184 de
1297 3121 1357 3184 lle·

193 3220 336 3302 pubbll',
351 3221 371 3281 5
385 3238 415 3301 p.
430 3218 494 3281 427
509 3220 557 3282 u:
573 3206 671 3296 οὗτος
691 3217 753 3305 γὰρ
775 3214 885 3305 δήπου
914 3217 1037 3297 iberia
1057 3256 1099 3268 ·-
1118 3216 1153 3285 ἐν
1179 3219 1271 3305 μέσῳ
1299 3218 1358 3307 τῆς

194 3320 251 3406 γῆς
274 3317 332 3385 lut
353 3321 414 3385 rob
433 3312 589 3406 ὀμφαλοῦ
610 3317 798 3409 καθήμενος
813 3317 986 3407 ἐξηγεῖται.
1016 3324 1133 3388 Scilicet
1151 3325 1223 3388 deus
1242 3325 1306 3407 ipse
1327 3325 1358 3387 in

192 3423 295 3506 templi
309 3423 407 3505 adpo,
422 3424 557 3504 quamvis
570 3425 649 3488 baud
664 3425 858 3507 aspectabilis
869 3443 1008 3508 praesens
1030 3433 1132 3490 tamen
1151 3428 1282 3491 nsidera
1299 3427 1357 3509 Py-

193 3525 272 3589 tbiae
285 3525 459 3589 credebatur
472 3525 558 3607 eiquo
572 3527 642 3609 quid
653 3527 810 3591 dicendum
832 3535 912 3591 esset
929 3528 1106 3610 praecipere.
1136 3522 1359 3617 Mmedopce

195 3623 257 3713 peip
278 3619 323 3704 ὥς
338 3617 380 3690 lb
400 3618 520 3711 ἡγῆται
535 3624 627 3704 θεός,
642 3630 855 3718 inquithtbin
868 3630 945 3712 apud
961 3630 1145 3713 Aeschylum,
1161 3631 1248 3695 Eum.
1264 3651 1291 3693 v.
1307 3631 1358 3705 34,

200 3740 398 3748 *mn—..—

265 3777 291 3839 11)
304 3776 364 3829 Vld.
376 3780 594 3832 accuratissimam
606 3780 747 3834 Wieseleri
757 3782 959 3850 disputationem,
969 3781 1072 3835 intorno
1084 3782 1129 3834 all'
1141 3779 1233 3835 omiulo
1244 3780 1350 3849 Delfica,
1471 3826 1474 3833 .

196 3862 223 3915 111
238 3861 330 3915 Anni.
342 3863 455 3916 institut.
467 3864 626 3932 1111111113.
635 3866 736 3922 xxix.
747 3884 772 3936 p.
786 3868 844 3920 ite.

224 3990 226 3993 .
265 3948 308 4015 10)
331 3946 368 4001 Gi.
386 3947 495 4002 Pernen.
511 3949 541 4016 ll,
561 3950 601 4017 13,
621 3953 645 4005 ¹1.
662 3952 772 4021 llespcle
787 3968 811 4005 1.
827 3969 853 4007 v.
874 3955 926 4023 γῆς
943 3948 1081 4025 ὀμφαλός.
1109 3954 1247 4008 Wieseler.
1264 3953 1282 4007 l.
1298 3952 1317 4007 l.
1331 3968 1356 4020 p.

198 4032 256 4086 166.
268 4049 307 4101 sq.

266 4121 308 4185 11)
320 4118 358 4173 Gi
368 4121 462 4173 librum
475 4128 589 4174 noenum
601 4123 632 4175 de
643 4123 772 4190 antiquitt.
785 4122 831 4176 Gr.
844 4130 905 4176 ton.
916 4121 937 4177 11
949 4139 973 4190 p.
987 4123 1033 4176 111
1045 4140 1082 4192 sq.
1096 4126 1136 4177 ed
1149 4126 1175 4178 2.
1187 4134 1214 4180 et
1225 4124 1358 4178 Welcker.

198 4204 317 4272 Tiresias.
332 4203 378 4257 Gr.
392 4208 404 4257 1
416 4222 440 4273 p.
453 4206 513 4258 220.

267 4290 308 4355 12)
326 4288 431 4343 Cornut.
443 4293 475 4343 de
487 4300 538 4344 nrt
550 4293 622 4345 deor.
634 4308 656 4345 c.
667 4294 700 4345 32
711 4308 736 4359 p.
751 4293 808 4346 ibe.
821 4293 866 4346 0s.
879 4293 963 4346 Sobel.
973 4292 1061 4359 llurip.
1074 4295 1160 4348 brec.
1177 4311 1203 4348 v.
1216 4296 1275 4348 331.

267 4375 309 4441 rso
326 4377 443 4431 veriaco
459 4378 522 4430 osa
539 4379 579 4430 ue
590 4376 818 4447 commaneant
828 4380 875 4430 oa
885 4378 962 4431 amn
974 4380 1066 4447 (nso)
1081 4379 1147 4432 iseo
1159 4396 1183 4447 p.
1196 4381 1255 4432 rie.

268 4461 310 4526 11)
328 4459 366 4514 Gi
375 4460 483 4516 Preller.
496 4462 605 4533 blytbol.
620 4464 633 4516 1
646 4477 673 4530 p.
684 4462 744 4516 266.
