3190 5136
366 1572 606 1667 viduicus
626 1570 749 1667 10Ἧὸ
771 1569 1026 1665 nuscuntur.

199 1860 286 1950 duas
306 1873 401 1937 utus
420 1873 529 1936 suano
551 1871 637 1935 anus
657 1872 693 1934 ua
712 1870 843 1953 roupi
863 1872 1041 1935 eromenes
1060 1881 1308 1937 emmonius

113 1996 192 2053 snm,
208 1976 294 2040 fadis
307 1975 345 2037 iis
359 1975 478 2057 quidem
493 1972 630 2038 omnibus
642 1974 800 2055 probatum
814 1974 849 2035 iri
863 1972 1024 2056 sperabam,
1039 1976 1089 2056 qui
1099 1975 1192 2038 libero
1206 1992 1276 2038 nee·

114 2082 187 2143 d·
213 2085 361 2159 soeopsto
386 2077 507 2140 dirersis
530 2076 723 2158 opinionibus
746 2076 844 2138 animo
869 2075 1076 2157 disputationis
1100 2096 1182 2141 meus
1200 2079 1277 2141 rium

114 2191 226 2246 attente
240 2178 381 2262 perseqrri
395 2179 601 2259 rationumque
622 2185 773 2241 momente
787 2196 823 2240 ex
842 2194 935 2257 seque
949 2179 1113 2258 ponderare
1128 2180 1231 2242 vedent
1244 2196 1279 2243 so

116 2293 257 2367 possent3
278 2284 328 2362 qui
346 2292 445 2344 auteur
464 2282 522 2344 iarn
542 2288 626 2344 antes
646 2280 682 2343 de
700 2279 812 2342 iabdaa
830 2278 906 2341 iilius
925 2286 1097 2360 argumento
1112 2289 1142 2343 et
1155 2280 1278 2344 oonsilio

115 2387 201 2450 aliter
214 2400 316 2448 sem
332 2382 515 2458 statuissent,
536 2382 593 2445 hos
608 2380 811 2463 praevidebam
825 2381 1041 2464 profitebnrqus
1053 2382 1150 2464 paullo
1164 2383 1280 2464 aegrius

114 2489 190 2552 mni
210 2504 389 2551 assensuros
407 2502 486 2559 esse,
508 2500 571 2547 non
594 2502 654 2566 quo
675 2500 728 2546 sos
754 2501 859 2546 omnes
877 2483 1004 2547 vertutis
1028 2485 1128 2548 minus
1147 2496 1279 2549 amantes

15 2668 16 2673 ἵ
116 2609 184 2653 esse
198 2590 367 2663 cedern,
391 2588 445 2651 ssd
464 2587 619 2668 moniam,
642 2600 735 2666 quum
754 2586 845 2648 semel
866 2585 973 2667 siiqrrid
991 2604 1047 2667 pro
1066 2604 1135 2649 rero
1155 2588 1280 2670 amplexi

117 2710 234 2765 sumus,
248 2692 315 2772 ipse
327 2697 433 2753 noster
444 2687 571 2753 ueritatis
585 2704 670 2750 antor
683 2687 894 2768 impedimento
908 2706 975 2751 asse
988 2697 1100 2770 potest,
1121 2692 1280 2770 quominus

117 2792 246 2869 veriora,
273 2793 325 2855 sed
346 2791 399 2865 iis,
423 2808 497 2873 quse
521 2790 618 2853 edhuo
635 2807 703 2852 rora
723 2789 810 2852 notis
829 2790 890 2852 visa
910 2797 991 2864 sunt,
1014 2790 1164 2854 dissimilia
1187 2810 1281 2873 aequo

118 2897 222 2960 auimo
236 2895 426 2974 aeripianrus.
468 2892 559 2974 idque
573 2899 658 2956 tanto
673 2890 784 2955 tsriiius
798 2892 930 2954 aonidere
948 2892 1034 2956 etism
1050 2894 1163 2973 optimo
1179 2894 1282 2975 ouique

119 2999 207 3072 soiet,
221 3014 283 3078 qno
296 2995 391 3075 nugis
405 3003 524 3058 nosset
538 2995 573 3058 ab
588 2995 634 3071 iis,
647 3012 722 3075 psas
735 2993 800 3074 ipse
814 2994 870 3057 sibi
884 3005 1078 3074 persuaserat,
1093 2995 1281 3059 abhorrentia

118 3098 248 3184 proteri
262 3098 354 3171 videt,
371 3098 431 3160 hoo
447 3098 619 3180 praesertim
634 3105 776 3177 tempore,
792 3115 851 3177 quo
866 3095 950 3160 multi
968 3096 1060 3159 nimia
1080 3098 1209 3178 quodam
1222 3116 1281 3161 no·

118 3201 217 3267 vitatis
231 3201 335 3263 studio
348 3199 462 3281 abrepti
481 3199 628 3264 levissima
647 3216 735 3278 saepe
754 3206 920 3262 commenta
934 3198 1058 3263 fidenter
1075 3209 1184 3263 tenum
1198 3200 1281 3263 iaeti-

118 3313 192 3378 tant,
207 3320 269 3365 nee
282 3302 390 3367 denunt
402 3302 505 3377 etiam,
525 3302 575 3384 qui
595 3319 657 3365 non
672 3308 732 3364 tum
746 3301 826 3382 quod
844 3300 918 3382 ipsis
934 3320 1107 3383 persuasum
1124 3303 1177 3377 sit,
1195 3320 1282 3384 quam

120 3406 203 3488 quod
218 3413 336 3487 gruum
350 3412 402 3467 ant
415 3404 501 3485 vuigo
516 3413 567 3468 aut
579 3401 796 3485 potentioribus
811 3405 875 3467 tore
888 3403 1062 3479 existiment,
1076 3406 1284 3487 praeseferre

118 3508 285 3571 rideantur.
315 3506 398 3570 iisne
416 3506 457 3569 ob
479 3522 597 3571 oausam
619 3522 682 3570 non
704 3504 827 3569 miratus
849 3524 931 3581 sum,
950 3506 982 3570 in
1003 3506 1054 3580 iis,
1078 3507 1128 3587 qui
1150 3526 1231 3571 mus
1249 3507 1286 3570 da

118 3608 266 3691 imityis
287 3608 479 3690 disputationi
496 3608 737 3691 obloquereris,
757 3609 844 3671 etiam
862 3608 1064 3672 Godoimdutn
1084 3609 1284 3674 Hermsnnana

119 3712 255 3775 extitisse
265 3714 309 3787 ¹),
329 3710 424 3774 rirnm
439 3711 584 3790 optimum
599 3710 783 3793 veritatisque
797 3710 1040 3786 amantissimum,
1059 3712 1113 3775 sed
1129 3711 1178 3793 qui
1191 3729 1284 3793 quum

120 3815 205 3877 aliter
225 3814 338 3877 dudum
358 3813 395 3876 de
413 3812 546 3894 Aeschyli
570 3811 717 3893 tragoedia
737 3812 916 3888 iudicaverit,
939 3820 1001 3876 tum
1021 3813 1129 3877 iudicio
1150 3832 1204 3876 suo
1223 3831 1286 3877 non

120 3918 189 3979 sine
204 3934 294 3978 sauss
308 3914 469 3995 plurimum
491 3914 636 3978 oonfidere
656 3914 761 3978 soiinrs
775 3914 824 3989 sit,
839 3934 895 3978 neo
913 3915 996 3979 indie
1015 3917 1154 3980 oonosdat
1168 3917 1285 3980 dissen-

121 4017 274 4091 fientibus,
287 4034 336 4078 nae
350 4024 446 4079 autem
461 4034 604 4098 meosque
615 4034 715 4079 mores
730 4016 857 4097 ignoret,
877 4024 911 4080 ut
929 4018 1043 4081 iissent
1060 4020 1185 4083 fortasse
1199 4018 1285 4082 dubi-

121 4128 201 4192 tsrs,
222 4119 252 4181 id
274 4118 353 4199 qnod
372 4119 456 4182 initio
471 4118 685 4183 dissertationis
700 4136 771 4182 suas
786 4119 940 4198 signifieat,
955 4139 990 4182 ox
1009 4120 1146 4184 animone
1160 4140 1198 4184 an
1213 4138 1285 4184 oon·

124 4222 231 4286 snitius
251 4228 333 4284 ratus
353 4220 409 4284 ista
429 4221 607 4305 scripserim.
650 4220 680 4284 Is
702 4229 747 4285 est
765 4220 964 4299 dermannus,
989 4222 1036 4289 eui
1054 4223 1289 4291 messorium

198 4446 220 4511 1)
237 4445 1011 4518 hmmuonaussaonettsotesstyteontpm.
1027 4448 1100 4503 tete.
1113 4450 1187 4503 edita.
