3276 5144
792 470 943 569 ms-

285 657 426 739 crigere
446 657 482 719 in
502 658 619 721 colles
638 660 753 724 aciem
776 667 992 741 coeperunt,
1019 678 1081 740 cap.
1099 660 1149 734 3d,
1166 660 1196 722 2.
1237 659 1332 723 llalim
1349 662 1448 743 itaque

286 760 380 822 clivo
396 762 593 834 instantes,
610 764 689 844 quod
705 764 776 825 item
791 764 850 825 iam
865 763 928 825 aliis
943 763 975 824 in
990 770 1121 824 mentem
1138 764 1250 826 renime
1265 763 1359 825 rideo.
1375 764 1450 826 Nam

286 863 426 925 instare
442 883 509 925 curn
526 865 622 927 dativo
634 872 837 929 constructum
855 883 914 928 nou
930 865 1027 927 solum
1043 865 1163 947 quietis,
1183 866 1235 928 sed
1255 884 1343 947 saepe
1362 866 1450 927 etiam

288 974 388 1028 motus
403 967 645 1048 significationem
668 969 770 1043 habet,
788 969 824 1031 ab
844 970 935 1031 altero
950 969 1039 1031 verbo
1060 968 1193 1030 alierum.
1240 968 1379 1031 Universa
1394 969 1451 1031 loci

286 1069 430 1131 sententia
446 1070 518 1132 haee
532 1076 593 1132 est:
615 1079 806 1154 posteaquam
823 1072 947 1153 equites,
963 1071 1070 1152 togatis
1086 1070 1248 1145 coviuariis,
1269 1072 1404 1152 peditum
1419 1090 1452 1133 se

286 1173 398 1253 proelio
413 1173 596 1247 miscuerint,
616 1191 679 1236 non
701 1176 824 1237 eandem
846 1193 935 1255 quam
957 1179 1042 1236 antea
1057 1173 1199 1235 Romanis
1213 1191 1329 1254 pugnae
1344 1174 1450 1236 lacicrn

285 1270 387 1338 tuisse.
415 1277 508 1337 Antea
522 1276 602 1337 euim
617 1278 678 1339 acie
693 1278 849 1359 compositi
870 1278 1051 1357 servatisqne
1065 1276 1217 1338 ordinibus
1232 1277 1450 1349 dimicaverant,

286 1385 488 1450 runcantem,
508 1384 714 1459 praeterquam
731 1381 810 1462 quod
826 1399 911 1461 aegre
926 1380 999 1442 clivo
1015 1380 1167 1450 instarent,
1188 1379 1347 1442 accessisse
1362 1378 1450 1440 etiam

285 1479 352 1553 hoc,
368 1488 402 1542 ut
416 1498 561 1561 equorum
576 1482 750 1561 corporibus
765 1483 995 1565 impellerentur,
1018 1481 1048 1542 h.
1064 1501 1091 1542 e.
1107 1482 1166 1544 lruc
1180 1482 1248 1544 illuc
1262 1481 1450 1565 pellerentur,

286 1600 342 1645 nec
367 1583 423 1644 iam
450 1584 616 1663 compositi,
642 1592 675 1645 ut
699 1592 793 1661 autea,
820 1586 872 1646 scd
893 1585 1061 1646 catervatim
1083 1584 1195 1647 disiecti
1216 1591 1391 1667 pugnarent.
1407 1619 1453 1630 —-

286 1685 424 1747 Proxima
439 1686 540 1748 rerba:
557 1705 597 1748 ac
615 1705 725 1769 saepe
745 1688 822 1768 vagi
841 1705 984 1759 currus,
1006 1688 1181 1749 exterriti
1197 1687 1275 1748 sine
1290 1689 1451 1751 rectori·

287 1788 353 1850 bus
377 1788 477 1868 equi,
503 1796 541 1851 ut
566 1804 747 1870 quemque
775 1789 930 1852 fortuna
951 1792 1099 1864 tulerat,
1127 1797 1367 1853 transversos
1388 1799 1452 1854 aut

287 1890 417 1953 obvios
432 1891 687 1965 incursabant,
707 1892 779 1954 item
795 1911 913 1955 causam
930 1893 1060 1956 iudicant
1075 1911 1127 1955 cur
1141 1910 1203 1956 non
1218 1892 1321 1955 cadem
1337 1912 1451 1974 pugnae

286 1993 375 2055 facies
389 1993 488 2055 luerit.
529 1994 604 2075 Equi
620 1994 683 2055 sine
698 1995 863 2058 rectoribus
879 1996 1006 2059 dubitari
1020 2013 1082 2058 non
1096 2003 1195 2076 potest
1209 1997 1281 2076 quin
1296 2013 1356 2059 non
1372 1997 1452 2059 covi-

248 2096 252 2107 ’
288 2097 456 2170 uariorum,
479 2096 529 2158 sed
545 2098 678 2178 equitum
695 2115 847 2160 caesorum
865 2097 984 2179 intelligi
999 2098 1140 2173 debeant,
1161 2117 1216 2161 nec
1229 2099 1326 2161 solum
1342 2099 1453 2162 Roma·

290 2216 408 2273 norum,
424 2199 475 2261 sed
492 2200 581 2261 etiam
597 2200 822 2263 Britannorum:
844 2219 900 2263 nec
918 2201 979 2263 seio
1000 2218 1037 2263 an
1052 2211 1131 2263 recte
1146 2202 1307 2264 Rhenanus
1322 2221 1384 2282 cap.
1401 2201 1453 2273 35,

290 2302 539 2365 2corinarius
560 2309 596 2365 et
616 2322 729 2384 eques
750 2302 910 2387 scripserit,
926 2305 1024 2366 addita
1040 2303 1152 2384 copula,
1169 2304 1289 2385 quaein
1305 2303 1453 2366 codicibus

290 2407 400 2470 omissa
420 2415 475 2468 cst.
505 2406 580 2469 Nam
600 2405 773 2480 cocinarios,
794 2407 846 2487 qui
867 2424 957 2469 curru
976 2406 1203 2487 proeliabantur,
1224 2407 1337 2487 equites
1359 2406 1453 2468 dictos

290 2528 355 2572 esse
371 2509 417 2571 rix
432 2508 569 2573 credibile
583 2527 663 2583 esse,
686 2526 782 2588 neque
797 2508 954 2571 Homerico
975 2527 1033 2571 usu
1049 2508 1179 2572 vocabuli
1195 2499 1322 2591 ἱππῆες
1336 2508 1454 2591 probari

290 2630 377 2694 posse
393 2621 481 2695 puto:
505 2619 535 2675 et
555 2631 630 2693 quae
646 2610 794 2673 Walebius
815 2612 907 2685 allert,
927 2619 961 2673 ut
979 2612 1093 2673 nullum
1108 2612 1255 2674 Britannis
1269 2619 1387 2693 praeter
1401 2629 1453 2672 co·

290 2715 419 2777 disarius
434 2715 597 2796 equitatum
611 2713 702 2775 luisse
718 2713 911 2787 demonstret,
927 2714 1153 2795 haudquaquam
1170 2714 1205 2776 ad
1217 2711 1453 2795 persuadendum

290 2827 357 2899 apta
373 2824 453 2880 sunt.
497 2816 622 2880 Obstant
642 2817 721 2879 enim
744 2824 861 2897 praeter
880 2817 1021 2880 disertum
1038 2816 1195 2897 Pomponii
1209 2816 1299 2879 blelae
1317 2814 1453 2877 testimo-

291 2922 374 2984 nium
390 2922 478 2985 etiam
493 2921 624 2983 Caesaris
645 2920 757 3001 aliquot
776 2920 849 2995 loci;
869 2918 962 2983 Taciti
977 2926 1076 2983 autem
1092 2918 1188 2992 verba,
1212 2938 1274 3001 cap.
1292 2918 1342 2991 ts,
1361 2919 1393 2978 l:
1416 2917 1454 2978 in

291 3025 417 3110 pedite
442 3024 575 3099 robnr3
603 3023 787 3104 quaedam
813 3023 984 3084 nationes
1008 3029 1045 3083 et
1067 3040 1178 3085 curru
1203 3019 1454 3103 proeliantur,

291 3129 363 3190 nibil
385 3128 462 3191 aliud
482 3126 587 3188 docere
608 3133 744 3206 possunt,
766 3143 855 3206 quam
876 3124 968 3187 robur
987 3125 1169 3186 exercituum
1190 3141 1251 3186 non
1271 3123 1302 3184 in
1322 3121 1454 3202 equitatu

291 3232 344 3294 sed
360 3232 390 3293 in
405 3230 502 3314 pedite
517 3228 700 3303 constitissc;
721 3246 769 3288 eas
785 3234 882 3289 autem
899 3227 1044 3304 nationes,
1059 3245 1134 3309 quae
1149 3244 1209 3289 non
1226 3240 1314 3289 curru
1328 3223 1454 3306 proelia·

290 3340 403 3406 rentur,
419 3333 552 3414 equitatu
565 3332 651 3413 plane
666 3330 798 3395 caruisse
812 3329 892 3392 nullo
908 3330 997 3392 modo
1013 3330 1227 3392 demonstrant.

376 3437 445 3520 Cap,
473 3435 559 3511 lllll,
587 3436 617 3497 5.
662 3433 964 3514 Obsequiumque
993 3438 1030 3495 et
1059 3432 1303 3504 modestiam,
1334 3428 1367 3491 si
1396 3429 1454 3491 in·

291 3540 437 3602 dustria
452 3538 759 3619 acvigoradsint,
782 3535 959 3598 colandis
975 3535 1165 3610 excedere,
1187 3552 1261 3616 qno
1280 3533 1455 3617 plerique

292 3661 356 3726 per
375 3642 544 3725 abrupta,
567 3641 632 3702 sed
655 3640 690 3702 in
710 3641 850 3701 nullum
872 3638 925 3700 rei
945 3637 1115 3720 publicae
1136 3655 1239 3699 usum
1255 3635 1456 3696 ambitiosa

292 3755 412 3809 morte
434 3744 701 3808 inclaruerunt.
747 3740 911 3804 Offendisse
931 3741 962 3802 in
982 3740 1042 3802 boc
1062 3741 1126 3802 loco
1148 3738 1257 3801 multos
1272 3755 1331 3799 non
1346 3737 1455 3798 mirum

292 3857 346 3923 est,
363 3856 484 3933 propter
494 3846 574 3909 verbi
588 3844 766 3910 excedere
781 3843 1024 3925 significationem
1036 3844 1135 3905 minus
1147 3841 1272 3917 obviam,
1287 3848 1317 3901 et
1327 3840 1455 3920 reliquae

292 3952 432 4016 orationis
446 3956 626 4013 structuram
641 3966 701 4010 non
717 3947 787 4009 satis
803 3947 975 4027 expeditam.
1019 3947 1057 4009 Et
1071 3945 1191 4008 Wexius
1207 3944 1325 4025 quidem
1341 3950 1456 4005 utram·

292 4074 350 4138 que
374 4054 568 4117 ollensionem
592 4069 745 4113 removere
771 4059 893 4112 conatus
920 4057 965 4111 est
982 4050 1152 4111 scribendo:
1178 4065 1307 4110 eorum
1330 4046 1455 4107 landes

292 4159 482 4230 excedere,
499 4155 562 4238 qui
580 4190 637 4228 —-,
653 4173 744 4235 quam
760 4153 959 4217 coniecturam
974 4172 990 4214 a
1005 4152 1116 4214 llritzio
1131 4169 1192 4213 uon
1208 4151 1312 4213 iniuria
1327 4156 1456 4230 spretam

292 4280 358 4324 esse
373 4260 509 4324 arbitror.
554 4261 612 4323 Sed
633 4259 725 4343 ipsius
746 4256 1020 4338 interpretationem
1035 4255 1167 4336 rrdgatm
1182 4253 1317 4315 lectionis
1331 4250 1457 4334 probare

294 4381 356 4426 non
375 4381 507 4445 possunt.
544 4365 611 4428 llult
636 4363 715 4424 enim
741 4379 783 4423 eo
809 4358 931 4422 laudis
955 4359 1135 4421 excedere
1160 4351 1457 4436 nonsignillcarccd

292 4484 368 4530 eam
383 4469 526 4531 laudem
545 4468 582 4545 ts.
597 4469 634 4534 ad
649 4485 717 4529 eum
733 4463 826 4526 undis
841 4463 977 4546 madum)
999 4461 1192 4535 excedere,
1214 4458 1265 4522 sed
1286 4457 1320 4520 id
1338 4473 1458 4538 genus
