3154 5138
610 496 808 598 ..n-s.

128 682 214 761 galeri
229 699 357 743 numero
373 682 451 744 illud
469 683 605 745 mirabile
624 685 779 746 dicendum
800 685 890 747 luisse
909 692 1005 766 putat:
1024 685 1165 766 pluralem
1187 687 1288 750 Cicero

130 794 282 865 propterea
303 786 419 864 posuit,
440 787 505 866 quia
525 787 680 849 etiamalio
701 787 784 868 plura
805 788 944 851 mirabilia
965 788 1107 851 inruente
1122 789 1236 862 babuit,
1252 791 1288 851 de

129 888 288 967 pantheris,
303 888 339 949 de
356 888 452 968 capris
468 888 545 963 seris,
561 891 597 951 de
615 890 716 967 corvis,
733 910 807 970 quae
822 891 847 952 si
862 901 891 953 et
906 893 969 972 ipsa
984 910 1037 972 per
1051 892 1287 954 coniunctionem

128 993 201 1072 qood
215 991 413 1064 adiunxisset,
428 1009 516 1053 nemo
532 992 673 1071 pluralem
689 993 743 1055 illo
757 994 909 1056 ndroba'lr'a
924 996 1159 1075 reprehenderet.
1203 995 1289 1057 Nunc

128 1103 223 1155 autern
240 1094 337 1172 paullo
352 1092 471 1155 liberius
488 1095 651 1157 orationem
667 1096 703 1158 ab
718 1096 852 1159 instituta
872 1106 1034 1161 structurae
1054 1100 1148 1161 lorma
1165 1097 1288 1160 deflexit.

19 1268 23 1279 Ι
128 1196 299 1277 Comparari
318 1203 417 1276 potest
436 1194 488 1268 Ill,
506 1197 539 1269 7,
558 1198 609 1257 17:
637 1199 788 1279 eademqne
813 1199 867 1261 illa
892 1205 978 1262 etiam
1005 1202 1186 1284 differemus,
1214 1199 1290 1281 qnod

128 1298 324 1380 Cbapsappom
339 1298 433 1358 dicere
448 1296 546 1359 aiebat
561 1311 627 1370 eto,
644 1298 692 1360 ubi
709 1300 776 1362 item
793 1302 896 1380 plurali
910 1303 1015 1378 utitur,
1031 1321 1092 1365 non
1109 1322 1199 1365 unum
1215 1320 1287 1382 pra-

24 1384 29 1439 i
128 1402 240 1462 nimum
255 1399 422 1462 membrum
439 1402 475 1462 de
489 1400 668 1482 Chrysippo,
684 1404 735 1464 sed
752 1404 805 1466 alia
820 1422 938 1485 quoque
957 1413 1027 1486 post
1040 1405 1237 1486 adiungenda,
1259 1404 1289 1465 in

23 1500 28 1509 '
127 1514 224 1564 mente
241 1502 363 1565 babens.
418 1503 551 1566 Ceterum
572 1505 608 1566 ad
628 1504 836 1568 absolvendam
858 1507 953 1569 nostri
971 1508 1028 1570 loci
1055 1508 1288 1570 emendationem

127 1607 212 1667 etiam
229 1605 266 1667 m
279 1625 367 1686 qoaam
381 1625 436 1687 pro
453 1617 536 1688 otqtac
555 1608 757 1688 reponendum
773 1630 838 1671 csse
855 1610 963 1672 suadeo
980 1629 1015 1672 ox
1030 1609 1094 1671 cod.
1110 1608 1247 1672 Vaticano
1263 1627 1287 1670 o.

125 1709 337 1771 ottoboniano.
381 1710 541 1789 Aptissime
565 1709 643 1771 enim
670 1729 723 1790 per
744 1722 775 1773 at
794 1712 1029 1774 coniunctionem
1055 1712 1126 1774 baec
1147 1711 1288 1774 mirabilia

16 1818 17 1825 ’
124 1813 179 1884 eis,
201 1831 278 1892 quae
298 1820 383 1874 antea
404 1821 650 1874 commemoratae
670 1825 765 1888 erant,
786 1814 873 1877 rebus
893 1814 1058 1878 notioribus
1085 1824 1289 1896 opponuntur:

123 1935 211 1995 qoaam
228 1924 325 1977 autem
342 1923 371 1977 et
385 1934 439 1997 qao
453 1915 713 1978 innumerabilibus
724 1915 797 1977 locis
814 1926 1027 1998 permutantur.

210 2016 282 2099 Cap.
299 2018 357 2091 Lll,
376 2017 449 2078 130:
467 2018 579 2080 decedit
594 2028 690 2080 atatem
705 2019 744 2080 ad
758 2020 970 2082 nonnullorum
990 2023 1182 2081 animandum
1198 2031 1224 2081 at
1238 2037 1288 2081 eo-

9 2128 10 2157 l
123 2140 193 2182 mam
207 2140 321 2191 rerum
338 2139 411 2201 quas
425 2133 506 2182 terra
519 2125 623 2201 pipm't,
641 2125 886 2183 conseruationem
899 2122 1049 2184 laminam
1061 2126 1148 2184 en'am
1158 2121 1288 2185 sollertia

7 2262 8 2265 =
123 2234 150 2284 et
165 2224 328 2304 dilipenn'a.
373 2222 451 2285 llaec
470 2231 515 2285 cst
535 2223 619 2284 lectio
640 2223 749 2284 codicis
769 2224 863 2286 Onon.
884 2245 926 2300 e.;
944 2225 1047 2305 reliqui
1063 2242 1166 2286 omnes
1180 2224 1289 2285 babent

121 2328 262 2397 „accedit
276 2330 398 2397 etiam“,
415 2326 661 2406 quemadmodum
677 2325 742 2387 olibi
759 2346 877 2407 quoque
892 2344 953 2389 non
967 2346 1033 2390 raro
1049 2331 1135 2389 etiam
1150 2333 1180 2388 et
1194 2336 1289 2388 antem

122 2430 288 2509 permutari
303 2448 320 2490 a
334 2428 458 2490 librariis
473 2429 614 2490 videmus.
646 2428 688 2489 ct.
706 2428 843 2510 lleusing.
859 2438 887 2491 et
901 2430 994 2492 Reier.
1011 2430 1046 2492 ad
1062 2430 1092 2491 (l.
1109 2430 1144 2491 de
1159 2428 1242 2490 offic.
1262 2429 1288 2501 l,

123 2532 175 2607 30,
195 2531 477 2609 romanamet).
508 2532 607 2611 ltaque
628 2531 709 2610 sequi
731 2532 840 2593 codicis
856 2532 950 2594 Oxou.
966 2532 1181 2603 auctoritatem,
1202 2548 1288 2610 mam

122 2654 231 2697 eorum
246 2636 412 2715 exemplum
428 2634 534 2695 imitari
549 2633 647 2706 malui,
664 2634 712 2713 qui
728 2634 865 2695 alterutro
881 2634 947 2696 loco
962 2635 1131 2715 particulam
1140 2633 1225 2714 plane
1237 2633 1289 2693 de·

122 2738 269 2809 lecerunt,
285 2755 462 2817 quamquam
475 2737 544 2799 lerri
559 2736 627 2797 illud
644 2755 760 2816 quoque
774 2755 864 2815 posse
880 2737 981 2811 lateor,
994 2747 1027 2799 ut
1038 2741 1124 2799 etiam
1135 2735 1290 2814 utrobique

13 2904 14 2907 ,
123 2840 247 2919 legatur.
293 2839 335 2900 ct.
352 2839 514 2918 Wopkens.
530 2858 560 2920 p.
577 2840 617 2900 54
639 2847 668 2900 et
687 2839 779 2901 Hand.
802 2839 923 2901 Tursell.
940 2840 1005 2920 llp.
1022 2839 1093 2901 548.
1138 2838 1196 2899 Pro
1212 2854 1288 2898 non-

124 2943 280 3005 mrllomm
296 2950 393 3004 autem
409 2942 515 3003 rectius
530 2941 674 3003 scribetur
688 2941 915 3016 nonnullarum,
936 2941 1080 3022 siquidem
1100 2959 1165 3003 vere
1186 2959 1202 3001 a
1218 2937 1287 3000 viris

126 3045 309 3108 doctissimis
326 3044 511 3106 observatum
527 3054 582 3118 cst,
599 3048 768 3119 animantes,
783 3044 833 3107 ubi
850 3052 1037 3126 opponantur
1056 3043 1237 3116 hominibus,
1252 3040 1288 3103 ab

130 3149 248 3228 optimis
265 3147 461 3228 scriptoribus
477 3146 617 3208 feminino
633 3166 738 3228 genere
754 3147 810 3209 dici
831 3148 935 3209 solere.
979 3149 1015 3210 Et
1029 3146 1244 3209 nonnullamm
1258 3143 1288 3204 lt.

129 3251 147 3311 l.
161 3251 191 3313 in
204 3249 379 3330 Erlangeusi
395 3248 495 3311 codice
509 3249 650 3330 scriptum
666 3269 731 3312 esse
746 3258 869 3312 testatur
884 3249 1062 3313 Goerenzius
1073 3250 1109 3311 ad
1118 3247 1148 3310 C.
1158 3247 1287 3324 doLegg.

133 3355 162 3425 l,
177 3353 211 3427 9,
227 3353 282 3427 29,
300 3371 478 3434 quamquam
498 3352 631 3414 lloserus
654 3352 689 3413 de
704 3372 738 3413 eo
755 3360 839 3414 tacet.
886 3353 942 3415 Sed
959 3372 1048 3433 supra
1064 3372 1088 3413 c.
1101 3352 1151 3426 47,
1168 3350 1226 3411 121
1245 3349 1287 3409 le·

131 3456 274 3519 mininam
290 3473 382 3537 genus
397 3455 428 3517 in
443 3455 581 3517 omnibus
597 3454 745 3517 codicibus
761 3464 815 3516 est

214 3560 284 3639 Cap.
298 3559 357 3633 Lll,
375 3558 449 3620 132:
464 3558 645 3619 Enumerari
654 3561 730 3618 enim
740 3576 800 3619 nort
811 3568 935 3638 possum
947 3558 1104 3635 flaminum
1118 3556 1289 3634 opportuni-

13 3672 24 3695 '⁷
134 3673 207 3736 tates,
224 3672 320 3724 aeonas
334 3664 477 3723 mom'tr'ma'
489 3672 588 3723 mutuo
606 3661 768 3727 accedentes
783 3671 810 3721 ct
823 3660 993 3731 recedentes,
1008 3667 1119 3719 mamas
1133 3659 1226 3717 vestati
1239 3665 1285 3715 at·
1311 3676 1341 3725 15

0 3787 13 3798 ·
22 3768 37 3829 ’,
134 3784 182 3844 poa
196 3765 352 3836 silvestres,
364 3763 477 3825 salinae
493 3764 529 3825 ab
545 3782 601 3824 ora
615 3766 766 3825 maritima
780 3765 996 3833 remotissimae,
1011 3761 1287 3822 medicamentorum

134 3868 308 3930 salutariam
318 3866 503 3948 plmr‘sn'maa
519 3877 629 3939 terrae,
652 3876 729 3927 artes
749 3867 868 3945 deniqne
883 3862 1112 3926 innumerabiles
1128 3862 1166 3923 ad
1180 3864 1289 3922 victum

134 3983 158 4032 et
170 3973 209 4034 ad
222 3974 316 4033 uitam
329 3973 519 4032 neocesariae.
563 3970 676 4032 Artium
693 3968 934 4030 commemoratio
954 3968 985 4029 in
1000 3967 1054 4028 hac
1070 3963 1289 4027 enumeratione

13 4075 18 4079 ’
133 4094 238 4149 rerum,
255 4092 328 4155 quas
343 4080 462 4135 naturae
477 4072 641 4152 benignitas
656 4072 756 4150 largita
772 4070 823 4143 sit,
843 4088 905 4132 nou
920 4070 1065 4131 immerito
1081 4068 1229 4129 Mosemm
1242 4067 1289 4126 ol·

9 4176 14 4187 ’
134 4178 231 4250 tendit,
246 4195 342 4258 neque
358 4176 424 4238 licet
438 4195 502 4237 eam
518 4194 585 4237 curn
597 4174 687 4236 Balsio
704 4174 739 4235 ad
754 4173 784 4236 C.
801 4173 836 4235 de
857 4173 943 4252 Legg.
961 4191 990 4252 p.
1007 4171 1068 4233 349
1083 4168 1228 4232 eiusmodi
1244 4167 1289 4228 lo·

131 4281 171 4343 cis
187 4281 353 4355 defendere,
365 4279 395 4340 in
411 4279 517 4359 quibus
533 4277 637 4341 artium
654 4295 771 4358 quoque
785 4275 912 4337 inventio
933 4274 969 4336 ad
985 4283 1104 4337 naturae
1118 4268 1289 4334 beneficium

128 4386 263 4458 retertur,
280 4402 368 4463 quam
380 4383 462 4464 quasi
478 4381 646 4461 magistram
658 4381 733 4443 ratio
746 4379 853 4441 imitata
870 4379 918 4451 sit,
934 4375 1180 4456 quemadmodum
1196 4377 1241 4432 est
1256 4370 1292 4431 ds

126 4488 219 4569 Legg.
239 4489 265 4559 l,
282 4485 313 4561 8,
330 4486 385 4548 26:
402 4486 483 4548 Artes
497 4503 567 4547 vero
582 4482 810 4546 innumerabiles
824 4490 956 4561 repertae
967 4490 1034 4540 sam
1046 4479 1161 4606 depende
1172 4481 1292 4542 natoro,

1027 4578 1068 4640 22
