3178 5136
448 1604 508 1696 ΒΕ
539 1599 740 1696 DIONYSll
770 1597 962 1693 iltutus
994 1592 1312 1690 tumulum.
1335 1595 1364 1686 l.

293 1926 308 1976 :t
439 1888 525 1980 iluod
541 1905 687 1986 proverbii
702 1905 768 1968 loco
784 1905 839 1968 dici
862 1903 951 1977 solet,
971 1901 1209 1977 Commilitones,
1230 1901 1343 1965 habere
1363 1919 1415 1963 sua
1433 1901 1485 1961 lata

328 2008 414 2069 etiam
430 2008 551 2082 libellos,
566 2007 594 2068 id
607 2026 698 2087 quum
719 2008 766 2069 alii
785 2007 847 2070 aliis
862 2006 959 2069 modis
974 2006 1103 2086 quotidie
1121 2023 1226 2067 verum
1249 2023 1319 2067 esse
1338 2001 1485 2085 experian-

327 2120 383 2185 tur,
398 2119 461 2173 tum
477 2128 533 2173 nos
545 2109 745 2190 potissimum,
761 2111 810 2191 qui
823 2111 852 2171 in
864 2109 1048 2189 antiquarum
1060 2107 1222 2170 litterarum
1235 2107 1413 2170 tractatione
1426 2121 1486 2166 rer-

327 2231 442 2286 samur,
457 2214 584 2275 latomm
601 2213 746 2293 quandam
761 2213 817 2273 vim
835 2230 953 2273 coccam
973 2220 999 2272 et
1016 2210 1143 2291 iniquam
1159 2228 1224 2272 non
1240 2228 1408 2292 possumus
1424 2206 1489 2288 quin

326 2315 369 2376 vel
384 2314 563 2377 admiremur
573 2315 617 2376 vel
628 2314 787 2389 doleamus,
802 2315 916 2395 quoties
929 2332 963 2374 ex
971 2322 1030 2375 tam
1042 2313 1152 2393 ingenti
1164 2322 1302 2376 veterum
1314 2312 1489 2393 scriptorum

326 2436 451 2481 numero
468 2418 536 2497 quid
551 2419 647 2497 perire
663 2416 782 2479 siverint
796 2417 852 2479 lata
867 2435 930 2490 sua,
947 2416 1017 2497 quid
1028 2415 1214 2491 servaverint,
1230 2416 1395 2480 nobiscum
1406 2431 1491 2496 repu-

328 2530 432 2581 tamus.
476 2519 552 2581 Nam
577 2519 668 2581 nimio
696 2519 812 2600 saepius
832 2517 973 2580 accidisse
990 2518 1137 2595 videmus,
1157 2527 1190 2580 ut
1204 2539 1241 2582 ea
1258 2519 1351 2581 nobis
1362 2515 1493 2581 inviderit
1567 2588 1568 2601 χ

327 2624 455 2684 latorum
474 2621 595 2695 iniuria,
616 2640 743 2703 quorum
763 2622 903 2684 iacturam
923 2619 1107 2682 nullomodo
1123 2621 1322 2703 compensari
1342 2640 1435 2704 posse
1452 2619 1495 2680 in·

325 2724 490 2803 tetigimus,
505 2725 668 2806 pepercerit
683 2732 786 2787 contra
800 2741 862 2785 non
877 2724 987 2804 paucis,
1004 2723 1118 2804 quaesi
1133 2723 1324 2787 interiissent
1340 2743 1403 2787 non
1419 2721 1495 2784 lau’le

328 2827 481 2907 quisquam
503 2827 689 2890 desideraret
734 2826 766 2888 ld
785 2836 881 2888 autem
900 2825 947 2888 vix
962 2826 992 2887 in
1003 2826 1061 2887 ullo
1078 2826 1264 2906 scriptorum
1281 2846 1394 2908 genere
1409 2824 1496 2905 magis

327 2928 431 3001 evenit,
447 2947 535 3008 quam
550 2928 581 2991 in
596 2929 808 3009 grammaticis:
825 2928 968 3009 siquidem
983 2948 1018 2990 ex
1032 2928 1305 2993 innumerabilibus
1327 2926 1495 2993 Alexandri-

327 3050 382 3093 nae
397 3048 431 3093 ac
444 3032 639 3111 Pergamenae
653 3032 802 3095 doctrinae
816 3031 971 3107 fructibus,
983 3031 1178 3112 plurimorum
1187 3034 1264 3096 olim
1274 3043 1307 3097 et
1321 3031 1498 3114 ingeniosis-

326 3133 470 3195 simorum
487 3134 641 3197 bominum
655 3134 754 3197 labore
768 3143 797 3196 et
809 3134 951 3196 industria
966 3133 1066 3214 partie,
1080 3152 1142 3195 non
1157 3136 1220 3198 lere
1233 3137 1406 3219 quidquam
1418 3151 1498 3216 prae

326 3245 373 3298 ter
391 3237 498 3298 lamam
518 3244 546 3299 et
565 3237 662 3300 tenuia
680 3236 841 3318 specimina
866 3237 902 3299 ad
925 3246 1058 3299 nostram
1084 3244 1208 3300 aetatem
1239 3239 1380 3314 duravit,
1402 3245 1501 3300 contm

326 3336 534 3418 Byzantiorum
555 3341 697 3402 obscurae
718 3348 746 3400 et
765 3339 881 3419 ineptae
906 3339 1077 3420 plerumque
1107 3340 1278 3403 sedulitatis
1307 3345 1502 3404 monumenta

325 3459 386 3501 non
403 3460 504 3521 pauca,
520 3450 549 3504 et
562 3443 645 3523 plura
659 3443 791 3522 prolecto
807 3461 894 3522 quam
911 3461 987 3523 opus
1002 3450 1073 3516 erat,
1088 3451 1202 3505 servata
1220 3454 1311 3506 sunt
1342 3444 1386 3507 lta
1398 3444 1502 3505 borum

327 3543 453 3605 'technis
469 3552 498 3606 et
513 3545 681 3607 Canonibus
696 3543 752 3605 lrui
772 3543 808 3605 ad
820 3544 979 3606 satietatem
999 3553 1027 3606 et
1041 3544 1165 3607 taedium
1175 3543 1265 3622 licet3
1281 3543 1505 3628 Aristophanis,

326 3645 497 3723 Aristarchi,
514 3646 634 3710 Cratetis
648 3645 767 3708 nomine
782 3654 811 3708 et
825 3647 988 3722 auditione,
1003 3648 1112 3709 incerta
1127 3648 1315 3730 plerumque
1331 3658 1362 3712 et
1374 3649 1505 3716 obscura,

327 3755 482 3811 contentos
497 3769 563 3813 esse
579 3756 704 3829 oportet.
734 3747 833 3830 Neque
848 3750 926 3810 enim
942 3768 976 3810 ex
996 3750 1052 3812 liae
1070 3748 1202 3811 llorentis
1220 3750 1446 3831 grammaticae
1460 3769 1506 3811 re-

327 3851 395 3911 teris
411 3860 501 3913 aetate
518 3851 675 3932 quidquam
691 3851 726 3913 ad
742 3869 798 3912 nos
813 3851 945 3932 pervenit
959 3860 1073 3931 praeter
1081 3870 1191 3932 paucos
1204 3853 1373 3934 Apollonii
1381 3855 1507 3917 Alexan·

325 3953 509 4017 drinieteius
522 3955 572 4016 tilii
585 3954 742 4015 Herodiani
758 3953 858 4028 libros,
876 3973 910 4016 ac
923 3972 960 4015 ne
974 3954 1031 4014 hos
1047 3954 1163 4034 quidem
1176 3963 1231 4017 out
1243 3956 1391 4040 integros
1408 3973 1510 4020 omnes

325 4064 373 4117 aut
388 4075 554 4137 germanos.
583 4055 655 4117 Nam
667 4055 881 4135 Epimerismos
895 4064 972 4117 certe
987 4056 1075 4131 istos,
1093 4056 1142 4137 qui
1155 4057 1330 4123 Herodiani
1349 4059 1510 4142 perhiben-

325 4165 384 4231 tur,
408 4176 470 4220 non
496 4159 583 4220 huius
611 4157 662 4219 sed
692 4157 779 4237 longe
808 4156 978 4220 recentioris
1009 4167 1038 4220 et
1062 4158 1193 4220 vilissimi
1235 4163 1423 4246 cuiuspiam
1450 4181 1511 4224 ma-

325 4261 428 4340 gistelli
449 4269 603 4342 praecepta
630 4260 778 4322 continere
796 4261 943 4324 neminem
970 4281 1035 4324 esse
1049 4261 1229 4325 arbitramur
1260 4267 1318 4346 qui
1343 4266 1510 4339 dubitet¹l

326 4416 381 4424 ν.-
390 4418 401 4424 -
409 4418 615 4427 μ-υ-ψ-ῃ

395 4485 418 4552 l)
438 4484 536 4537 llonnit
553 4487 584 4537 de
601 4487 640 4538 bis
652 4487 824 4555 Epimerismis
837 4491 912 4541 etiam
925 4490 1064 4542 Boeckbira
1077 4489 1101 4541 in
1115 4489 1255 4558 praeclara
1270 4494 1472 4547 dissertatione
1483 4490 1513 4543 le
