3178 5136
862 446 921 508 198

786 532 918 540 ..Q-⁷-.
941 531 986 539 --a

313 659 404 722 quum
419 639 557 722 opposita
570 638 647 699 inter
666 654 699 698 se
712 637 785 699 baec
797 636 857 698 duo
872 633 1006 697 membra
1019 651 1086 695 esse
1099 639 1246 713 agnoscat,
1259 648 1323 694 non
1337 631 1399 694 sint
1412 649 1465 693 au-

312 753 372 806 tem
387 742 466 805 inter
479 761 513 804 se
527 741 663 821 opposita
679 730 825 823 ὁρκίοισι
845 731 906 817 μὲν
927 728 1033 818 ζυγείς
1054 744 1084 797 et
1103 730 1194 797 θεῶν
1214 726 1389 814 adama,
1412 750 1465 795 ne-

312 864 370 926 que
402 834 540 925 t'a'yovota
565 833 603 904 ori
628 832 742 923 pedei'
769 831 809 902 dr
835 834 872 903 ἐκ
904 830 1001 920 γαίας
1026 831 1085 918 ἐμέ
1111 846 1140 900 et
1167 830 1468 922 ἐπικηρυκείμασιι

315 939 374 1011 οὐκ
396 937 436 1008 da
457 938 597 1021 πίθοιο,
619 945 737 1006 duram
760 943 989 1005 enuntiationem
1008 960 1043 1001 er
1063 939 1232 1000 affirmativa
1246 937 1408 1017 negativam
1423 939 1467 1000 la·

315 1051 362 1125 cit,
376 1046 436 1130 μέν
457 1049 488 1111 in
509 1043 554 1131 μή
573 1055 696 1121 mutato,
712 1046 830 1108 alteram
851 1064 886 1106 ex
901 1044 1032 1123 negativa
1050 1041 1263 1114 affirmativam,
1277 1059 1332 1121 pro
1348 1033 1386 1103 οὗ
1406 1060 1468 1121 με·

314 1143 383 1215 θεῖ’
408 1140 449 1213 ι’ίν
469 1149 602 1213 scribam
625 1138 665 1210 ab
686 1138 796 1229 pedai'
820 1138 869 1209 dr,
891 1182 932 1193 -
955 1145 1062 1219 Nobis,
1076 1153 1110 1207 nt
1123 1161 1224 1205 verum
1239 1144 1395 1217 fateamur,
1413 1162 1467 1206 ne-

314 1272 371 1336 que
385 1253 455 1316 illud
469 1253 540 1315 satis
555 1261 638 1315 caute
652 1252 759 1314 lactum
774 1252 901 1324 ridetur,
921 1249 1000 1331 quod
1014 1268 1031 1309 e
1045 1247 1217 1309 scholiastae
1231 1247 1469 1326 interpretatione

313 1359 391 1420 bano
405 1374 492 1437 quam
510 1356 574 1436 ipse
587 1355 692 1435 reponi
706 1354 767 1416 rult
780 1353 950 1426 lectionem,
965 1368 1027 1413 non
1042 1358 1138 1412 anum
1153 1367 1233 1422 eam,
1254 1366 1327 1428 quae
1342 1349 1373 1411 in
1386 1351 1469 1412 codi-

315 1460 397 1522 cibus
413 1466 503 1534 extat,
517 1457 557 1519 illi
572 1456 753 1519 obversatam
768 1456 859 1519 luisse
874 1453 1032 1526 concludit3
1047 1470 1155 1532 neque,
1170 1452 1195 1513 si
1207 1451 1333 1513 maxime
1344 1453 1469 1516 scholia

315 1570 391 1624 stam
417 1561 455 1622 ita
476 1560 581 1640 legisse
607 1566 768 1632 constaret,
795 1556 946 1621 meliorem
976 1558 1052 1619 banc
1071 1554 1225 1617 lectionem
1247 1553 1410 1618 indicamus
1428 1576 1472 1632 ea,

316 1683 389 1745 quae
404 1663 439 1725 ab
454 1662 616 1725 editoribus
632 1660 753 1742 probata
768 1669 822 1721 est.
866 1660 940 1722 Nam
954 1678 1028 1740 quae
1043 1659 1142 1722 statim
1156 1656 1373 1737 subiunguntur
1385 1659 1473 1723 rerba

317 1767 431 1830 Medeae
444 1757 534 1845 τάμὰ
555 1759 615 1845 μὲν
635 1760 697 1848 γὰρ
720 1754 857 1846 dodoi,
880 1781 972 1843 mum
993 1782 1112 1826 causam
1131 1765 1274 1839 indicent,
1295 1781 1349 1827 cor
1363 1764 1472 1826 timan-

317 1869 387 1932 dum
403 1867 461 1931 sibi
476 1869 527 1943 sit,
541 1886 580 1930 ne
594 1869 629 1930 ab
650 1870 745 1947 Aegeo
764 1866 930 1940 deseratur,
951 1883 1071 1928 necesse
1089 1876 1135 1929 est
1152 1869 1234 1929 hunc
1252 1885 1315 1929 eam
1335 1867 1472 1929 umorem

271 1984 301 2033 10
319 1972 350 2033 in
364 1990 410 2047 eo,
425 1972 505 2051 quod
519 1972 654 2050 proxime
668 1969 827 2049 praecessit
838 1968 980 2044 membro,
992 1970 1160 2049 elomutam
1171 1989 1246 2032 esse.
1273 1969 1386 2043 Quodsi
1397 1968 1472 2031 Her-

317 2073 417 2136 manni
432 2073 669 2135 emendationem
683 2072 803 2153 probes,
819 2090 956 2152 peruersa
970 2072 1026 2134 erit
1040 2072 1251 2136 sententiarum
1265 2072 1474 2154 consoquulio:

318 2176 415 2255 primo
429 2175 496 2237 loco
512 2175 648 2238 timorem
663 2176 829 2255 eloquetur,
849 2174 979 2237 sectmdo
993 2174 1059 2236 loco
1075 2194 1158 2256 spem
1173 2196 1207 2239 ac
1220 2176 1364 2251 fiduciam,
1385 2176 1473 2239 tertio

317 2278 383 2340 loco
399 2296 516 2341 causam
530 2278 657 2340 timoris.
686 2278 779 2359 Atque
792 2278 851 2339 hoc
864 2277 921 2339 iam
937 2276 1111 2340 Sobaelerus
1126 2277 1340 2341 animadvertit:
1360 2286 1475 2353 ,mam“‚

318 2380 425 2461 inquit,
440 2380 545 2461 „quod
566 2380 706 2442 continuo
732 2381 862 2460 sequitur
885 2369 977 2459 ro’pai
996 2375 1056 2459 μὲν
1077 2376 1138 2463 γὰρ
1160 2372 1288 2466 dudm}
1313 2381 1474 2445 derisum

319 2482 446 2545 ostendit
460 2483 490 2544 in
505 2482 619 2544 Medeae
632 2482 829 2562 responsione
846 2481 998 2544 meliorem
1014 2483 1138 2546 laminae
1153 2484 1352 2547 conditionem
1366 2484 1477 2547 debere

318 2584 499 2665 praecedere,
508 2584 805 2666 sequideteriorem.“
834 2584 943 2646 Deinde
952 2602 1015 2646 non
1026 2585 1208 2648 rectelledea
1223 2586 1332 2648 diceret
1345 2590 1474 2667 Aegeum

318 2686 374 2749 sibi
389 2687 514 2749 amicum
530 2688 593 2749 lore
607 2688 670 2750 iore
684 2687 807 2750 iurando
822 2687 904 2749 dato:
924 2704 994 2749 nam
1014 2687 1125 2751 amicus
1140 2688 1258 2768 quidem
1272 2689 1330 2750 iam
1345 2698 1414 2765 erat,
1428 2700 1474 2752 at-

319 2810 376 2870 que
395 2790 426 2853 id
446 2790 536 2852 modo
557 2790 604 2852 illa
623 2791 787 2865 verebatur,
806 2798 839 2851 ut
858 2789 929 2851 satis
949 2790 1053 2852 firmus
1072 2792 1149 2852 loret
1166 2797 1196 2852 et
1217 2792 1293 2855 hane
1317 2791 1476 2854 amicitiam

318 2893 410 2973 pluris
426 2894 532 2954 laceret
545 2912 632 2974 mam
648 2892 883 2956 adversariorum
897 2892 1150 2974 interpellationes.
1162 2893 1270 2956 —Sed
1283 2912 1322 2956 ne
1335 2894 1394 2955 boc
1407 2894 1476 2975 qrri-

320 2996 387 3056 dem
402 3003 530 3070 constat,
554 2993 740 3057 scholiastam
760 2994 801 3056 ita
820 2994 937 3074 legisse:
956 2996 1052 3075 potuit
1070 2995 1139 3057 illud
1154 2996 1252 3075 ipsum
1267 2995 1374 3075 legere,
1394 2998 1476 3076 quod

320 3096 351 3157 ia
365 3096 515 3159 codicibus
530 3097 673 3177 scriptum
688 3106 742 3171 est,
758 3105 787 3158 et
801 3097 891 3159 nibilo
906 3104 1004 3159 brnen
1019 3098 1117 3159 minus
1131 3097 1230 3159 locum
1245 3098 1284 3159 ita
1297 3106 1332 3160 ut
1346 3098 1413 3161 leu‘t
1426 3098 1477 3161 in-

320 3199 480 3279 terpretari.
511 3198 584 3261 Nam
604 3200 683 3280 quod
702 3199 888 3262 Hermannus
907 3199 1075 3261 incredibile
1094 3199 1178 3275 dicit,
1197 3202 1404 3280 grammaticos
1425 3202 1478 3282 qui

319 3301 396 3362 lianc
416 3301 684 3380 interpretationem
700 3304 730 3363 in
745 3301 874 3364 medium
890 3302 1010 3364 attrdere
1020 3337 1063 3347 -
1076 3303 1214 3365 nodmus
1225 3311 1322 3365 umen
1335 3321 1392 3366 nos
1406 3304 1479 3385 qai-

320 3403 386 3465 dem
401 3419 493 3464 unum
509 3403 711 3465 tantummodo
727 3440 768 3449 —
784 3405 857 3467 adeo
872 3424 975 3467 caecos
990 3406 1094 3480 luisse,
1113 3412 1146 3467 ut
1164 3422 1226 3467 non
1245 3405 1335 3467 modo
1350 3407 1478 3487 opposi-

321 3505 430 3566 tionem
439 3505 639 3568 membrorum
648 3524 784 3568 corruere
792 3507 821 3567 in
834 3507 970 3569 codicum
982 3508 1125 3588 scriptura
1136 3525 1199 3569 non
1206 3507 1479 3579 animadverterent,

321 3607 371 3669 sed
386 3624 424 3668 ne
437 3608 506 3670 illud
518 3608 636 3689 quidem
647 3610 788 3682 riderent,
800 3609 983 3691 ineptissime
993 3608 1071 3671 idem
1081 3610 1176 3671 eidem
1187 3610 1313 3691 opponi,
1328 3601 1479 3692 ὁρκίοισι

319 3703 379 3787 μὲν
399 3705 505 3792 ζυγεὶς
526 3720 556 3773 et
576 3704 690 3793 λόγοις
712 3706 749 3774 δὲ
770 3706 898 3792 συμβὰς
919 3706 977 3773 καὶ
997 3706 1089 3773 θεῶν
1110 3705 1287 3791 ίνώμοτος,
1314 3712 1482 3793 eodemque

322 3811 410 3874 modo
426 3813 512 3875 etiam
524 3822 679 3895 utramque
692 3815 838 3893 apodosin
849 3814 928 3875 idem
942 3815 1103 3876 continere:
1120 3814 1181 3875 scio
1194 3832 1249 3892 ego
1260 3831 1331 3876 sane
1345 3823 1379 3877 ut
1392 3815 1481 3895 qnis-

322 3933 377 3994 que
384 3914 447 3995 ipse
455 3921 501 3975 est
508 3916 703 3991 acutissimus,
718 3917 756 3978 ita
772 3916 936 3978 difficillime
950 3916 1022 3979 alios
1037 3916 1156 3979 hebetes
1170 3917 1296 3989 credere,
1311 3916 1363 3978 sed
1378 3924 1482 3979 umen

321 4035 438 4079 cansam
455 4018 564 4082 millam
578 4020 676 4094 rideo,
693 4038 745 4081 cur
756 4020 977 4098 grammaticum
990 4020 1079 4082 istum
1094 4019 1253 4082 acutiorem
1265 4019 1356 4081 luisse
1368 4030 1482 4087 sumat,

322 4130 478 4198 quamam
502 4122 572 4183 olim
596 4122 717 4184 Josuam
733 4122 919 4197 Barnesium,
940 4132 990 4185 aut
1010 4131 1112 4186 nostra
1132 4122 1275 4184 memoria
1296 4119 1482 4184 Fridericum

322 4223 480 4287 ilenricum
495 4225 646 4299 Botbium,
662 4242 789 4304 quorum
801 4224 885 4299 alter,
900 4227 1035 4289 codimm
1050 4225 1202 4288 lectionem
1222 4241 1349 4305 sequens
1368 4232 1400 4285 et
1414 4242 1484 4286 rer·

323 4326 440 4388 sionem
458 4328 516 4388 loci
533 4325 702 4390 adscribens
717 4327 838 4389 hancce:
859 4326 904 4390 bis
922 4332 1012 4398 mear,
1028 4332 1056 4389 ιι·
1066 4332 1131 4390 tore
1145 4328 1272 4389 termedo
1286 4325 1361 4388 ιιιίίι·
1374 4327 1485 4389 dwen-

328 4438 389 4489 ctos
402 4429 508 4508 seems,
530 4429 672 4491 obducere
691 4428 853 4492 colmelos
865 4447 910 4491 me
925 4448 963 4490 ea
977 4448 1049 4509 egro
1063 4450 1123 4492 aori
1134 4433 1282 4511 perrmttes
1294 4446 1348 4491 aec
1363 4430 1485 4492 tradem
