3276 5144
649 502 799 599 -2-7-3-

144 671 233 752 ticula
243 690 387 752 utendum
402 694 473 762 eret,
485 706 609 769 quarum
622 689 712 751 ultera
722 692 806 753 alteri
817 690 1017 771 responderet,
1033 707 1157 770 eamque
1169 694 1303 750 mutuam

144 793 379 875 roeponsienem
396 791 632 866 (correlationem
648 792 735 854 hodie
746 793 893 871 dicimue)
909 796 1089 873 quantopere
1101 791 1189 854 etiam
1202 798 1304 870 poste·

144 895 207 957 rior
220 902 300 957 aetas
314 894 542 972 frequentaverit
556 911 645 955 nemo
660 894 784 973 ignorat
814 892 916 974 Neque
931 903 1032 955 tamen
1048 893 1222 955 mirabimur
1235 910 1302 954 eam

143 1013 206 1059 nou
226 1014 345 1077 semper
359 998 505 1077 usurpari,
528 997 579 1059 sed
595 998 769 1078 plerumque
790 1004 842 1059 aut
863 995 958 1057 solum
982 1003 1020 1056 et
1040 995 1111 1076 poni
1134 1004 1184 1057 eut
1205 994 1302 1056 solum

146 1117 231 1181 que,
247 1098 327 1177 quod
341 1098 393 1169 ubi
407 1099 455 1169 nt,
477 1097 628 1161 obliterata
643 1116 714 1160 sane
733 1097 859 1177 genuina
874 1097 1083 1176 significatione
1098 1096 1304 1176 comparativa,

147 1218 220 1278 quae
234 1207 372 1262 neutram
386 1200 559 1281 particulam
573 1200 684 1281 absque
708 1200 798 1262 altera
818 1200 950 1263 adhiberi
968 1200 1092 1273 sineret,
1113 1216 1226 1261 meram
1246 1198 1305 1259 vim

146 1421 250 1483 decent,
270 1422 350 1472 veluti
371 1435 445 1487 qoem
461 1421 486 1471 in
503 1421 587 1489 hymn.
605 1420 675 1472 ilem.
694 1421 719 1472 iu
731 1421 796 1473 Ven.
809 1437 834 1472 ν,
850 1420 897 1471 113
909 1420 995 1473 Venus
1007 1418 1143 1487 Phrygiam
1157 1434 1185 1470 se
1197 1418 1305 1484 puellam

146 1520 203 1557 esse
215 1505 337 1558 simulans
346 1506 471 1558 Anubim
483 1505 559 1557 dicit:
571 1506 705 1574 γλῶσσαν
716 1501 741 1556 δ’
744 1502 881 1575 ὑμετέρην
891 1520 921 1558 τε
933 1506 979 1557 recl
991 1501 1127 1574 ἡμετέρην
1139 1501 1219 1573 nciqe
1232 1502 1307 1571 olda,

145 1592 172 1643 id
192 1592 230 1642 sio
242 1592 339 1643 demum
351 1609 400 1643 non
412 1593 495 1655 inepte
508 1591 602 1643 dictum
613 1599 732 1656 apparet,
750 1594 771 1643 si
783 1593 910 1657 significet
920 1591 1006 1643 Venus
1017 1606 1046 1641 sc
1057 1588 1184 1641 Anchisae
1196 1588 1307 1653 linquam

146 1677 198 1728 sic
216 1684 250 1729 ut
270 1678 304 1741 (b.
317 1692 340 1728 e.
353 1693 401 1728 nen
414 1678 495 1728 minus
508 1678 591 1743 mem)
612 1692 681 1728 snam
699 1677 807 1742 patriam
817 1678 920 1743 callere,
933 1691 979 1728 nee
990 1676 1040 1727 dici
1052 1675 1136 1740 potuit
1147 1674 1250 1726 lnvcrso
1262 1689 1307 1725 nr·

148 1762 206 1813 dine
224 1762 358 1830 γλῶσσαν
373 1757 508 1830 ἡμετέρην
526 1778 556 1814 τε
567 1763 613 1812 καὶ
624 1758 767 1832 ὑμετέρην.
791 1762 835 1813 Sic
846 1760 925 1813 letius
937 1778 985 1813 non
997 1761 1096 1826 lueptec
1116 1767 1148 1811 et
1163 1766 1305 1810 vestram

145 1846 286 1913 linguam
304 1852 518 1913 nostramque,
535 1847 620 1911 inepte
635 1855 730 1898 autem:
752 1856 953 1914 vestramque
975 1854 1006 1898 ct
1026 1853 1174 1897 nostram.
1198 1843 1304 1895 Etsane

147 1931 194 1982 vix
205 1946 280 1982 unum
292 1938 337 1982 eut
348 1931 457 1982 alterum
469 1930 609 1996 exemplum
622 1932 803 1996 particularum
815 1935 848 1985 τέ
857 1961 890 1971 -
901 1936 950 1983 sut
962 1928 1071 1997 proferri
1083 1930 1185 1994 poterit,
1201 1929 1225 1979 in
1238 1928 1305 1994 quod

148 2031 198 2067 nen
218 2016 265 2066 illa
286 2017 420 2066 conversio
440 2030 486 2079 per
497 2016 546 2067 sic
557 2043 590 2053 -—
602 2023 635 2067 nt
645 2016 791 2081 planissime
802 2017 917 2083 quadret,
929 2018 952 2068 b.
965 2032 988 2067 ο.
1001 2017 1026 2066 ἰο
1039 2030 1088 2081 qun
1100 2030 1149 2065 non
1162 2014 1194 2065 rt
1202 2013 1305 2065 demon·

145 2100 294 2162 strativam,
314 2104 363 2150 καί
382 2099 515 2151 relativam
536 2101 745 2164 similationem
764 2102 857 2153 babere
878 2100 1006 2153 latendum
1025 2101 1069 2153 sit
1093 2099 1126 2151 llt
1140 2102 1191 2150 rect
1205 2097 1305 2164 quidem

148 2186 224 2237 etiam
245 2185 413 2252 etymologica
434 2200 490 2236 cnm
511 2201 568 2251 quc
589 2187 673 2252 potios
694 2201 767 2252 quam
783 2203 839 2238 cum
855 2195 886 2238 et
898 2187 1090 2253 comparendum
1102 2198 1160 2235 csse
1172 2199 1243 2234 nemo
1256 2199 1305 2235 non

145 2269 285 2336 intelliget,
304 2272 335 2321 de
357 2271 389 2321 τέ
407 2278 489 2322 autem
512 2271 603 2323 nollem
625 2272 755 2337 lleppium‚
777 2274 819 2338 qui
840 2273 900 2324 olim
917 2273 1036 2338 (llinllnss
1052 2271 1100 2321 der
1115 2268 1191 2321 Pron.
1209 2267 1255 2320 aul
1264 2268 1306 2320 dle

147 2354 330 2421 Wnrtbildunq
351 2371 374 2421 p.
387 2356 423 2419 b.)
446 2363 516 2407 recte
537 2356 562 2407 id
582 2373 638 2408 curn
659 2358 856 2409 demonstrativo
878 2355 910 2409 ro
931 2363 1120 2423 composuerat,
1142 2363 1230 2420 postea
1247 2371 1306 2406 sen-

145 2442 250 2493 tentiam
271 2448 391 2493 mutasse.
415 2440 540 2493 Nimirum
560 2458 610 2493 uon
631 2456 731 2506 semper
752 2459 783 2495 ne
803 2444 1006 2495 doctissimorum
1023 2442 1121 2508 quidem
1139 2441 1264 2493 bominum
1276 2440 1308 2492 cl

146 2524 277 2599 δεύτεραί
295 2543 357 2583 πως
377 2525 528 2595 φροντίδες
548 2522 717 2597 σοφώτεραι.
741 2526 859 2580 Ceterum
875 2532 951 2581 etiam
967 2529 998 2580 de
1011 2528 1156 2594 pronomine
1169 2532 1211 2583 etc
1222 2526 1306 2579 obiter

146 2612 239 2663 addere
252 2612 323 2675 libet,
337 2612 527 2678 haudquaquam
538 2613 603 2665 satis
615 2621 710 2665 certam
722 2622 749 2665 ct
761 2615 949 2666 indubitabilem
961 2612 1044 2666 videri
1056 2628 1143 2664 eorum
1155 2613 1305 2679 opinionem,
1318 2618 1325 2626 '

147 2697 227 2763 quiid
239 2711 272 2747 cx
284 2697 413 2762 primitive
426 2701 533 2764 quodum
544 2702 594 2761 stc,
611 2700 677 2765 quod
689 2700 899 2765 interrogativum
912 2707 938 2751 et
950 2699 1104 2750 iudetlnitum
1115 2698 1196 2750 luisse
1207 2705 1305 2763 putant,

148 2797 194 2847 per
206 2783 328 2847 quendam
340 2782 526 2850 dentalismum,
544 2800 616 2851 quem
629 2784 763 2851 pbonnloqi
774 2793 881 2850 vocant,
897 2785 1017 2837 extitisse
1028 2790 1166 2846 autumant,
1178 2790 1208 2834 ut
1219 2798 1251 2834 cx
1263 2786 1307 2853 retr

146 2868 254 2932 primum
273 2869 387 2934 tsclris,
407 2870 466 2919 binc
486 2877 571 2921 sutem
591 2870 672 2921 eiecto
692 2870 768 2922 sibilo
785 2869 995 2929 siclaetumsit.
1020 2868 1076 2921 Non
1089 2869 1179 2933 ignoro
1191 2868 1306 2934 equidem

148 2966 222 3018 quam
239 2952 291 3004 late
309 2951 472 3005 dentalismus
486 2954 537 3006 iste
554 2954 579 3004 in
592 2955 678 3005 multis
690 2955 784 3018 linguis
795 2962 855 3007 aute
867 2956 970 3007 vocales
983 2970 997 3004 e
1008 2960 1035 3004 et
1045 2956 1057 3004 ο·
1068 2953 1212 3017 invaluerit,
1234 2953 1306 3004 cuins

146 3039 196 3101 rei,
207 3045 311 3104 praeter
322 3053 360 3102 ea,
373 3054 435 3106 quae
448 3039 524 3104 vulgo
537 3038 623 3091 ellerri
636 3039 719 3091 solent
730 3041 844 3108 exempla
857 3058 906 3092 non
918 3056 997 3107 pauca
1009 3039 1085 3092 ctiam
1099 3054 1133 3090 cx
1145 3038 1307 3105 germanicis,

144 3123 219 3175 velut
237 3120 327 3175 trisica
343 3131 370 3174 et
385 3124 507 3188 suctbica,
528 3124 609 3177 nitere
618 3126 722 3192 possim,
734 3140 780 3177 nec
791 3142 831 3177 me
842 3123 942 3192 lugiunt
954 3126 1027 3177 buius
1039 3125 1141 3190 generis
1153 3125 1230 3176 etiam
1242 3123 1307 3190 apud

146 3208 282 3260 hodiernos
292 3205 406 3260 Graecos
418 3207 541 3276 exempla,
552 3211 624 3262 velut
635 3226 709 3276 quum
718 3227 765 3279 pro
774 3226 814 3276 co,
826 3213 891 3278 quod
900 3212 1023 3263 scribitur
1032 3207 1131 3273 ἐκεῖνο,
1143 3209 1308 3278 pronuntiant

146 3293 307 3355 etsebin03
324 3293 430 3359 denique
448 3301 476 3344 ut
492 3294 517 3345 in
534 3295 629 3347 ceteris
646 3297 743 3364 populis
754 3297 917 3364 parvulorum
930 3313 959 3348 os
971 3297 1071 3348 balbum
1085 3304 1248 3361 tenerumque
1259 3310 1306 3362 pro

145 3379 272 3443 gunurnli
292 3378 321 3441 b,
341 3378 412 3429 cuius
434 3376 563 3430 dllllcilior
583 3381 755 3445 pronuntiatio
773 3389 825 3446 est,
843 3380 983 3433 faciliorem
999 3382 1125 3432 dentalem
1143 3385 1154 3431 t
1170 3381 1252 3445 effert,
1269 3381 1307 3431 sic

145 3462 212 3513 idem
232 3464 309 3514 etiam
330 3463 393 3527 epud
406 3461 521 3515 Graecos
541 3463 634 3516 lactum
655 3480 713 3516 cese
734 3480 783 3516 non
803 3467 876 3518 modo
898 3467 955 3517 veri
971 3466 1053 3517 simde
1070 3467 1113 3518 sed
1130 3472 1252 3518 testatum
1265 3471 1307 3516 est

146 3543 222 3611 (conl.
240 3546 412 3599 llemstcrbns.
433 3549 464 3599 ad
482 3547 585 3599 Lucian.
602 3549 678 3600 indic.
691 3565 747 3601 voc.
761 3567 781 3601 e.
794 3549 832 3601 xl
843 3566 867 3618 p.
880 3550 931 3601 360
943 3551 980 3601 ed.
993 3551 1071 3616 Biplr
1087 3546 1197 3603 attamen
1209 3552 1235 3602 in
1247 3566 1307 3617 prn-

146 3630 245 3681 nominc
266 3634 309 3687 stc
327 3646 373 3683 cur
390 3633 421 3683 ad
440 3634 506 3684 bunc
528 3633 703 3686 dentalismnm
723 3633 895 3701 confugiamus
908 3636 1001 3686 nullam
1014 3636 1078 3687 satis
1090 3651 1194 3701 gravem
1206 3651 1307 3687 causum

145 3729 205 3767 csse
216 3715 299 3766 video.
322 3713 399 3768 Gertc
411 3719 436 3768 in
449 3726 561 3770 veterum
574 3718 730 3772 Graecorum
743 3735 859 3771 sermone
870 3721 978 3772 alterum
990 3719 1046 3771 eius
1057 3718 1197 3787 exemplum
1210 3718 1307 3771 frustra

144 3814 262 3865 quaeres,
283 3815 363 3866 neque
383 3817 490 3869 unquam
510 3820 556 3872 pro
577 3802 692 3873 κεφαλή,
714 3806 812 3869 nitio,
833 3802 975 3867 κίνδυνος,
997 3808 1048 3855 retur
1068 3812 1112 3856 aut
1132 3803 1307 3872 trebelale,

145 3885 303 3949 trebello,
320 3886 542 3956 tscbindynos‚
557 3889 673 3954 terlio,
691 3899 735 3942 aut
751 3890 892 3958 tepbalc,
908 3891 955 3942 tio
972 3898 1022 3943 etc.
1039 3890 1229 3956 pronuntiatum
1246 3904 1305 3941 csse

144 3970 297 4037 accepimus.
322 3969 413 4035 Quidni
425 3972 505 4037 igitur
515 3974 554 4024 sic
565 3975 649 4039 potins
662 3976 785 4027 dieamus:
803 3975 882 4028 luisse
894 3977 919 4027 in
931 3974 1072 4042 linguarum
1084 3975 1230 4042 primordiis
1241 3983 1306 4027 tem·

144 4069 193 4120 pus
213 4056 344 4120 quoddam,
366 4072 415 4122 qun
437 4058 531 4109 nudum
552 4059 633 4110 adbuc
654 4060 727 4125 plane
748 4069 844 4113 certum
856 4068 1013 4113 menesteus
1025 4062 1094 4113 inter
1106 4050 1307 4113 demonstrativa

144 4146 173 4190 et
192 4139 322 4192 lndcdnita
343 4143 490 4207 pronomina
511 4144 646 4196 discrimen
666 4152 748 4209 esset,
769 4152 922 4212 possentque
944 4146 1024 4210 igitur
1040 4153 1090 4197 tam
1110 4144 1308 4212 quaeadentall

144 4238 219 4289 quam
238 4241 302 4291 qnae
322 4242 339 4277 a
358 4229 483 4293 postorali
503 4230 628 4281 elemento
649 4229 802 4294 inciperent,
824 4231 922 4295 puriter
942 4231 1044 4282 utrovis
1061 4232 1151 4295 modo,
1173 4238 1248 4297 prout
1264 4245 1306 4282 res
1328 4253 1331 4257 ’

145 4306 236 4374 ferret,
248 4313 375 4377 usurpari
401 4313 495 4380 Quodsi
507 4317 563 4380 quis
575 4322 658 4366 umen
671 4315 795 4367 rationem
807 4315 856 4366 sibi
868 4316 939 4367 reddi
952 4316 1077 4381 postulet,
1097 4333 1143 4368 cur
1155 4315 1248 4367 Gracci
1259 4316 1308 4367 boc

147 4399 201 4460 stc,
222 4396 246 4447 sl
266 4397 298 4447 ab
318 4397 391 4449 initio
412 4400 489 4452 mian
501 4400 725 4454 demonstrativum
737 4398 823 4465 luerit,
839 4407 936 4466 postea,
950 4409 1070 4466 quantum
1083 4402 1182 4467 quidem
1194 4416 1209 4452 e
1220 4417 1308 4453 monn·

149 4481 244 4532 meum
264 4485 383 4548 cognosci
403 4493 500 4552 potest,
521 4502 648 4553 nunquam
668 4486 719 4540 nisi
739 4485 869 4538 indellnito
885 4493 931 4538 aut
944 4485 1130 4552 interrogative
1144 4502 1220 4539 sensu
1231 4501 1308 4539 usur·

190 4562 238 4626 lu.
1064 4568 1104 4633 18
