<?xml version="1.0" encoding="UTF-8"?>
<!DOCTYPE html PUBLIC "-//W3C//DTD XHTML 1.0 Transitional//EN"
    "http://www.w3.org/TR/xhtml1/DTD/xhtml1-transitional.dtd">
<html xmlns="http://www.w3.org/1999/xhtml" xml:lang="en" lang="en">
 <head>
  <title>
</title>
<meta http-equiv="Content-Type" content="text/html;charset=utf-8" />
  <meta name='ocr-system' content='tesseract 3.04.00' />
  <meta name='ocr-capabilities' content='ocr_page ocr_carea ocr_par ocr_line ocrx_word'/>
</head>
<body>
  <div class='ocr_page' id='page_1' title='image "./opusculaacademi00schogoog_0083.png"; bbox 0 0 3164 5138; ppageno 0'>
   <div class='ocr_carea' id='block_1_1' title="bbox 763 382 963 485">
    <p class='ocr_par' dir='ltr' id='par_1_1' title="bbox 763 382 963 485">
     <span class='ocr_line' id='line_1_1' title="bbox 763 382 963 485; baseline 0.01 -2"><span class='ocrx_word' id='word_1_1' title='bbox 763 382 963 485; x_wconf 47' lang='lat' dir='ltr'><strong>..u-</strong></span> 
     </span>
    </p>
   </div>
   <div class='ocr_carea' id='block_1_2' title="bbox 262 564 1462 4459">
    <p class='ocr_par' dir='ltr' id='par_1_2' title="bbox 287 564 1448 764">
     <span class='ocr_line' id='line_1_2' title="bbox 287 564 945 659; baseline -0.003 -23"><span class='ocrx_word' id='word_1_2' title='bbox 287 565 386 639; x_wconf 84' lang='grc' dir='ltr'><strong><em>Ὡσεε</em></strong></span> <span class='ocrx_word' id='word_1_3' title='bbox 408 564 520 636; x_wconf 66' lang='lat' dir='ltr'><strong>abab</strong></span> <span class='ocrx_word' id='word_1_4' title='bbox 535 568 700 658; x_wconf 76' lang='grc' dir='ltr'><strong><em>στεροπᾶς</em></strong></span> <span class='ocrx_word' id='word_1_5' title='bbox 712 566 842 659; x_wconf 80' lang='grc' dir='ltr'><strong><em>φλέγων</em></strong></span> <span class='ocrx_word' id='word_1_6' title='bbox 940 578 945 583; x_wconf 88' lang='grc'><strong>’</strong></span> 
     </span>
     <span class='ocr_line' id='line_1_3' title="bbox 291 665 1448 764; baseline -0.003 -22"><span class='ocrx_word' id='word_1_7' title='bbox 291 673 451 764; x_wconf 81' lang='grc' dir='ltr'><strong><em>Θρηίκιος</em></strong></span> <span class='ocrx_word' id='word_1_8' title='bbox 465 668 596 761; x_wconf 83' lang='grc' dir='ltr'><strong><em>Βορέας</em></strong></span> <span class='ocrx_word' id='word_1_9' title='bbox 616 665 743 739; x_wconf 84' lang='grc' dir='ltr'><strong><em>άίσσων</em></strong></span> <span class='ocrx_word' id='word_1_10' title='bbox 755 669 850 758; x_wconf 85' lang='grc' dir='ltr'><strong><em>παρά</em></strong></span> <span class='ocrx_word' id='word_1_11' title='bbox 863 670 1039 759; x_wconf 78' lang='grc' dir='ltr'><strong><em>Κύπριδος</em></strong></span> <span class='ocrx_word' id='word_1_12' title='bbox 1052 667 1208 753; x_wconf 75' lang='grc' dir='ltr'><strong><em>ἀζαλέαις</em></strong></span> <span class='ocrx_word' id='word_1_13' title='bbox 1220 667 1393 757; x_wconf 72' lang='grc' dir='ltr'><strong><em>μανίαισιν</em></strong></span> <span class='ocrx_word' id='word_1_14' title='bbox 1408 666 1448 738; x_wconf 72' lang='grc' dir='ltr'><strong>ὅ·</strong></span> 
     </span>
    </p>

    <p class='ocr_par' dir='ltr' id='par_1_3' title="bbox 387 768 937 864">
     <span class='ocr_line' id='line_1_4' title="bbox 387 768 937 864; baseline -0.002 -21"><span class='ocrx_word' id='word_1_15' title='bbox 387 774 513 863; x_wconf 89' lang='grc' dir='ltr'><strong><em>ρεμνδς,</em></strong></span> <span class='ocrx_word' id='word_1_16' title='bbox 537 768 749 863; x_wconf 77' lang='grc' dir='ltr'><strong><em>άθαμβεΐησι</em></strong></span> <span class='ocrx_word' id='word_1_17' title='bbox 769 772 937 864; x_wconf 84' lang='grc' dir='ltr'><strong><em>κραταιός,</em></strong></span> 
     </span>
    </p>

    <p class='ocr_par' dir='ltr' id='par_1_4' title="bbox 285 866 748 1070">
     <span class='ocr_line' id='line_1_5' title="bbox 374 866 748 968; baseline -0.003 -24"><span class='ocrx_word' id='word_1_18' title='bbox 374 866 562 946; x_wconf 55' lang='grc' dir='ltr'><strong><em>’παιδόδεν</em></strong></span> <span class='ocrx_word' id='word_1_19' title='bbox 583 873 748 968; x_wconf 72' lang='grc' dir='ltr'><strong><em>φυλάσσει</em></strong></span> 
     </span>
     <span class='ocr_line' id='line_1_6' title="bbox 285 978 622 1070; baseline -0.012 -21"><span class='ocrx_word' id='word_1_20' title='bbox 285 979 473 1069; x_wconf 79' lang='grc' dir='ltr'><strong><em>Ἦμετίρας</em></strong></span> <span class='ocrx_word' id='word_1_21' title='bbox 493 978 622 1070; x_wconf 76' lang='grc' dir='ltr'><strong><em>φρένας.</em></strong></span> 
     </span>
    </p>

    <p class='ocr_par' dir='ltr' id='par_1_5' title="bbox 277 1086 1456 2512">
     <span class='ocr_line' id='line_1_7' title="bbox 375 1086 1452 1169; baseline -0.003 -17"><span class='ocrx_word' id='word_1_22' title='bbox 375 1090 491 1152; x_wconf 85' lang='lat' dir='ltr'><strong>florum</strong></span> <span class='ocrx_word' id='word_1_23' title='bbox 508 1106 648 1150; x_wconf 83' lang='lat' dir='ltr'><strong>versuum</strong></span> <span class='ocrx_word' id='word_1_24' title='bbox 666 1086 800 1162; x_wconf 87' lang='lat' dir='ltr'><strong>tertium,</strong></span> <span class='ocrx_word' id='word_1_25' title='bbox 821 1095 956 1167; x_wconf 88' lang='lat' dir='ltr'><strong>quartum</strong></span> <span class='ocrx_word' id='word_1_26' title='bbox 972 1097 1002 1150; x_wconf 91' lang='lat' dir='ltr'><strong>et</strong></span> <span class='ocrx_word' id='word_1_27' title='bbox 1016 1087 1151 1168; x_wconf 90' lang='lat' dir='ltr'><strong>quintum</strong></span> <span class='ocrx_word' id='word_1_28' title='bbox 1166 1089 1197 1150; x_wconf 91' lang='lat' dir='ltr'><strong>in</strong></span> <span class='ocrx_word' id='word_1_29' title='bbox 1212 1106 1305 1151; x_wconf 91' lang='lat' dir='ltr'><strong>unum</strong></span> <span class='ocrx_word' id='word_1_30' title='bbox 1320 1096 1452 1169; x_wconf 71' lang='lat' dir='ltr'><strong>systema</strong></span> 
     </span>
     <span class='ocr_line' id='line_1_8' title="bbox 277 1173 1450 1275; baseline -0.006 -17"><span class='ocrx_word' id='word_1_31' title='bbox 277 1173 466 1275; x_wconf 46' lang='lat' dir='ltr'><strong>&#39;dactylicum</strong></span> <span class='ocrx_word' id='word_1_32' title='bbox 486 1191 667 1254; x_wconf 88' lang='lat' dir='ltr'><strong>coniunctos</strong></span> <span class='ocrx_word' id='word_1_33' title='bbox 692 1208 758 1252; x_wconf 89' lang='lat' dir='ltr'><strong>esse</strong></span> <span class='ocrx_word' id='word_1_34' title='bbox 779 1188 839 1251; x_wconf 89' lang='lat' dir='ltr'><strong>vult</strong></span> <span class='ocrx_word' id='word_1_35' title='bbox 864 1210 931 1252; x_wconf 86' lang='lat' dir='ltr'><strong>curn</strong></span> <span class='ocrx_word' id='word_1_36' title='bbox 958 1190 1085 1253; x_wconf 80' lang='lat' dir='ltr'><strong>clausula</strong></span> <span class='ocrx_word' id='word_1_37' title='bbox 1110 1190 1303 1271; x_wconf 76' lang='lat' dir='ltr'><strong>ithyphallica.</strong></span> <span class='ocrx_word' id='word_1_38' title='bbox 1354 1191 1450 1252; x_wconf 88' lang='lat' dir='ltr'><strong>Nobis</strong></span> 
     </span>
     <span class='ocr_line' id='line_1_9' title="bbox 295 1292 1450 1376; baseline -0.005 -15"><span class='ocrx_word' id='word_1_39' title='bbox 295 1307 392 1361; x_wconf 86' lang='lat' dir='ltr'><strong>autem</strong></span> <span class='ocrx_word' id='word_1_40' title='bbox 407 1314 503 1376; x_wconf 88' lang='lat' dir='ltr'><strong>neque</strong></span> <span class='ocrx_word' id='word_1_41' title='bbox 516 1295 605 1355; x_wconf 90' lang='lat' dir='ltr'><strong>huius</strong></span> <span class='ocrx_word' id='word_1_42' title='bbox 628 1293 721 1375; x_wconf 90' lang='lat' dir='ltr'><strong>ipsius</strong></span> <span class='ocrx_word' id='word_1_43' title='bbox 745 1292 910 1373; x_wconf 77' lang='lat' dir='ltr'><strong>systematis</strong></span> <span class='ocrx_word' id='word_1_44' title='bbox 925 1294 1057 1355; x_wconf 89' lang='lat' dir='ltr'><strong>membra</strong></span> <span class='ocrx_word' id='word_1_45' title='bbox 1077 1294 1148 1356; x_wconf 88' lang='lat' dir='ltr'><strong>catis</strong></span> <span class='ocrx_word' id='word_1_46' title='bbox 1169 1293 1325 1356; x_wconf 91' lang='lat' dir='ltr'><strong>commode</strong></span> <span class='ocrx_word' id='word_1_47' title='bbox 1344 1295 1450 1374; x_wconf 91' lang='lat' dir='ltr'><strong>dispo-</strong></span> 
     </span>
     <span class='ocr_line' id='line_1_10' title="bbox 293 1395 1451 1479; baseline -0.005 -15"><span class='ocrx_word' id='word_1_48' title='bbox 293 1401 360 1474; x_wconf 85' lang='lat' dir='ltr'><strong>sita,</strong></span> <span class='ocrx_word' id='word_1_49' title='bbox 376 1417 471 1479; x_wconf 89' lang='lat' dir='ltr'><strong>neque</strong></span> <span class='ocrx_word' id='word_1_50' title='bbox 485 1397 564 1470; x_wconf 83' lang='lat' dir='ltr'><strong>illud,</strong></span> <span class='ocrx_word' id='word_1_51' title='bbox 579 1414 637 1477; x_wconf 90' lang='lat' dir='ltr'><strong>quo</strong></span> <span class='ocrx_word' id='word_1_52' title='bbox 650 1395 748 1457; x_wconf 89' lang='lat' dir='ltr'><strong>omnis</strong></span> <span class='ocrx_word' id='word_1_53' title='bbox 763 1395 835 1456; x_wconf 85' lang='lat' dir='ltr'><strong>baec</strong></span> <span class='ocrx_word' id='word_1_54' title='bbox 848 1396 1005 1477; x_wconf 88' lang='lat' dir='ltr'><strong>descriptio</strong></span> <span class='ocrx_word' id='word_1_55' title='bbox 1020 1404 1159 1477; x_wconf 89' lang='lat' dir='ltr'><strong>tanquam</strong></span> <span class='ocrx_word' id='word_1_56' title='bbox 1175 1396 1364 1459; x_wconf 76' lang='lat' dir='ltr'><strong>fundamento</strong></span> <span class='ocrx_word' id='word_1_57' title='bbox 1377 1397 1451 1458; x_wconf 90' lang='lat' dir='ltr'><strong>niti-</strong></span> 
     </span>
     <span class='ocr_line' id='line_1_11' title="bbox 292 1496 1451 1579; baseline -0.007 -11"><span class='ocrx_word' id='word_1_58' title='bbox 292 1516 349 1578; x_wconf 87' lang='lat' dir='ltr'><strong>tur,</strong></span> <span class='ocrx_word' id='word_1_59' title='bbox 375 1500 598 1565; x_wconf 81' lang='lat' dir='ltr'><strong>concedendum</strong></span> <span class='ocrx_word' id='word_1_60' title='bbox 623 1516 690 1560; x_wconf 84' lang='lat' dir='ltr'><strong>ease</strong></span> <span class='ocrx_word' id='word_1_61' title='bbox 714 1497 838 1560; x_wconf 85' lang='lat' dir='ltr'><strong>videtur.</strong></span> <span class='ocrx_word' id='word_1_62' title='bbox 871 1496 945 1559; x_wconf 89' lang='lat' dir='ltr'><strong>Nam</strong></span> <span class='ocrx_word' id='word_1_63' title='bbox 971 1517 1062 1579; x_wconf 91' lang='lat' dir='ltr'><strong>quum</strong></span> <span class='ocrx_word' id='word_1_64' title='bbox 1088 1499 1118 1562; x_wconf 94' lang='lat' dir='ltr'><strong>in</strong></span> <span class='ocrx_word' id='word_1_65' title='bbox 1144 1500 1293 1562; x_wconf 77' lang='lat' dir='ltr'>codicibus</span> <span class='ocrx_word' id='word_1_66' title='bbox 1308 1499 1451 1561; x_wconf 77' lang='lat' dir='ltr'><strong>Athenaei</strong></span> 
     </span>
     <span class='ocr_line' id='line_1_12' title="bbox 295 1592 1453 1688; baseline -0.006 -17"><span class='ocrx_word' id='word_1_67' title='bbox 295 1609 437 1688; x_wconf 89' lang='lat' dir='ltr'><strong>scriptum</strong></span> <span class='ocrx_word' id='word_1_68' title='bbox 458 1603 498 1665; x_wconf 88' lang='lat' dir='ltr'><strong>sit</strong></span> <span class='ocrx_word' id='word_1_69' title='bbox 515 1621 553 1665; x_wconf 88' lang='grc' dir='ltr'><strong><em>τε</em></strong></span> <span class='ocrx_word' id='word_1_70' title='bbox 573 1592 642 1664; x_wconf 73' lang='lat' dir='ltr'><strong>tat</strong></span> <span class='ocrx_word' id='word_1_71' title='bbox 665 1596 832 1683; x_wconf 80' lang='grc' dir='ltr'><strong><em>στεροπᾶς</em></strong></span> <span class='ocrx_word' id='word_1_72' title='bbox 853 1594 994 1686; x_wconf 73' lang='grc' dir='ltr'><strong><em>φλέγων,</em></strong></span> <span class='ocrx_word' id='word_1_73' title='bbox 1018 1601 1257 1666; x_wconf 84' lang='lat' dir='ltr'><strong>Schneidewinus</strong></span> <span class='ocrx_word' id='word_1_74' title='bbox 1276 1622 1312 1664; x_wconf 83' lang='lat' dir='ltr'><strong>ex</strong></span> <span class='ocrx_word' id='word_1_75' title='bbox 1336 1602 1393 1665; x_wconf 90' lang='lat' dir='ltr'><strong>isto</strong></span> <span class='ocrx_word' id='word_1_76' title='bbox 1412 1620 1453 1664; x_wconf 85' lang='grc' dir='ltr'><strong><em>τε</em></strong></span> 
     </span>
     <span class='ocr_line' id='line_1_13' title="bbox 295 1699 1455 1784; baseline -0.007 -11"><span class='ocrx_word' id='word_1_77' title='bbox 295 1699 497 1779; x_wconf 66' lang='lat' dir='ltr'><strong>eaecitatem,</strong></span> <span class='ocrx_word' id='word_1_78' title='bbox 519 1702 697 1767; x_wconf 74' lang='lat' dir='ltr'><strong>adversativa</strong></span> <span class='ocrx_word' id='word_1_79' title='bbox 712 1702 853 1784; x_wconf 87' lang='lat' dir='ltr'><strong>particula</strong></span> <span class='ocrx_word' id='word_1_80' title='bbox 868 1703 973 1777; x_wconf 91' lang='lat' dir='ltr'><strong>addita,</strong></span> <span class='ocrx_word' id='word_1_81' title='bbox 988 1711 1074 1784; x_wconf 90' lang='lat' dir='ltr'><strong>atque</strong></span> <span class='ocrx_word' id='word_1_82' title='bbox 1094 1705 1137 1767; x_wconf 86' lang='lat' dir='ltr'><strong>sic</strong></span> <span class='ocrx_word' id='word_1_83' title='bbox 1150 1723 1268 1767; x_wconf 85' lang='lat' dir='ltr'><strong>versum</strong></span> <span class='ocrx_word' id='word_1_84' title='bbox 1283 1714 1386 1768; x_wconf 88' lang='lat' dir='ltr'><strong>nactus</strong></span> <span class='ocrx_word' id='word_1_85' title='bbox 1404 1714 1455 1766; x_wconf 89' lang='lat' dir='ltr'><strong>est</strong></span> 
     </span>
     <span class='ocr_line' id='line_1_14' title="bbox 292 1805 1454 1893; baseline -0.005 -18"><span class='ocrx_word' id='word_1_86' title='bbox 292 1811 494 1893; x_wconf 82' lang='lat' dir='ltr'><strong>logaoodicum</strong></span> <span class='ocrx_word' id='word_1_87' title='bbox 507 1806 588 1888; x_wconf 90' lang='lat' dir='ltr'><strong>dupl.</strong></span> <span class='ocrx_word' id='word_1_88' title='bbox 604 1806 705 1887; x_wconf 78' lang='lat' dir='ltr'><strong>dactyl.</strong></span> <span class='ocrx_word' id='word_1_89' title='bbox 721 1805 827 1885; x_wconf 86' lang='lat' dir='ltr'><strong>duplic.</strong></span> <span class='ocrx_word' id='word_1_90' title='bbox 841 1806 936 1867; x_wconf 91' lang='lat' dir='ltr'><strong>troch.</strong></span> <span class='ocrx_word' id='word_1_91' title='bbox 953 1807 1044 1880; x_wconf 85' lang='lat' dir='ltr'><strong>catal,</strong></span> <span class='ocrx_word' id='word_1_92' title='bbox 1059 1808 1157 1887; x_wconf 88' lang='lat' dir='ltr'><strong>quales</strong></span> <span class='ocrx_word' id='word_1_93' title='bbox 1169 1817 1240 1870; x_wconf 92' lang='lat' dir='ltr'><strong>sunt</strong></span> <span class='ocrx_word' id='word_1_94' title='bbox 1253 1808 1301 1881; x_wconf 86' lang='lat' dir='ltr'><strong>illi,</strong></span> <span class='ocrx_word' id='word_1_95' title='bbox 1316 1807 1454 1887; x_wconf 79' lang='lat' dir='ltr'><strong>aquibus</strong></span> 
     </span>
     <span class='ocr_line' id='line_1_15' title="bbox 296 1894 1456 1996; baseline -0.005 -17"><span class='ocrx_word' id='word_1_96' title='bbox 296 1918 493 1996; x_wconf 75' lang='lat' dir='ltr'><strong>fragmentum</strong></span> <span class='ocrx_word' id='word_1_97' title='bbox 516 1919 654 1973; x_wconf 89' lang='lat' dir='ltr'><strong>nostrum</strong></span> <span class='ocrx_word' id='word_1_98' title='bbox 679 1908 794 1988; x_wconf 87' lang='lat' dir='ltr'><strong>incipit:</strong></span> <span class='ocrx_word' id='word_1_99' title='bbox 825 1894 881 1992; x_wconf 78' lang='grc' dir='ltr'><strong>ἦρι</strong></span> <span class='ocrx_word' id='word_1_100' title='bbox 904 1902 964 1988; x_wconf 76' lang='grc' dir='ltr'><strong><em>μὲν</em></strong></span> <span class='ocrx_word' id='word_1_101' title='bbox 985 1906 1024 1971; x_wconf 82' lang='grc' dir='ltr'><strong>αῗ</strong></span> <span class='ocrx_word' id='word_1_102' title='bbox 1043 1928 1079 1970; x_wconf 82' lang='grc' dir='ltr'><strong><em>τε</em></strong></span> <span class='ocrx_word' id='word_1_103' title='bbox 1100 1904 1273 1972; x_wconf 79' lang='grc' dir='ltr'><strong><em>Κυδώνιαι</em></strong></span> <span class='ocrx_word' id='word_1_104' title='bbox 1293 1909 1297 1993; x_wconf 92' lang='grc' dir='ltr'>Ι</span> <span class='ocrx_word' id='word_1_105' title='bbox 1316 1904 1456 1992; x_wconf 76' lang='grc' dir='ltr'><strong><em>μαλίδες</em></strong></span> 
     </span>
     <span class='ocr_line' id='line_1_16' title="bbox 296 2008 1452 2103; baseline -0.003 -23"><span class='ocrx_word' id='word_1_106' title='bbox 296 2010 476 2103; x_wconf 74' lang='grc' dir='ltr'><strong><em>ἀρδόμεναι</em></strong></span> <span class='ocrx_word' id='word_1_107' title='bbox 491 2008 571 2094; x_wconf 82' lang='grc' dir='ltr'><strong><em>ῥοᾶν</em></strong></span> <span class='ocrx_word' id='word_1_108' title='bbox 591 2020 663 2085; x_wconf 86' lang='lat' dir='ltr'><strong>etc.;</strong></span> <span class='ocrx_word' id='word_1_109' title='bbox 682 2010 718 2071; x_wconf 92' lang='lat' dir='ltr'><strong>ab</strong></span> <span class='ocrx_word' id='word_1_110' title='bbox 733 2011 791 2073; x_wconf 91' lang='lat' dir='ltr'><strong>hoc</strong></span> <span class='ocrx_word' id='word_1_111' title='bbox 805 2011 871 2073; x_wconf 90' lang='lat' dir='ltr'><strong>dein</strong></span> <span class='ocrx_word' id='word_1_112' title='bbox 885 2028 981 2073; x_wconf 91' lang='lat' dir='ltr'><strong>novos</strong></span> <span class='ocrx_word' id='word_1_113' title='bbox 1000 2012 1128 2093; x_wconf 88' lang='lat' dir='ltr'><strong>impetus</strong></span> <span class='ocrx_word' id='word_1_114' title='bbox 1149 2013 1312 2076; x_wconf 90' lang='lat' dir='ltr'><strong>orationem</strong></span> <span class='ocrx_word' id='word_1_115' title='bbox 1333 2034 1452 2077; x_wconf 89' lang='lat' dir='ltr'><strong>sumere</strong></span> 
     </span>
     <span class='ocr_line' id='line_1_17' title="bbox 295 2113 1452 2198; baseline -0.002 -15"><span class='ocrx_word' id='word_1_116' title='bbox 295 2120 365 2183; x_wconf 90' lang='lat' dir='ltr'><strong>dicit</strong></span> <span class='ocrx_word' id='word_1_117' title='bbox 383 2137 417 2181; x_wconf 89' lang='lat' dir='ltr'><strong>ac</strong></span> <span class='ocrx_word' id='word_1_118' title='bbox 435 2135 489 2198; x_wconf 87' lang='lat' dir='ltr'><strong>per</strong></span> <span class='ocrx_word' id='word_1_119' title='bbox 507 2115 576 2178; x_wconf 89' lang='lat' dir='ltr'><strong>illud</strong></span> <span class='ocrx_word' id='word_1_120' title='bbox 602 2121 728 2196; x_wconf 79' lang='lat' dir='ltr'><strong>systema</strong></span> <span class='ocrx_word' id='word_1_121' title='bbox 755 2113 925 2195; x_wconf 81' lang='lat' dir='ltr'><strong>dactylicum</strong></span> <span class='ocrx_word' id='word_1_122' title='bbox 946 2114 1099 2177; x_wconf 85' lang='lat' dir='ltr'><strong>decurrere</strong></span> <span class='ocrx_word' id='word_1_123' title='bbox 1118 2134 1213 2197; x_wconf 86' lang='lat' dir='ltr'><strong>usque</strong></span> <span class='ocrx_word' id='word_1_124' title='bbox 1238 2118 1274 2179; x_wconf 92' lang='lat' dir='ltr'><strong>ad</strong></span> <span class='ocrx_word' id='word_1_125' title='bbox 1290 2117 1452 2181; x_wconf 80' lang='lat' dir='ltr'><strong>clausulam</strong></span> 
     </span>
     <span class='ocr_line' id='line_1_18' title="bbox 296 2208 1453 2304; baseline -0.003 -18"><span class='ocrx_word' id='word_1_126' title='bbox 296 2221 526 2304; x_wconf 76' lang='lat' dir='ltr'><strong>ithyphallicam,</strong></span> <span class='ocrx_word' id='word_1_127' title='bbox 551 2219 590 2279; x_wconf 91' lang='lat' dir='ltr'><strong>ita</strong></span> <span class='ocrx_word' id='word_1_128' title='bbox 616 2230 650 2280; x_wconf 91' lang='lat' dir='ltr'><strong>ut</strong></span> <span class='ocrx_word' id='word_1_129' title='bbox 667 2216 792 2279; x_wconf 86' lang='lat' dir='ltr'><strong>averbis</strong></span> <span class='ocrx_word' id='word_1_130' title='bbox 818 2208 979 2302; x_wconf 78' lang='grc' dir='ltr'><strong><em>ἡμετέρας</em></strong></span> <span class='ocrx_word' id='word_1_131' title='bbox 1000 2212 1122 2303; x_wconf 78' lang='grc' dir='ltr'><strong><em>φρένας</em></strong></span> <span class='ocrx_word' id='word_1_132' title='bbox 1144 2214 1308 2304; x_wconf 76' lang='grc' dir='ltr'><strong><em>φυλάσσει</em></strong></span> <span class='ocrx_word' id='word_1_133' title='bbox 1333 2221 1453 2285; x_wconf 89' lang='lat' dir='ltr'><strong>alterius</strong></span> 
     </span>
     <span class='ocr_line' id='line_1_19' title="bbox 295 2320 1452 2406; baseline -0.003 -16"><span class='ocrx_word' id='word_1_134' title='bbox 295 2326 435 2406; x_wconf 87' lang='lat' dir='ltr'><strong>strophae</strong></span> <span class='ocrx_word' id='word_1_135' title='bbox 449 2322 564 2385; x_wconf 90' lang='lat' dir='ltr'><strong>initium</strong></span> <span class='ocrx_word' id='word_1_136' title='bbox 580 2320 641 2383; x_wconf 85' lang='lat' dir='ltr'><strong>deri</strong></span> <span class='ocrx_word' id='word_1_137' title='bbox 656 2320 844 2382; x_wconf 89' lang='lat' dir='ltr'><strong>statuendum</strong></span> <span class='ocrx_word' id='word_1_138' title='bbox 865 2320 911 2381; x_wconf 90' lang='lat' dir='ltr'><strong>sit.</strong></span> <span class='ocrx_word' id='word_1_139' title='bbox 940 2321 1154 2383; x_wconf 79' lang='lat' dir='ltr'><strong>Adversativam</strong></span> <span class='ocrx_word' id='word_1_140' title='bbox 1170 2331 1267 2386; x_wconf 85' lang='lat' dir='ltr'><strong>autem</strong></span> <span class='ocrx_word' id='word_1_141' title='bbox 1282 2325 1452 2405; x_wconf 85' lang='lat' dir='ltr'><strong>particulam</strong></span> 
     </span>
     <span class='ocr_line' id='line_1_20' title="bbox 295 2418 1454 2512; baseline -0.003 -20"><span class='ocrx_word' id='word_1_142' title='bbox 295 2437 367 2512; x_wconf 88' lang='lat' dir='ltr'><strong>post</strong></span> <span class='ocrx_word' id='word_1_143' title='bbox 381 2418 469 2489; x_wconf 75' lang='grc' dir='ltr'><strong><em>ὥστε</em></strong></span> <span class='ocrx_word' id='word_1_144' title='bbox 482 2423 591 2505; x_wconf 89' lang='lat' dir='ltr'><strong>requiri</strong></span> <span class='ocrx_word' id='word_1_145' title='bbox 607 2423 757 2486; x_wconf 79' lang='lat' dir='ltr'><strong>contendit</strong></span> <span class='ocrx_word' id='word_1_146' title='bbox 772 2431 893 2504; x_wconf 89' lang='lat' dir='ltr'><strong>propter</strong></span> <span class='ocrx_word' id='word_1_147' title='bbox 904 2423 1115 2486; x_wconf 90' lang='lat' dir='ltr'><strong>sententiarum</strong></span> <span class='ocrx_word' id='word_1_148' title='bbox 1131 2433 1274 2487; x_wconf 89' lang='lat' dir='ltr'><strong>tenorem.</strong></span> <span class='ocrx_word' id='word_1_149' title='bbox 1319 2427 1349 2488; x_wconf 88' lang='lat' dir='ltr'><strong>ld</strong></span> <span class='ocrx_word' id='word_1_150' title='bbox 1365 2426 1454 2489; x_wconf 94' lang='lat' dir='ltr'><strong>nobis</strong></span> 
     </span>
    </p>

    <p class='ocr_par' dir='ltr' id='par_1_6' title="bbox 262 2519 1456 2611">
     <span class='ocr_line' id='line_1_21' title="bbox 262 2519 1456 2611; baseline 0.001 -20"><span class='ocrx_word' id='word_1_151' title='bbox 262 2537 279 2591; x_wconf 85' lang='lat'><em>8</em></span> <span class='ocrx_word' id='word_1_152' title='bbox 297 2551 383 2596; x_wconf 90' lang='lat' dir='ltr'><strong>secus</strong></span> <span class='ocrx_word' id='word_1_153' title='bbox 396 2530 519 2601; x_wconf 84' lang='lat' dir='ltr'><strong>videtur,</strong></span> <span class='ocrx_word' id='word_1_154' title='bbox 533 2526 698 2607; x_wconf 85' lang='lat' dir='ltr'><strong>sufficitque</strong></span> <span class='ocrx_word' id='word_1_155' title='bbox 712 2526 781 2588; x_wconf 89' lang='lat' dir='ltr'><strong>illud</strong></span> <span class='ocrx_word' id='word_1_156' title='bbox 792 2543 885 2588; x_wconf 88' lang='lat' dir='ltr'><strong>unum</strong></span> <span class='ocrx_word' id='word_1_157' title='bbox 901 2519 947 2600; x_wconf 84' lang='grc' dir='ltr'><strong>δέ,</strong></span> <span class='ocrx_word' id='word_1_158' title='bbox 969 2527 1047 2605; x_wconf 94' lang='lat' dir='ltr'><strong>quod</strong></span> <span class='ocrx_word' id='word_1_159' title='bbox 1062 2534 1134 2606; x_wconf 92' lang='lat' dir='ltr'><strong>post</strong></span> <span class='ocrx_word' id='word_1_160' title='bbox 1146 2519 1224 2608; x_wconf 74' lang='grc' dir='ltr'><strong><em>ἐμοί</em></strong></span> <span class='ocrx_word' id='word_1_161' title='bbox 1241 2529 1373 2611; x_wconf 90' lang='lat' dir='ltr'><strong>positum</strong></span> <span class='ocrx_word' id='word_1_162' title='bbox 1387 2530 1456 2591; x_wconf 87' lang='lat' dir='ltr'><strong>libri</strong></span> 
     </span>
    </p>

    <p class='ocr_par' dir='ltr' id='par_1_7' title="bbox 294 2628 1462 4459">
     <span class='ocr_line' id='line_1_22' title="bbox 298 2628 1456 2714; baseline -0.003 -16"><span class='ocrx_word' id='word_1_163' title='bbox 298 2634 442 2698; x_wconf 89' lang='lat' dir='ltr'><strong>exhibent.</strong></span> <span class='ocrx_word' id='word_1_164' title='bbox 475 2631 530 2694; x_wconf 86' lang='lat' dir='ltr'><strong>Est</strong></span> <span class='ocrx_word' id='word_1_165' title='bbox 549 2630 640 2706; x_wconf 88' lang='lat' dir='ltr'><strong>enim,</strong></span> <span class='ocrx_word' id='word_1_166' title='bbox 660 2629 717 2691; x_wconf 93' lang='lat' dir='ltr'><strong>nisi</strong></span> <span class='ocrx_word' id='word_1_167' title='bbox 736 2628 875 2704; x_wconf 77' lang='lat' dir='ltr'><strong>fallimur,</strong></span> <span class='ocrx_word' id='word_1_168' title='bbox 895 2629 1104 2693; x_wconf 86' lang='lat' dir='ltr'><strong>sententiarum</strong></span> <span class='ocrx_word' id='word_1_169' title='bbox 1126 2649 1218 2693; x_wconf 81' lang='lat' dir='ltr'><strong>nexus</strong></span> <span class='ocrx_word' id='word_1_170' title='bbox 1232 2632 1293 2705; x_wconf 91' lang='lat' dir='ltr'><strong>bic,</strong></span> <span class='ocrx_word' id='word_1_171' title='bbox 1313 2642 1345 2694; x_wconf 92' lang='lat' dir='ltr'><strong>ut</strong></span> <span class='ocrx_word' id='word_1_172' title='bbox 1366 2641 1456 2714; x_wconf 85' lang='lat' dir='ltr'><strong>poeta</strong></span> 
     </span>
     <span class='ocr_line' id='line_1_23' title="bbox 299 2731 1455 2816; baseline -0.002 -17"><span class='ocrx_word' id='word_1_173' title='bbox 299 2737 398 2799; x_wconf 89' lang='lat' dir='ltr'><strong>omnia</strong></span> <span class='ocrx_word' id='word_1_174' title='bbox 417 2752 507 2797; x_wconf 86' lang='lat' dir='ltr'><strong>verno</strong></span> <span class='ocrx_word' id='word_1_175' title='bbox 527 2742 660 2813; x_wconf 88' lang='lat' dir='ltr'><strong>tempore</strong></span> <span class='ocrx_word' id='word_1_176' title='bbox 679 2731 836 2793; x_wconf 88' lang='lat' dir='ltr'><strong>laetissime</strong></span> <span class='ocrx_word' id='word_1_177' title='bbox 850 2732 968 2805; x_wconf 86' lang='lat' dir='ltr'><strong>llorere,</strong></span> <span class='ocrx_word' id='word_1_178' title='bbox 989 2731 1043 2794; x_wconf 91' lang='lat' dir='ltr'><strong>sibi</strong></span> <span class='ocrx_word' id='word_1_179' title='bbox 1059 2742 1155 2795; x_wconf 89' lang='lat' dir='ltr'><strong>autem</strong></span> <span class='ocrx_word' id='word_1_180' title='bbox 1170 2744 1343 2816; x_wconf 85' lang='lat' dir='ltr'><strong>perpetuam</strong></span> <span class='ocrx_word' id='word_1_181' title='bbox 1359 2754 1455 2816; x_wconf 90' lang='lat' dir='ltr'><strong>quan-</strong></span> 
     </span>
     <span class='ocr_line' id='line_1_24' title="bbox 302 2833 1459 2919; baseline -0.003 -16"><span class='ocrx_word' id='word_1_182' title='bbox 302 2842 368 2903; x_wconf 90' lang='lat' dir='ltr'><strong>dam</strong></span> <span class='ocrx_word' id='word_1_183' title='bbox 394 2839 521 2900; x_wconf 87' lang='lat' dir='ltr'><strong>hiemem</strong></span> <span class='ocrx_word' id='word_1_184' title='bbox 542 2844 628 2916; x_wconf 88' lang='lat' dir='ltr'><strong>atque</strong></span> <span class='ocrx_word' id='word_1_185' title='bbox 648 2834 789 2915; x_wconf 83' lang='lat' dir='ltr'><strong>procedas</strong></span> <span class='ocrx_word' id='word_1_186' title='bbox 810 2834 901 2895; x_wconf 89' lang='lat' dir='ltr'><strong>creari</strong></span> <span class='ocrx_word' id='word_1_187' title='bbox 920 2833 996 2896; x_wconf 89' lang='lat' dir='ltr'><strong>dicat</strong></span> <span class='ocrx_word' id='word_1_188' title='bbox 1014 2853 1069 2916; x_wconf 92' lang='lat' dir='ltr'><strong>per</strong></span> <span class='ocrx_word' id='word_1_189' title='bbox 1090 2855 1234 2910; x_wconf 86' lang='lat' dir='ltr'><strong>amorem,</strong></span> <span class='ocrx_word' id='word_1_190' title='bbox 1253 2837 1332 2900; x_wconf 92' lang='lat' dir='ltr'><strong>nullo</strong></span> <span class='ocrx_word' id='word_1_191' title='bbox 1347 2837 1459 2919; x_wconf 88' lang='lat' dir='ltr'><strong>quippe</strong></span> 
     </span>
     <span class='ocr_line' id='line_1_25' title="bbox 302 2928 1461 3022; baseline -0.003 -18"><span class='ocrx_word' id='word_1_192' title='bbox 302 2951 435 3021; x_wconf 86' lang='lat' dir='ltr'><strong>tempore</strong></span> <span class='ocrx_word' id='word_1_193' title='bbox 449 2939 661 3020; x_wconf 89' lang='lat' dir='ltr'><strong>quiescentem:</strong></span> <span class='ocrx_word' id='word_1_194' title='bbox 678 2935 869 3017; x_wconf 87' lang='lat' dir='ltr'><strong>quamobrem</strong></span> <span class='ocrx_word' id='word_1_195' title='bbox 885 2936 969 3001; x_wconf 88' lang='lat' dir='ltr'><strong>verba</strong></span> <span class='ocrx_word' id='word_1_196' title='bbox 984 2938 1029 3000; x_wconf 91' lang='lat' dir='ltr'><strong>illa</strong></span> <span class='ocrx_word' id='word_1_197' title='bbox 1039 2928 1114 3018; x_wconf 77' lang='grc' dir='ltr'><strong><em>ἐμοὶ</em></strong></span> <span class='ocrx_word' id='word_1_198' title='bbox 1137 2929 1278 3022; x_wconf 72' lang='grc' dir='ltr'><strong><em>δ”Ἐρος</em></strong></span> <span class='ocrx_word' id='word_1_199' title='bbox 1299 2930 1461 3020; x_wconf 77' lang='grc' dir='ltr'><strong><em>σι’·δεμίαν</em></strong></span> 
     </span>
     <span class='ocr_line' id='line_1_26' title="bbox 298 3033 1462 3121; baseline -0.001 -16"><span class='ocrx_word' id='word_1_200' title='bbox 298 3036 496 3115; x_wconf 83' lang='grc' dir='ltr'><strong><em>κατάκοιτος</em></strong></span> <span class='ocrx_word' id='word_1_201' title='bbox 517 3033 605 3121; x_wconf 79' lang='grc' dir='ltr'><strong><em>ὥραν</em></strong></span> <span class='ocrx_word' id='word_1_202' title='bbox 626 3055 689 3099; x_wconf 92' lang='lat' dir='ltr'><strong>non</strong></span> <span class='ocrx_word' id='word_1_203' title='bbox 708 3055 764 3117; x_wconf 88' lang='lat' dir='ltr'><strong>pro</strong></span> <span class='ocrx_word' id='word_1_204' title='bbox 785 3037 896 3117; x_wconf 80' lang='lat' dir='ltr'><strong>integra</strong></span> <span class='ocrx_word' id='word_1_205' title='bbox 916 3040 1114 3102; x_wconf 85' lang='lat' dir='ltr'><strong>enuntiatione</strong></span> <span class='ocrx_word' id='word_1_206' title='bbox 1133 3041 1290 3116; x_wconf 88' lang='lat' dir='ltr'><strong>hahemus,</strong></span> <span class='ocrx_word' id='word_1_207' title='bbox 1315 3042 1366 3104; x_wconf 90' lang='lat' dir='ltr'><strong>sed</strong></span> <span class='ocrx_word' id='word_1_208' title='bbox 1385 3042 1462 3105; x_wconf 89' lang='lat' dir='ltr'><strong>baec</strong></span> 
     </span>
     <span class='ocr_line' id='line_1_27' title="bbox 299 3131 1460 3225; baseline -0.001 -17"><span class='ocrx_word' id='word_1_209' title='bbox 299 3136 457 3225; x_wconf 83' lang='grc' dir='ltr'><strong><em>οάδεμίαν</em></strong></span> <span class='ocrx_word' id='word_1_210' title='bbox 472 3133 671 3214; x_wconf 82' lang='grc' dir='ltr'><strong><em>κατάκοιτος</em></strong></span> <span class='ocrx_word' id='word_1_211' title='bbox 692 3131 780 3225; x_wconf 84' lang='grc' dir='ltr'><strong><em>άίραν</em></strong></span> <span class='ocrx_word' id='word_1_212' title='bbox 793 3140 966 3221; x_wconf 90' lang='lat' dir='ltr'><strong>interposita</strong></span> <span class='ocrx_word' id='word_1_213' title='bbox 981 3150 1010 3204; x_wconf 92' lang='lat' dir='ltr'><strong>et</strong></span> <span class='ocrx_word' id='word_1_214' title='bbox 1021 3142 1148 3222; x_wconf 80' lang='lat' dir='ltr'><strong>integrae</strong></span> <span class='ocrx_word' id='word_1_215' title='bbox 1163 3143 1369 3207; x_wconf 86' lang='lat' dir='ltr'><strong>enuntiationis</strong></span> <span class='ocrx_word' id='word_1_216' title='bbox 1385 3143 1460 3207; x_wconf 91' lang='lat' dir='ltr'><strong>sub-</strong></span> 
     </span>
     <span class='ocr_line' id='line_1_28' title="bbox 298 3236 1460 3326; baseline 0 -17"><span class='ocrx_word' id='word_1_217' title='bbox 298 3248 372 3309; x_wconf 91' lang='lat' dir='ltr'><strong>iecto</strong></span> <span class='ocrx_word' id='word_1_218' title='bbox 391 3236 494 3326; x_wconf 82' lang='grc' dir='ltr'><strong><em>’Έρος</em></strong></span> <span class='ocrx_word' id='word_1_219' title='bbox 518 3242 627 3304; x_wconf 89' lang='lat' dir='ltr'><strong>adiecta</strong></span> <span class='ocrx_word' id='word_1_220' title='bbox 654 3260 719 3303; x_wconf 89' lang='lat' dir='ltr'><strong>esse</strong></span> <span class='ocrx_word' id='word_1_221' title='bbox 745 3259 913 3316; x_wconf 88' lang='lat' dir='ltr'><strong>censemus,</strong></span> <span class='ocrx_word' id='word_1_222' title='bbox 943 3244 1026 3306; x_wconf 90' lang='lat' dir='ltr'><strong>euius</strong></span> <span class='ocrx_word' id='word_1_223' title='bbox 1051 3244 1250 3325; x_wconf 85' lang='lat' dir='ltr'><strong>praedicatum</strong></span> <span class='ocrx_word' id='word_1_224' title='bbox 1275 3245 1306 3308; x_wconf 91' lang='lat' dir='ltr'><strong>in</strong></span> <span class='ocrx_word' id='word_1_225' title='bbox 1329 3254 1460 3309; x_wconf 80' lang='lat' dir='ltr'><strong>extrema</strong></span> 
     </span>
     <span class='ocr_line' id='line_1_29' title="bbox 300 3339 1461 3428; baseline -0.001 -16"><span class='ocrx_word' id='word_1_226' title='bbox 300 3351 419 3412; x_wconf 89' lang='lat' dir='ltr'><strong>demum</strong></span> <span class='ocrx_word' id='word_1_227' title='bbox 435 3345 558 3425; x_wconf 88' lang='lat' dir='ltr'><strong>stropha</strong></span> <span class='ocrx_word' id='word_1_228' title='bbox 574 3344 662 3405; x_wconf 91' lang='lat' dir='ltr'><strong>verbo</strong></span> <span class='ocrx_word' id='word_1_229' title='bbox 675 3342 757 3405; x_wconf 87' lang='lat' dir='ltr'><strong>linito</strong></span> <span class='ocrx_word' id='word_1_230' title='bbox 770 3339 934 3428; x_wconf 84' lang='grc' dir='ltr'><strong><em>φυλάσσει</em></strong></span> <span class='ocrx_word' id='word_1_231' title='bbox 948 3346 1116 3409; x_wconf 79' lang='lat' dir='ltr'><strong>absolvitur.</strong></span> <span class='ocrx_word' id='word_1_232' title='bbox 1153 3346 1254 3428; x_wconf 83' lang='lat' dir='ltr'><strong>Neque</strong></span> <span class='ocrx_word' id='word_1_233' title='bbox 1269 3348 1358 3428; x_wconf 74' lang='lat' dir='ltr'><strong>igitur</strong></span> <span class='ocrx_word' id='word_1_234' title='bbox 1372 3342 1461 3412; x_wconf 78' lang='grc' dir='ltr'><strong><em>ὥστε</em></strong></span> 
     </span>
     <span class='ocr_line' id='line_1_30' title="bbox 299 3437 1458 3533; baseline -0.001 -18"><span class='ocrx_word' id='word_1_235' title='bbox 299 3446 339 3515; x_wconf 85' lang='grc' dir='ltr'><strong><em>δέ</em></strong></span> <span class='ocrx_word' id='word_1_236' title='bbox 359 3449 534 3531; x_wconf 86' lang='lat' dir='ltr'><strong>probamus,</strong></span> <span class='ocrx_word' id='word_1_237' title='bbox 555 3466 650 3527; x_wconf 89' lang='lat' dir='ltr'><strong>neque</strong></span> <span class='ocrx_word' id='word_1_238' title='bbox 670 3437 737 3508; x_wconf 76' lang='grc' dir='ltr'><strong><em>ἄλλ’</em></strong></span> <span class='ocrx_word' id='word_1_239' title='bbox 759 3440 832 3521; x_wconf 86' lang='grc' dir='ltr'><strong><em>άτε,</em></strong></span> <span class='ocrx_word' id='word_1_240' title='bbox 858 3448 938 3528; x_wconf 91' lang='lat' dir='ltr'><strong>quod</strong></span> <span class='ocrx_word' id='word_1_241' title='bbox 953 3448 1115 3511; x_wconf 87' lang='lat' dir='ltr'><strong>bielbomic</strong></span> <span class='ocrx_word' id='word_1_242' title='bbox 1134 3448 1165 3511; x_wconf 94' lang='lat' dir='ltr'><strong>in</strong></span> <span class='ocrx_word' id='word_1_243' title='bbox 1184 3458 1314 3512; x_wconf 90' lang='lat' dir='ltr'><strong>mentem</strong></span> <span class='ocrx_word' id='word_1_244' title='bbox 1334 3451 1413 3514; x_wconf 85' lang='lat' dir='ltr'><strong>venit</strong></span> <span class='ocrx_word' id='word_1_245' title='bbox 1426 3471 1458 3533; x_wconf 93' lang='lat' dir='ltr'><strong>p.</strong></span> 
     </span>
     <span class='ocr_line' id='line_1_31' title="bbox 300 3543 1457 3632; baseline 0.002 -18"><span class='ocrx_word' id='word_1_246' title='bbox 300 3555 370 3625; x_wconf 92' lang='grc'><strong>111,</strong></span> <span class='ocrx_word' id='word_1_247' title='bbox 386 3552 438 3613; x_wconf 90' lang='lat' dir='ltr'><strong>sed</strong></span> <span class='ocrx_word' id='word_1_248' title='bbox 452 3568 546 3613; x_wconf 90' lang='lat' dir='ltr'><strong>unum</strong></span> <span class='ocrx_word' id='word_1_249' title='bbox 562 3543 634 3623; x_wconf 86' lang='grc' dir='ltr'><strong><em>ᾶτε,</em></strong></span> <span class='ocrx_word' id='word_1_250' title='bbox 661 3568 727 3611; x_wconf 88' lang='lat' dir='ltr'><strong>cum</strong></span> <span class='ocrx_word' id='word_1_251' title='bbox 742 3549 889 3612; x_wconf 86' lang='lat' dir='ltr'><strong>Lobeehio</strong></span> <span class='ocrx_word' id='word_1_252' title='bbox 905 3550 941 3611; x_wconf 95' lang='lat' dir='ltr'><strong>ad</strong></span> <span class='ocrx_word' id='word_1_253' title='bbox 957 3551 1113 3632; x_wconf 83' lang='lat' dir='ltr'><strong>Sophoclis</strong></span> <span class='ocrx_word' id='word_1_254' title='bbox 1128 3552 1171 3614; x_wconf 82' lang='lat' dir='ltr'><strong>hi.</strong></span> <span class='ocrx_word' id='word_1_255' title='bbox 1187 3571 1214 3612; x_wconf 88' lang='grc' dir='ltr'><strong><em>ν.</em></strong></span> <span class='ocrx_word' id='word_1_256' title='bbox 1230 3552 1307 3627; x_wconf 77' lang='lat'><strong>255,</strong></span> <span class='ocrx_word' id='word_1_257' title='bbox 1323 3553 1457 3617; x_wconf 87' lang='lat' dir='ltr'><strong>laccbsio</strong></span> 
     </span>
     <span class='ocr_line' id='line_1_32' title="bbox 297 3651 1453 3735; baseline -0.001 -17"><span class='ocrx_word' id='word_1_258' title='bbox 297 3658 328 3718; x_wconf 91' lang='lat' dir='ltr'><strong>in</strong></span> <span class='ocrx_word' id='word_1_259' title='bbox 348 3653 465 3716; x_wconf 82' lang='lat' dir='ltr'><strong>hnthol.</strong></span> <span class='ocrx_word' id='word_1_260' title='bbox 489 3652 537 3726; x_wconf 91' lang='grc'><strong>111,</strong></span> <span class='ocrx_word' id='word_1_261' title='bbox 564 3653 583 3714; x_wconf 82' lang='lat'><strong>2</strong></span> <span class='ocrx_word' id='word_1_262' title='bbox 604 3672 632 3732; x_wconf 90' lang='lat' dir='ltr'><strong>p.</strong></span> <span class='ocrx_word' id='word_1_263' title='bbox 656 3651 729 3726; x_wconf 91' lang='grc'><strong>155,</strong></span> <span class='ocrx_word' id='word_1_264' title='bbox 755 3651 922 3715; x_wconf 88' lang='lat' dir='ltr'><strong>Hermanno</strong></span> <span class='ocrx_word' id='word_1_265' title='bbox 942 3653 972 3714; x_wconf 93' lang='lat' dir='ltr'><strong>in</strong></span> <span class='ocrx_word' id='word_1_266' title='bbox 992 3653 1152 3734; x_wconf 85' lang='lat' dir='ltr'><strong>Ephemm.</strong></span> <span class='ocrx_word' id='word_1_267' title='bbox 1171 3655 1250 3735; x_wconf 93' lang='lat' dir='ltr'><strong>Lips.</strong></span> <span class='ocrx_word' id='word_1_268' title='bbox 1274 3673 1342 3717; x_wconf 91' lang='lat' dir='ltr'><strong>ann.</strong></span> <span class='ocrx_word' id='word_1_269' title='bbox 1361 3654 1453 3718; x_wconf 87' lang='grc'><strong>1817.</strong></span> 
     </span>
     <span class='ocr_line' id='line_1_33' title="bbox 294 3753 1456 3839; baseline -0.001 -18"><span class='ocrx_word' id='word_1_270' title='bbox 294 3759 322 3821; x_wconf 90' lang='grc' dir='ltr'><strong>ΙΙ</strong></span> <span class='ocrx_word' id='word_1_271' title='bbox 338 3777 366 3838; x_wconf 89' lang='lat' dir='ltr'><strong>p.</strong></span> <span class='ocrx_word' id='word_1_272' title='bbox 383 3755 480 3831; x_wconf 80' lang='lat'>2233,</span> <span class='ocrx_word' id='word_1_273' title='bbox 500 3763 533 3818; x_wconf 92' lang='lat' dir='ltr'><strong>ut</strong></span> <span class='ocrx_word' id='word_1_274' title='bbox 547 3773 653 3817; x_wconf 86' lang='lat' dir='ltr'><strong>sensus</strong></span> <span class='ocrx_word' id='word_1_275' title='bbox 669 3754 722 3816; x_wconf 88' lang='lat' dir='ltr'><strong>sit:</strong></span> <span class='ocrx_word' id='word_1_276' title='bbox 741 3753 814 3816; x_wconf 81' lang='lat' dir='ltr'><strong>mili</strong></span> <span class='ocrx_word' id='word_1_277' title='bbox 827 3765 924 3818; x_wconf 79' lang='grc' dir='ltr'><strong><em>αιιεισι</em></strong></span> <span class='ocrx_word' id='word_1_278' title='bbox 943 3755 1034 3816; x_wconf 77' lang='grc' dir='ltr'><strong><em>λοισι·</em></strong></span> <span class='ocrx_word' id='word_1_279' title='bbox 1058 3755 1140 3818; x_wconf 75' lang='lat' dir='ltr'><strong>nullo</strong></span> <span class='ocrx_word' id='word_1_280' title='bbox 1161 3767 1288 3838; x_wconf 86' lang='lat' dir='ltr'><strong>tempore</strong></span> <span class='ocrx_word' id='word_1_281' title='bbox 1307 3760 1456 3839; x_wconf 82' lang='lat' dir='ltr'><strong>qm&#39;ercena</strong></span> 
     </span>
     <span class='ocr_line' id='line_1_34' title="bbox 295 3852 1454 3944; baseline 0.001 -22"><span class='ocrx_word' id='word_1_282' title='bbox 295 3859 406 3923; x_wconf 79' lang='lat' dir='ltr'><strong>Boreae</strong></span> <span class='ocrx_word' id='word_1_283' title='bbox 419 3861 515 3920; x_wconf 74' lang='grc' dir='ltr'><strong><em>ιὀιεαν</em></strong></span> <span class='ocrx_word' id='word_1_284' title='bbox 529 3861 669 3939; x_wconf 70' lang='lat' dir='ltr'><strong>inprecor</strong></span> <span class='ocrx_word' id='word_1_285' title='bbox 684 3859 815 3918; x_wconf 76' lang='grc' dir='ltr'><strong><em>αιιλινιιιυι</em></strong></span> <span class='ocrx_word' id='word_1_286' title='bbox 833 3867 937 3920; x_wconf 77' lang='lat' dir='ltr'><strong>cecat:</strong></span> <span class='ocrx_word' id='word_1_287' title='bbox 962 3874 1032 3919; x_wconf 86' lang='lat' dir='ltr'><strong>narn</strong></span> <span class='ocrx_word' id='word_1_288' title='bbox 1046 3858 1083 3920; x_wconf 90' lang='lat' dir='ltr'><strong>de</strong></span> <span class='ocrx_word' id='word_1_289' title='bbox 1096 3852 1261 3944; x_wconf 83' lang='grc' dir='ltr'><strong><em>φυλάσσει</em></strong></span> <span class='ocrx_word' id='word_1_290' title='bbox 1281 3880 1351 3923; x_wconf 87' lang='lat' dir='ltr'><strong>mox</strong></span> <span class='ocrx_word' id='word_1_291' title='bbox 1373 3860 1454 3923; x_wconf 82' lang='lat' dir='ltr'><strong>vide-</strong></span> 
     </span>
     <span class='ocr_line' id='line_1_35' title="bbox 295 3958 829 4025; baseline -0.009 0"><span class='ocrx_word' id='word_1_292' title='bbox 295 3962 404 4025; x_wconf 89' lang='lat' dir='ltr'><strong>bimus.</strong></span> <span class='ocrx_word' id='word_1_293' title='bbox 447 3960 507 4023; x_wconf 90' lang='lat' dir='ltr'><strong>lam</strong></span> <span class='ocrx_word' id='word_1_294' title='bbox 524 3980 627 4023; x_wconf 89' lang='lat' dir='ltr'><strong>versus</strong></span> <span class='ocrx_word' id='word_1_295' title='bbox 642 3959 771 4021; x_wconf 82' lang='lat' dir='ltr'><strong>existunt</strong></span> <span class='ocrx_word' id='word_1_296' title='bbox 784 3958 829 4021; x_wconf 88' lang='lat' dir='ltr'><strong>bi:</strong></span> 
     </span>
     <span class='ocr_line' id='line_1_36' title="bbox 295 4052 783 4144; baseline 0 -21"><span class='ocrx_word' id='word_1_297' title='bbox 295 4109 526 4133; x_wconf 56' lang='lat'><strong>......</strong></span> <span class='ocrx_word' id='word_1_298' title='bbox 540 4055 615 4144; x_wconf 78' lang='grc' dir='ltr'><strong><em>ἐμοὶ</em></strong></span> <span class='ocrx_word' id='word_1_299' title='bbox 638 4052 783 4142; x_wconf 78' lang='grc' dir='ltr'><strong><em>δ”Έρος</em></strong></span> 
     </span>
     <span class='ocr_line' id='line_1_37' title="bbox 298 4154 1319 4250; baseline -0.004 -19"><span class='ocrx_word' id='word_1_300' title='bbox 298 4159 455 4248; x_wconf 77' lang='grc' dir='ltr'><strong><em>οὐδεμίαν</em></strong></span> <span class='ocrx_word' id='word_1_301' title='bbox 475 4159 674 4239; x_wconf 88' lang='grc' dir='ltr'><strong><em>κατάκοιτος</em></strong></span> <span class='ocrx_word' id='word_1_302' title='bbox 696 4156 809 4247; x_wconf 86' lang='grc' dir='ltr'><strong><em>ὡἸραν,</em></strong></span> <span class='ocrx_word' id='word_1_303' title='bbox 833 4154 891 4225; x_wconf 77' lang='lat' dir='ltr'><strong>da’</strong></span> <span class='ocrx_word' id='word_1_304' title='bbox 912 4155 980 4226; x_wconf 80' lang='grc' dir='ltr'><strong>δπδ</strong></span> <span class='ocrx_word' id='word_1_305' title='bbox 1004 4161 1170 4248; x_wconf 81' lang='grc' dir='ltr'><strong><em>στεροπᾶς</em></strong></span> <span class='ocrx_word' id='word_1_306' title='bbox 1190 4160 1319 4250; x_wconf 82' lang='grc' dir='ltr'><strong><em>φλέγων</em></strong></span> 
     </span>
     <span class='ocr_line' id='line_1_38' title="bbox 302 4257 1456 4356; baseline -0.003 -23"><span class='ocrx_word' id='word_1_307' title='bbox 302 4265 462 4356; x_wconf 78' lang='grc' dir='ltr'><strong><em>θρηίκιος</em></strong></span> <span class='ocrx_word' id='word_1_308' title='bbox 477 4263 619 4354; x_wconf 79' lang='grc' dir='ltr'><strong><em>Βορέας,</em></strong></span> <span class='ocrx_word' id='word_1_309' title='bbox 641 4257 780 4349; x_wconf 64' lang='grc' dir='ltr'><strong><em>άίάσων</em></strong></span> <span class='ocrx_word' id='word_1_310' title='bbox 795 4260 888 4348; x_wconf 90' lang='grc' dir='ltr'><strong><em>παρά</em></strong></span> <span class='ocrx_word' id='word_1_311' title='bbox 909 4260 1082 4350; x_wconf 82' lang='grc' dir='ltr'><strong><em>Κύπριδος</em></strong></span> <span class='ocrx_word' id='word_1_312' title='bbox 1102 4259 1260 4345; x_wconf 80' lang='grc' dir='ltr'><strong><em>άζαλέαις</em></strong></span> <span class='ocrx_word' id='word_1_313' title='bbox 1273 4260 1456 4348; x_wconf 85' lang='grc' dir='ltr'><strong><em>μανίαισιν,</em></strong></span> 
     </span>
     <span class='ocr_line' id='line_1_39' title="bbox 299 4369 1458 4459; baseline 0.001 -23"><span class='ocrx_word' id='word_1_314' title='bbox 299 4392 427 4459; x_wconf 83' lang='lat' dir='ltr'><strong>quorum</strong></span> <span class='ocrx_word' id='word_1_315' title='bbox 442 4373 560 4455; x_wconf 87' lang='lat' dir='ltr'><strong>primus</strong></span> <span class='ocrx_word' id='word_1_316' title='bbox 575 4369 731 4453; x_wconf 75' lang='lat' dir='ltr'><strong>dactylicus</strong></span> <span class='ocrx_word' id='word_1_317' title='bbox 747 4375 794 4430; x_wconf 88' lang='lat' dir='ltr'><strong>est</strong></span> <span class='ocrx_word' id='word_1_318' title='bbox 808 4376 973 4435; x_wconf 84' lang='lat' dir='ltr'><strong>tetrameter</strong></span> <span class='ocrx_word' id='word_1_319' title='bbox 987 4372 1166 4447; x_wconf 88' lang='lat' dir='ltr'><strong>acatalectus,</strong></span> <span class='ocrx_word' id='word_1_320' title='bbox 1182 4371 1253 4435; x_wconf 85' lang='lat' dir='ltr'><strong>alter</strong></span> <span class='ocrx_word' id='word_1_321' title='bbox 1273 4371 1458 4454; x_wconf 87' lang='lat' dir='ltr'><strong>compositus</strong></span> 
     </span>
    </p>
   </div>
   <div class='ocr_carea' id='block_1_3' title="bbox 0 0 1597 5138">
    <p class='ocr_par' dir='ltr' id='par_1_8' title="bbox 0 0 1597 5138">
     <span class='ocr_line' id='line_1_40' title="bbox 0 0 1597 5138; baseline 0 0"><span class='ocrx_word' id='word_1_322' title='bbox 0 0 1597 5138; x_wconf 95' lang='lat' dir='ltr'><strong> </strong></span> 
     </span>
    </p>
   </div>
  </div>
 </body>
</html>
