3276 5144
833 480 985 583 -r-u-

332 680 528 764 copnlalivam
542 677 673 741 relictum
690 693 755 737 esse
768 674 910 736 videmus.
939 671 1086 734 Nimirum
1107 668 1240 732 omnium
1263 646 1433 752 linguarum·
1442 671 1492 733 bi·

333 786 424 847 storia
438 783 510 845 nihil
524 780 709 861 frequentius
723 778 787 841 lieri
801 776 922 838 solitum
936 794 1002 837 csse
1016 775 1115 843 (locet,
1136 774 1167 834 in
1187 774 1234 835 his
1248 775 1423 854 praesertim
1437 793 1493 834 vo-

333 885 442 949 cabulis
456 882 631 965 syntecticis,
648 880 754 960 quibus
769 896 830 940 non
844 897 892 940 res
906 877 996 957 ipsae,
1013 876 1064 937 sed
1075 893 1176 938 rernm
1187 884 1239 938 ant
1248 877 1404 939 notionum
1417 877 1494 938 inter

334 1006 367 1049 se
383 985 580 1049 connexiones
595 982 771 1051 indicantur,
798 998 888 1060 qnam
913 985 948 1040 nt
962 996 1035 1040 neus
1050 976 1197 1057 loquendi,
1221 978 1365 1058 genuinae
1390 996 1493 1040 eorum

333 1086 552 1169 significationis
572 1103 678 1166 perum
698 1100 827 1156 memor,
847 1080 936 1142 etiam
959 1078 1105 1141 eiusmodi
1124 1079 1159 1141 iis
1173 1081 1339 1143 functiones
1354 1079 1495 1142 attribuat

338 1210 413 1272 quae
429 1207 514 1252 verae
529 1204 634 1249 eorum
648 1191 769 1247 naturae
785 1184 883 1245 minus
898 1182 1083 1244 conueniant.
1126 1180 1222 1245 Minus
1240 1182 1331 1245 eliam
1352 1183 1423 1245 illud
1437 1182 1495 1244 mi·

335 1410 428 1475 ροήιιῑ,
439 1408 462 1460 is
474 1423 551 1473 snpra
563 1421 636 1473 quam
649 1422 696 1471 par
707 1413 747 1457 cst
758 1404 876 1456 curiosus
888 1418 946 1454 esse
960 1403 1094 1454 videbitur.
1117 1401 1181 1454 Nam
1194 1403 1251 1455 llari
1262 1403 1289 1453 in
1301 1402 1367 1455 omui
1380 1416 1496 1455 nemone

336 1508 441 1546 ιιοοοοοο
457 1491 519 1556 fnit,
537 1500 566 1544 nt
576 1493 755 1544 vocabulorum
766 1489 964 1556 significationes
976 1487 1038 1540 olim
1049 1486 1127 1539 letias
1139 1495 1254 1552 patentes
1266 1504 1326 1540 mox
1338 1489 1496 1553 augustiori·

338 1579 383 1630 bus
399 1578 546 1643 qubusdam
563 1578 652 1628 linibus
664 1583 854 1639 contuerentur,
871 1589 950 1640 nequa
962 1582 1060 1625 tantum
1071 1574 1180 1640 quilque
1191 1574 1361 1639 significarat,
1378 1581 1498 1639 umanum

340 1672 432 1717 natura
447 1663 527 1729 ipsius
545 1669 683 1728 patoretur,
703 1662 747 1713 scd
764 1661 892 1726 propriam
908 1660 1031 1726 quendam
1047 1659 1096 1711 sibi
1114 1659 1273 1724 provinciam
1288 1660 1436 1711 sortiretur.
1460 1658 1498 1710 lta

338 1750 365 1801 in
382 1748 569 1813 pronominibus
586 1745 679 1799 iactum
696 1753 748 1809 eat,
765 1762 828 1811 quae
844 1762 919 1812 quum
935 1745 1008 1797 initio
1021 1746 1164 1810 generalem
1176 1745 1298 1810 quedam
1310 1744 1498 1796 demonstrandi

338 1834 389 1885 vim
400 1834 537 1895 uberent,
549 1848 620 1893 mox,
633 1832 749 1897 quoniam
761 1832 833 1883 varie
845 1839 920 1883 crant
930 1829 1153 1881 demonstrationis
1165 1844 1259 1894 genera
1272 1837 1299 1881 et
1310 1830 1383 1894 quasi
1394 1830 1498 1894 madan,

340 1944 374 1959 -
390 1933 438 1984 qua
455 1919 485 1969 de
502 1933 531 1969 ιο
548 1932 625 1982 snpra
641 1917 815 1981 exposuimus,
832 1944 866 1954 -
881 1916 939 1967 aliis
956 1916 1025 1966 aliud
1043 1930 1122 1979 genus
1133 1915 1355 1966 demonstrationi·
1368 1914 1499 1979 propriam

340 2003 448 2056 attribui
470 2011 585 2069 coeptum
606 2009 653 2054 eal.
667 2002 793 2053 -Porro
814 2016 942 2052 commune
962 2000 1076 2052 omnibns
1094 2007 1197 2051 nostrae
1212 1998 1323 2051 familiae
1340 1999 1434 2065 linguis
1446 1999 1500 2049 eln-

340 2096 450 2141 mentum
472 2088 657 2154 pronominale‚
675 2088 787 2139 litteram
802 2084 941 2150 (lentulum,
963 2101 1034 2137 acmo
1047 2101 1096 2136 non
1108 2084 1226 2150 agnoscit
1237 2085 1313 2136 ctiam
1325 2085 1352 2135 ln
1365 2084 1500 2135 verborum

340 2173 518 2226 terminatione
531 2173 624 2224 bertino
637 2188 768 2238 aemonae,
785 2173 946 2223 obscuratum
959 2171 1022 2222 illud
1034 2170 1131 2235 quibmu
1144 2170 1170 2221 in
1182 2170 1268 2221 multis
1280 2183 1387 2233 grauem
1398 2170 1500 2234 linguae

341 2258 445 2321 formis,
463 2259 498 2309 ita
510 2264 605 2321 tamen,
622 2265 652 2308 ut
664 2258 738 2308 ellam
751 2271 814 2321 quac
826 2257 908 2321 primo
920 2263 1024 2320 aspectu
1037 2253 1131 2306 nullum
1143 2255 1198 2307 cius
1210 2256 1345 2320 vestigium
1358 2257 1501 2320 emendant,

341 2342 487 2395 accuratius
505 2343 662 2395 examinatae
679 2342 709 2392 ad
726 2342 859 2407 pristinam
875 2339 981 2392 formam
998 2342 1063 2392 haud
1079 2341 1154 2392 dnbio
1170 2341 1287 2392 revocari
1301 2342 1411 2406 possint,
1428 2356 1502 2406 quam

342 2428 499 2480 constantius
515 2428 541 2477 in
553 2427 638 2490 lingua
650 2427 729 2477 latina
741 2435 870 2478 servatam
881 2427 1002 2478 videmus.
1026 2424 1078 2477 lam
1090 2442 1151 2476 vero
1163 2426 1228 2477 satis
1240 2433 1341 2477 constat
1353 2427 1423 2477 inter
1434 2425 1504 2490 peri·

340 2520 390 2580 tos,
409 2513 455 2564 has
476 2510 572 2565 formas
593 2512 728 2562 verborum
748 2527 797 2562 non
809 2513 881 2562 morlo
895 2519 1023 2563 certarum
1036 2512 1080 2562 reu
1093 2511 1169 2562 etiam
1181 2511 1365 2563 indefinitarum
1377 2525 1501 2576 mmona-
1611 2570 1612 2573 Ἴ

342 2614 399 2651 rum
410 2597 619 2662 significationem
629 2596 731 2659 habere,
744 2597 766 2646 b.
780 2611 803 2647 ο.
816 2613 864 2648 non
876 2596 912 2647 lbi
923 2597 1006 2648 solum
1018 2598 1144 2662 usurpari,
1157 2597 1200 2647 ubi
1212 2611 1275 2662 quae
1287 2596 1323 2647 eit
1334 2610 1442 2661 namna
1458 2602 1504 2646 ant

342 2682 472 2748 primitiva
488 2697 510 2732 a.
528 2682 627 2735 oculari
636 2688 683 2733 ant
694 2682 845 2733 secundaria
856 2697 878 2733 n.
889 2682 993 2733 munuli
1005 2681 1219 2733 demonstratione
1230 2687 1364 2746 apparunt,
1384 2681 1429 2730 aad
1442 2679 1506 2731 ali·

344 2767 412 2834 anis
429 2766 578 2831 cogitandus
590 2766 637 2832 nit,
653 2766 766 2832 quinquie
779 2767 822 2831 ait,
834 2769 858 2819 in
871 2782 943 2832 quem
955 2781 1054 2833 quoqne
1066 2775 1182 2832 tamum
1193 2781 1251 2828 rea,
1263 2780 1337 2832 quam
1347 2763 1452 2816 verbum
1464 2764 1506 2816 ln·

343 2852 419 2917 dicat,
431 2852 512 2903 cadat.
537 2850 616 2901 Sicin
629 2850 677 2903 Xll
690 2852 758 2903 labb.
771 2852 860 2916 „siin
875 2853 921 2903 ius
935 2852 1052 2903 vocut“
1065 2849 1458 2915 -‚‚sirnembrumruplt“
1470 2875 1505 2887 -

344 2952 409 2989 cum
425 2951 534 2988 nexum
550 2936 649 2988 luciet
664 2963 699 2975 -
715 2937 741 2987 si
758 2937 909 2989 iniuriam
925 2936 1005 2988 lacit
1020 2939 1132 3002 alteri,
1144 2936 1245 3002 aliaque
1256 2935 1350 2987 sinilia
1361 2935 1456 2995 multa3
1471 2947 1502 2985 ne

346 3023 427 3073 dicam
437 3023 468 3073 lle
481 3021 625 3086 pervagatis
638 3021 758 3085 iuquit,
769 3023 829 3086 ait,
841 3030 886 3074 aut
897 3022 929 3073 lle
940 3023 1080 3087 pluralibus
1092 3024 1217 3085 dicunt,
1229 3022 1375 3081 tradunt,
1388 3018 1505 3071 lerunt.

347 3106 534 3171 Frequentatur
549 3113 634 3157 autem
648 3106 672 3156 is
690 3121 750 3157 unns
767 3106 911 3160 indelinitna
928 3109 1023 3159 tertiae
1035 3121 1157 3173 camenae
1169 3106 1278 3157 maxime
1290 3112 1349 3170 post
1359 3104 1506 3171 infinitivus,

347 3192 419 3243 velut
435 3190 501 3255 apud
513 3188 660 3242 Ciceronem
672 3192 781 3242 deerat.
797 3192 819 3256 1,
832 3192 857 3256 8,
869 3194 916 3244 30:
937 3208 1035 3259 neque
1051 3208 1127 3244 vero
1144 3190 1217 3242 mibi
1234 3191 1400 3257 quicquam
1415 3203 1507 3255 prae·

349 3275 504 3327 stabilius
530 3274 670 3339 videtur,
695 3291 781 3343 quam
808 3291 898 3342 posse
919 3279 1052 3329 dicendo
1073 3284 1182 3327 tenere
1202 3277 1359 3328 hominurn
1379 3281 1507 3339 coctas,

349 3367 468 3412 mentes
490 3358 638 3423 allicere,
656 3359 840 3413 voluntates
857 3361 1021 3427 impellere
1038 3362 1201 3428 quonam,
1220 3361 1409 3413 ualeantem
1426 3357 1508 3410 velit

350 3445 515 3497 deducere.
541 3443 644 3496 Tuscul.
662 3444 763 3510 lV‚26:
779 3447 856 3498 banc
871 3453 971 3497 autom
988 3447 1207 3512 «spineticum,
1224 3444 1507 3497 indicareaeseiru

351 3529 429 3596 quod
448 3529 581 3580 neseiat.
605 3528 684 3580 Aoni.
703 3531 766 3593 l,l:
784 3532 863 3598 quod
880 3532 955 3582 baec
971 3538 1060 3582 esset
1075 3547 1133 3582 una
1149 3531 1325 3597 sapientia,
1347 3545 1403 3581 nun
1421 3528 1509 3580 arbl-

352 3613 438 3665 truri
449 3627 482 3663 sn
495 3613 579 3665 scire
590 3615 669 3680 quod
681 3616 811 3667 neseiat
836 3616 931 3683 anpo
943 3615 1082 3667 inlinitlvua
1094 3630 1199 3682 φοοιμο,
1211 3632 1261 3667 uon
1272 3615 1371 3682 quidem
1383 3615 1408 3665 in
1420 3622 1509 3665 aesna

351 3698 438 3763 lingna
450 3698 588 3749 vernacula
599 3699 706 3765 aliisque
718 3700 910 3763 recentioribus,
922 3701 966 3751 aad
978 3700 1005 3750 in
1017 3699 1096 3751 letina
1107 3708 1181 3767 atque
1190 3714 1282 3764 graeca
1291 3706 1394 3765 praeter
1402 3698 1509 3751 actionis

352 3784 428 3834 utiam
443 3783 551 3835 subiecti
569 3785 691 3850 quandam
709 3785 914 3849 significationem
926 3786 1002 3836 hebet
1014 3786 1181 3848 indefinitam,
1198 3802 1246 3852 qua
1258 3787 1288 3835 ‹le
1301 3800 1330 3835 rc
1342 3785 1395 3836 ulixi
1406 3786 1432 3836 iu
1444 3783 1510 3836 libro

352 3869 384 3918 lle
403 3876 481 3932 partt.
501 3875 567 3919 orat.
584 3885 608 3934 p.
620 3869 653 3919 45
667 3884 713 3935 οφ,
730 3884 875 3935 quemqrmm
892 3869 1020 3935 eliquanto
1037 3872 1113 3922 latius
1129 3878 1263 3936 patentem.
1286 3869 1350 3921 Nam
1362 3870 1435 3921 verbi
1446 3869 1513 3921 liniti

353 3967 478 4017 personae
491 3953 597 4016 tertiae,
614 3954 693 4017 licet,
711 3961 740 4003 nt
749 3953 896 4005 Priscianus
908 3954 944 4005 nit
956 3954 1012 4020 xil,
1022 3955 1038 4005 2
1050 3972 1073 4023 p.
1087 3956 1145 4019 578,
1163 3953 1231 4006 nulla
1243 3956 1268 4005 iu
1280 3955 1313 4006 iia
1325 3962 1397 4006 carta
1409 3955 1513 4006 finiatur

354 4052 462 4104 person
482 4046 509 4089 et
528 4036 668 4103 profundae
684 4039 855 4090 multitudinis
870 4037 923 4089 sint
934 4053 1054 4104 oannem,
1075 4047 1192 4106 rectaque
1204 4040 1260 4091 ilco
1271 4041 1304 4091 ab
1315 4038 1451 4106 Apollonio
1463 4034 1513 4091 ἇο·

355 4127 519 4194 eleusinius
540 4123 665 4187 dicautur,
686 4124 717 4175 lle
737 4131 832 4174 constr.
849 4122 884 4187 11,
905 4125 920 4175 5
938 4139 962 4189 p.
978 4126 1033 4187 101,
1054 4126 1092 4185 15,
1113 4126 1234 4176 bacteana
1246 4133 1329 4176 umen
1340 4125 1373 4175 ab
1384 4125 1512 4176 infinitivo

355 4206 488 4273 differunt,
510 4207 576 4273 qnod
593 4222 721 4259 numerum
738 4207 892 4273 singularem
908 4216 935 4260 ot
951 4208 1075 4276 pluralem
1090 4209 1247 4274 distinguunt
1257 4211 1370 4277 quodque
1382 4211 1515 4278 pul-aaut

355 4292 480 4343 secandae
498 4307 621 4356 personae
637 4293 764 4345 notionem
780 4295 929 4359 excludunt,
952 4294 1023 4345 cuins
1040 4311 1089 4346 non
1101 4294 1182 4346 ιιιίοοι
1193 4310 1265 4362 qnam
1277 4296 1370 4347 tcmiae
1382 4310 1462 4362 capu
1475 4296 1517 4347 ia·

355 4376 468 4429 linitivua
489 4386 537 4429 cst
561 4377 771 4444 Quemadmodum
791 4387 875 4431 autem
892 4380 995 4433 tertiam
1011 4396 1144 4448 peneum
1156 4379 1316 4445 nerbilium,
1336 4381 1374 4432 sic
1385 4381 1462 4433 etlam
1474 4382 1517 4433 la·

355 4461 481 4514 finitivum
497 4479 670 4532 nonnunquam
684 4466 723 4516 sic
738 4467 855 4534 mosomi
871 4467 998 4531 videmus,
1015 4467 1128 4518 utnulla
1139 4466 1190 4519 ulai
1201 4465 1299 4518 inlinita
1310 4466 1431 4534 wedam
1442 4469 1518 4520 notia
