3266 5140
680 481 741 544 437

131 673 210 754 quod
224 688 316 734 uuum
332 671 457 732 tortusue
469 668 573 751 aliquia
588 675 720 750 opponat
730 674 739 712 ¹
751 669 792 742 8),
808 666 922 731 Soerati
936 666 973 729 ab
983 665 1156 731 adremariie
1171 665 1287 731 urimini

130 777 242 847 datum,
257 772 336 854 quod
351 791 427 834 nova
442 771 563 833 numina
585 765 700 847 (καινὰ
715 761 890 848 δαιμόνια)
903 769 1114 833 ἱιιὶτοάιιοοοοῑε
1129 769 1284 833 adverten-
1306 780 1337 829 ll

130 878 201 939 dum
216 883 268 949 eet,
283 892 345 936 uon
359 874 403 935 eie
414 872 586 953 simpliciter
592 872 650 933 hoe
664 870 691 933 ei
699 870 845 935 obiectum
860 890 935 946 esse,
949 871 1002 934 eeal
1013 871 1204 935 ooniunetnm
1219 890 1286 933 eum

130 978 219 1040 altero
240 976 374 1045 erimine,
395 975 473 1054 quod
488 974 561 1037 ‹leoe
576 971 692 1053 publiea
704 980 841 1053 reeeptoa
857 982 1008 1052 sperneret
1025 973 1167 1053 pleneque
1179 991 1219 1035 ne
1232 974 1286 1036 lra-

131 1079 211 1141 beret
225 1077 342 1158 quidem
356 1077 388 1138 iu
402 1077 525 1139 deorum
539 1093 673 1149 numero,
688 1075 741 1137 sed
754 1074 807 1138 alia
822 1093 878 1156 pro
892 1075 928 1137 iie
947 1094 982 1139 ae
999 1093 1075 1139 nora
1088 1075 1210 1141 numina
1224 1076 1286 1141 ‹tie-

130 1179 235 1261 eipulie
253 1179 315 1242 euie
335 1178 499 1241 veneranda
519 1177 739 1240 commendaret
749 1181 758 1220 ¹
769 1181 808 1253 ⁰).
839 1177 934 1251 Quam
948 1195 1015 1241 rere
1029 1177 1087 1241 hoe
1104 1177 1132 1241 ei
1147 1178 1184 1241 ab
1199 1197 1286 1241 aeeo-

130 1282 278 1346 eatoribue
298 1280 446 1343 obiectum
465 1279 516 1355 eit,
529 1278 602 1341 nihil
620 1298 701 1342 nune
723 1281 825 1343 attinet
843 1298 995 1360 quaerere,
1018 1288 1119 1360 atque
1136 1281 1191 1343 hae
1204 1280 1241 1343 de
1255 1300 1287 1343 re

128 1386 187 1448 iam
207 1384 278 1447 eatie
297 1400 445 1464 euperque
462 1382 499 1445 ulo
517 1381 580 1444 aliie
601 1382 720 1444 dietum
750 1382 823 1445 lllnd
841 1391 939 1445 autern
959 1382 1078 1463 quilibet
1100 1401 1155 1446 aua
1179 1392 1286 1465 eponte

128 1487 271 1566 iutelligit,
287 1487 374 1565 longe
388 1483 465 1547 eliud
480 1502 547 1546 eeee
560 1492 657 1547 vetere
669 1485 792 1547 numina
806 1503 840 1547 ue
858 1485 1014 1566 religiones
1029 1503 1154 1566 proreue
1168 1486 1287 1549 reiieere

128 1597 158 1650 et
172 1608 240 1651 eum
254 1589 339 1650 noris
354 1595 549 1662 commutare,
566 1586 596 1649 irl
617 1587 698 1667 qood
717 1589 852 1650 Seeratee
873 1587 976 1651 leuare
994 1587 1195 1661 mouebatur,
1208 1588 1286 1652 alud

128 1698 225 1753 eutem
245 1708 323 1753 nova
339 1689 462 1751 numine
479 1696 531 1751 ant
548 1707 640 1752 norae
660 1689 817 1754 numinum
837 1693 948 1754 lormee
967 1698 1056 1770 atque
1079 1690 1286 1771 appellationes

129 1794 316 1856 introducere
329 1809 480 1873 novaeque
493 1791 649 1872 religiones
668 1791 706 1854 iia
723 1811 798 1872 quae
811 1792 970 1873 antiquitus
989 1799 1124 1875 receptae
1137 1802 1220 1857 eram
1233 1793 1285 1856 arl-

128 1896 260 1975 iungere.
289 1895 326 1957 lli
341 1895 429 1967 enm,
444 1912 461 1956 a
476 1893 582 1974 quibus
597 1894 701 1956 matris
716 1894 841 1958 morum
860 1903 911 1958 aut
925 1894 1039 1959 Saluuii
1054 1914 1136 1958 eaera
1151 1896 1286 1961 inetitue-

127 2000 249 2075 bantur,
268 1998 312 2061 eie
329 1997 412 2061 laeile
432 2016 465 2059 ee
480 1996 634 2059 defendere
648 2004 797 2075 poterant,
815 2005 849 2060 ut
861 1996 935 2060 nihil
949 2015 966 2059 a
981 2015 1014 2059 ee
1028 1997 1141 2060 detrahi
1155 2007 1286 2061 veterum

128 2104 253 2164 deorum
267 2099 384 2174 leonori,
398 2099 450 2161 aed
464 2099 533 2161 addi
546 2099 646 2180 potius
660 2098 768 2179 aliquid
782 2098 926 2163 linerent:
938 2116 1008 2162 nam
1023 2107 1146 2163 matrem
1162 2100 1286 2165 deornm

127 2205 252 2269 eandem
266 2222 334 2267 esee
347 2220 435 2284 qnam
451 2202 576 2275 linem,
597 2200 753 2265 Saliarium
768 2219 835 2264 eoae
847 2200 1022 2282 biennum,
1040 2219 1137 2282 neque
1150 2201 1286 2267 dubitan-

128 2310 201 2372 dum
215 2325 295 2382 eene,
314 2305 387 2386 quin
401 2305 441 2367 dii
455 2304 512 2384 ipei
528 2311 610 2367 tanto
632 2304 727 2383 magle
747 2303 944 2384 placarentur,
964 2311 1073 2383 quanto
1095 2304 1229 2385 pluribus
1243 2306 1287 2366 vel

127 2409 300 2474 nominihus
314 2409 528 2478 minuerentur,
545 2406 588 2468 vel
601 2405 708 2468 ritibrm
722 2424 757 2469 ae
771 2406 956 2469 caerimoniis
967 2405 1140 2471 colerentur.
1169 2406 1221 2470 Sie
1232 2407 1287 2487 igi-

128 2524 177 2577 tur
190 2512 270 2577 anim
288 2518 400 2573 veterae
418 2508 609 2571 Athenienses
628 2507 807 2582 indicarunt,
822 2527 944 2589 eamque
959 2509 998 2571 ob
1013 2528 1131 2573 caueam
1144 2527 1221 2575 nore
1237 2529 1285 2573 ea-

127 2633 179 2677 era
192 2630 255 2675 nou
269 2612 492 2694 prohibuerunt,
506 2610 564 2671 uisi
579 2610 605 2671 ei
619 2627 652 2670 ea
666 2609 712 2670 vel
727 2609 844 2671 officere
858 2609 1003 2673 veteribus
1015 2610 1205 2691 religionibus
1219 2630 1285 2674 eea-

127 2736 186 2798 ‹pae
200 2715 232 2779 in
246 2722 446 2795 oontempturn
461 2713 612 2783 adducere,
628 2711 672 2772 rel
692 2729 883 2792 eorrumpere
896 2713 1050 2776 hominum
1065 2732 1164 2777 morea
1178 2722 1208 2777 (a
1221 2732 1286 2776 see-

126 2818 239 2880 leribue
253 2825 339 2897 atque
353 2814 468 2894 flagitiis
483 2812 732 2893 opportunitatem
751 2812 821 2875 dere
835 2824 997 2878 eenaerent
1025 2816 1107 2879 llane
1121 2816 1200 2879 enim
1216 2833 1285 2878 eatr-

127 2939 194 2984 sam
219 2919 311 2983 lrrieee
334 2917 478 2990 ridemus,
498 2934 551 2977 eur
568 2915 713 2995 Phrygem
734 2914 824 2978 istum
845 2925 1050 2998 melragprtam
1068 2919 1099 2980 in
1113 2917 1284 2982 barathrum
1304 2926 1335 2977 15

200 3179 239 3245 le)
259 3177 330 3245 Quod
351 3176 454 3228 Serviue
470 3175 518 3241 ait,
537 3176 567 3226 utl
585 3173 661 3239 Verg.
678 3174 742 3225 Aen.
760 3172 827 3241 Vlll,
852 3175 913 3227 187:
934 3175 1060 3229 Cautum
1081 3177 1185 3230 luerat
1206 3181 1284 3245 uputl

126 3264 356 3328 Athenienses,
377 3278 413 3313 ue
435 3261 505 3328 quie
527 3277 624 3312 novae
645 3261 869 3312 introduceret
884 3261 1073 3327 religiones:
1090 3266 1167 3315 uude
1184 3264 1283 3316 etSe-

126 3357 236 3402 erater
249 3350 412 3399 damnatur
425 3355 485 3400 eet:
499 3364 546 3398 uon
560 3354 600 3399 eat
611 3349 757 3410 verendum,
771 3362 802 3396 re
814 3347 869 3412 qula
882 3348 947 3397 luno
959 3354 1050 3400 testem
1063 3350 1214 3418 loeuplateru
1226 3365 1283 3403 eree

126 3435 223 3486 eredat

198 3537 237 3599 llll
255 3536 380 3603 Joeeplur
397 3536 494 3602 quidam
510 3535 528 3587 l.
542 3536 559 3586 l.
573 3535 672 3587 Socrati
684 3534 759 3586 οῐὸιιι
776 3535 823 3585 loe
834 3533 930 3587 arimini
941 3536 1026 3587 dutum
1037 3538 1126 3601 eretlit,
1138 3539 1204 3605 qnod
1215 3539 1283 3591 laee-

126 3624 181 3674 litie
198 3623 342 3689 quibusdam
360 3628 387 3671 et
402 3622 466 3671 eatis
478 3620 546 3671 mitia
560 3621 621 3671 iuria
634 3620 731 3670 iurandi
744 3620 857 3670 lormulie
869 3626 993 3685 uteretur,
1006 3622 1104 3674 aeilieet
1115 3624 1179 3689 quod
1189 3640 1283 3689 ennena,

125 3723 254 3772 nueeren,
267 3708 392 3774 platanum
409 3707 493 3774 potina
510 3722 581 3773 quam
598 3708 660 3757 neue
676 3711 855 3756 antestaretur.
881 3704 916 3755 Et
933 3705 1034 3758 inerunt
1050 3707 1124 3757 etium
1136 3708 1192 3770 alii,
1206 3710 1246 3774 qui
1259 3709 1283 3759 iel

125 3808 184 3843 euna
197 3793 221 3842 in
234 3792 408 3843 contumeliam
426 3792 529 3841 oleorum
542 3790 634 3841 feriare
651 3791 824 3857 opinarentur,
840 3791 912 3842 velut
927 3789 1036 3842 Tertull.
1054 3793 1127 3860 Apol.
1140 3808 1162 3842 e.
1175 3790 1213 3843 lt.
1225 3792 1281 3843 adv.

125 3885 178 3929 nat
192 3894 214 3927 o.
229 3877 268 3926 10.
280 3877 394 3928 Luctant.
408 3876 437 3926 ll.
450 3873 469 3925 l.
483 3874 521 3940 lll,
535 3874 574 3941 20,
590 3875 629 3925 15.
658 3876 707 3926 Setl
719 3875 782 3927 leeit
793 3876 840 3927 hoe
852 3878 935 3943 potina
948 3877 979 3926 olo
991 3878 1159 3930 reverentiam
1171 3879 1282 3943 deornm,

126 3978 156 4013 ne
169 3963 196 4012 iu
209 3962 328 4013 eiusmodi
341 3960 557 4024 affirmationibus,
570 3960 657 4027 qnalea
669 3962 693 4010 in
707 3962 850 4027 quotidiano
863 3976 978 4013 sermone
991 3964 1066 4015 etiam
1078 3965 1109 4016 tle
1121 3963 1196 4015 rebar
1208 3979 1283 4032 raepa

125 4048 263 4098 levissimis
275 4045 392 4112 usurpari
404 4043 633 4109 aolebautillorum
645 4045 782 4097 ueminilme
795 4053 891 4098 temere
903 4054 930 4099 et
938 4056 1041 4116 praeter
1050 4052 1226 4103 neeeeritatear
1238 4049 1283 4101 ab·

125 4138 250 4182 uteretur.
284 4131 393 4183 Veteres
406 4131 452 4197 ipei
466 4131 604 4181 huiusmodi
621 4130 812 4199 alllrmntiouea,
826 4148 888 4198 quae
901 4132 1005 4184 sormam
1018 4141 1121 4199 motum,
1134 4153 1182 4186 uon
1196 4136 1244 4186 vim
1257 4143 1284 4187 et

125 4225 240 4269 naturam
259 4217 320 4266 iurie
340 4217 438 4266 iurandi
455 4216 559 4282 habeut,
576 4214 789 4267 allhndamantho
806 4226 954 4286 praeceptae
972 4219 1073 4270 volunt:
1092 4221 1281 4285 autumabant,

124 4310 154 4353 ut
165 4317 209 4353 eae
221 4302 252 4352 ud
265 4309 432 4367 contemptum
449 4302 552 4353 deorum
565 4308 680 4368 opertere
699 4302 860 4352 credideriut.
884 4302 921 4354 Gi,
938 4304 1063 4371 Lueaulx,
1081 4305 1140 4358 Der
1156 4306 1214 4358 nit
1233 4305 1282 4356 bei

123 4387 185 4437 deu
198 4385 366 4448 Grieelreu,
381 4386 404 4436 in
418 4387 567 4436 eolleetioue
582 4386 692 4453 opuscul.
717 4386 846 4437 Studien
864 4388 918 4438 elea
932 4389 1131 4443 elaaeieellen
1144 4391 1283 4443 Alterth.

124 4487 148 4537 p.
162 4469 212 4519 200
225 4487 262 4537 eq.
