3276 5144
704 478 856 576 geq-

192 670 277 734 bane·
290 668 417 734 iormam
437 667 623 751 pronominis
642 667 730 731 etiam
750 667 901 730 indefinito
926 674 1015 747 atque
1040 665 1244 748 interrogativo
1263 682 1354 729 sensu

192 773 331 855 usurpari
351 772 549 849 ridemusss).
578 772 616 834 Et
635 770 787 834 indefinita
807 772 926 853 quidem
944 769 1116 850 significatio
1139 776 1194 842 est,
1216 768 1269 831 ubi
1282 767 1354 831 iilud

194 877 313 959 quidem
328 876 504 956 eloquimur,
521 874 566 955 agi
580 874 689 956 aliquid
703 882 754 936 aut
768 883 865 936 astum
877 892 942 936 esse
957 880 1009 935 aut
1019 880 1117 935 aetum
1127 872 1173 943 iri,
1188 871 1354 935 subiectum

193 986 292 1042 autem
307 985 359 1042 eut
370 978 517 1039 obiectum
528 976 651 1039 arbonis
663 976 732 1057 quid
745 978 784 1039 sit
794 985 845 1039 aut
855 976 1004 1039 nescimus
1014 975 1081 1058 ipsi,
1097 983 1148 1038 aut
1159 983 1238 1037 oerte
1248 982 1354 1036 notum

192 1080 289 1144 iacere
304 1080 429 1143 auditori
445 1087 496 1142 aut
510 1079 650 1142 nolumus
665 1087 791 1142 autnon
806 1096 976 1163 possumus,
991 1078 1117 1158 ideoque
1130 1077 1161 1137 in
1176 1076 1288 1138 incerto
1304 1094 1354 1138 re·

192 1184 364 1264 linquimus.
387 1182 473 1257 Quod
495 1200 586 1262 quum
602 1190 702 1243 tamen
716 1182 787 1243 huic
800 1182 913 1244 incerto
928 1181 1059 1243 subiecto
1074 1190 1125 1242 aut
1142 1178 1257 1241 obiecto
1276 1178 1355 1240 desi·

193 1285 309 1366 gnando
324 1284 353 1346 id
369 1302 534 1366 pronomen
550 1284 731 1357 adhibeatur,
743 1284 823 1365 quod
839 1285 908 1346 alias
924 1282 1169 1346 demonstrationi
1183 1281 1314 1354 inservit,
1324 1279 1354 1342 id

193 1388 331 1469 equidem
344 1406 398 1469 pro
410 1389 589 1450 documento
604 1404 668 1448 esse
683 1385 819 1459 arbitror,
836 1387 891 1448 illis
906 1387 957 1467 qui
967 1386 1011 1448 sio
1020 1385 1217 1467 loquebantur
1227 1384 1355 1445 demon-

193 1490 368 1553 strationem
388 1492 536 1573 quandam
555 1509 594 1552 ne
608 1488 645 1550 ab
659 1489 715 1551 hae
728 1488 848 1570 quidem
867 1489 1018 1550 indefinita
1038 1488 1237 1568 designatione
1252 1486 1355 1549 abesse
1416 1501 1420 1509 ·

192 1593 283 1655 risam
302 1610 377 1655 esse.
407 1593 509 1673 Neque
528 1592 558 1654 id
578 1592 735 1655 immerito.
765 1591 884 1653 Etenim
904 1591 961 1652 boc
979 1591 1083 1653 saitem
1106 1590 1354 1652 demonstramus,

192 1696 339 1758 obversari
365 1695 451 1758 nobis
477 1702 506 1757 et
528 1696 716 1775 cogitandum
736 1714 801 1757 esse
825 1695 861 1756 ab
887 1693 1020 1756 auditore
1039 1711 1104 1756 rem
1122 1701 1175 1755 aut
1188 1710 1354 1774 personam,

193 1799 355 1879 quaemus,
377 1798 414 1860 de
429 1817 486 1878 qua
501 1799 660 1880 loquimur,
680 1799 802 1861 aetionis
816 1798 980 1860 subiectum
996 1805 1047 1859 aut
1062 1796 1208 1859 obiectum
1224 1795 1279 1871 sit3
1301 1794 1353 1857 sed

193 1919 297 1963 manea
311 1902 383 1964 haec
398 1902 609 1965 demonstratio
624 1910 654 1963 et
668 1903 839 1983 imperfecte
855 1906 911 1975 est,
926 1908 1028 1981 utpote
1040 1918 1114 1980 quae
1126 1916 1232 1979 nsque,
1247 1906 1282 1959 ut
1292 1896 1354 1978 pri·

193 2003 292 2066 mitira
306 2003 363 2076 illa,
386 2004 417 2065 in
431 2022 494 2065 rem
510 2013 561 2066 aut
575 2022 732 2085 personam
747 2012 933 2085 praesentem
953 2002 1095 2073 auditoris
1110 2000 1210 2063 oeulos
1226 2004 1277 2062 aut
1290 1999 1354 2061 ani·

193 2124 277 2168 mum
297 2106 409 2187 dirigat,
436 2123 533 2186 neque
551 2114 585 2168 ut
598 2107 728 2180 relativa,
748 2106 854 2187 prioris
874 2105 993 2167 notitiae
1012 2104 1169 2166 admoneat
1185 2112 1236 2165 aut
1249 2102 1354 2165 subse·

194 2216 334 2289 quentem
360 2208 511 2272 attendere
536 2209 649 2283 iubeat,
676 2208 727 2272 sed
747 2204 889 2272 hactenus
909 2212 1024 2270 tendam
1044 2226 1108 2269 rem
1128 2214 1179 2269 rut
1196 2223 1354 2286 personam

193 2309 335 2391 designet,
357 2318 502 2393 quatenus
522 2313 643 2375 aetionis
665 2313 831 2375 subiectum
846 2319 897 2374 aut
911 2310 1058 2373 obiectum
1074 2310 1121 2372 sit.
1151 2308 1253 2390 Neque
1267 2309 1356 2390 igitur
1406 2385 1409 2389 ἵ

194 2413 352 2495 quiequam
367 2414 423 2477 hae
437 2414 688 2478 demonstratione
700 2415 836 2489 efficitur,
851 2414 909 2476 nisi
920 2420 954 2476 ut
965 2413 1083 2477 auditor
1092 2411 1211 2475 telisrei
1223 2416 1274 2474 aut
1285 2430 1354 2493 per·

193 2534 284 2578 sonas
299 2517 452 2580 notionem
468 2519 624 2600 concipiat,
639 2520 668 2581 in
685 2537 773 2600 quam
788 2518 836 2580 illa
850 2517 926 2581 aetio
941 2518 1043 2579 eadere
1057 2514 1161 2598 possit,
1182 2534 1256 2595 quae
1271 2514 1354 2577 notio

193 2637 284 2701 quam
298 2620 357 2682 lete
375 2627 464 2702 patet,
485 2628 547 2684 tam
567 2622 625 2684 late
640 2621 728 2683 etiam
744 2620 1022 2683 demonstrationem
1038 2619 1125 2681 istam
1141 2622 1241 2700 patere
1257 2617 1355 2680 mani-

193 2721 303 2783 iestum
319 2729 373 2796 est,
394 2729 430 2785 ut
443 2740 504 2785 non
517 2724 668 2785 immerito
682 2723 797 2785 infinita
811 2742 838 2784 v.
853 2721 1003 2784 indefinita
1018 2741 1083 2784 esse
1099 2720 1221 2792 dicatur,
1242 2738 1355 2802 prono-

193 2840 323 2904 menque
343 2825 373 2885 in
393 2824 443 2886 tali
465 2825 716 2888 demonstratione
737 2831 910 2905 usurpatum
930 2842 993 2886 non
1014 2825 1073 2888 iam
1092 2824 1354 2886 demonstrativum

194 2923 247 2987 sed
261 2925 447 2989 indefinitum
463 2935 593 2990 vocetur.
614 2929 751 2991 Ceterum
767 2946 826 3009 quo
841 2926 933 3007 magis
949 2927 1098 2989 indefinita
1109 2927 1172 2989 eius
1183 2925 1355 3007 signidsatio

194 3038 380 3109 agnoscatur,
396 3029 485 3091 etiam
500 3031 618 3111 signum
633 3031 784 3112 quoddam
803 3030 923 3112 praefigi
937 3030 1023 3102 solet,
1043 3027 1107 3102 ali,
1126 3047 1168 3091 ex
1181 3027 1357 3108 pronomine

194 3131 295 3193 alius
310 3131 389 3208 baud
405 3132 493 3195 dubie
509 3134 610 3215 petito,
634 3134 717 3196 ouius
732 3134 805 3195 haee
813 3133 857 3195 ris
871 3139 925 3205 est,
940 3136 975 3194 ut
989 3149 1048 3192 non
1059 3148 1149 3193 unam
1166 3137 1277 3192 sertam
1292 3148 1357 3191 rem

194 3240 246 3296 aut
264 3252 424 3315 personam
447 3235 634 3299 manifestam
653 3236 750 3311 faeiat,
771 3235 822 3297 sed
843 3254 879 3297 ex
898 3233 1035 3296 universo
1050 3250 1158 3313 genere
1172 3252 1207 3294 aa
1220 3233 1358 3294 multitu-

194 3336 262 3399 dine
278 3336 390 3400 infinita
405 3338 449 3399 vel
464 3337 541 3401 hano
555 3339 599 3400 vel
614 3339 694 3401 iilam
710 3339 829 3418 eogitari
844 3336 953 3399 iubeat.
967 3370 1009 3383 ·—
1023 3335 1084 3398 lam
1101 3336 1137 3398 de
1151 3335 1358 3416 interrogativa

193 3438 328 3501 eiusdem
343 3440 528 3521 pronominis
543 3440 754 3519 significatione
765 3439 923 3501 videndum
935 3444 990 3510 est,
1007 3438 1043 3499 de
1058 3456 1115 3519 qua
1126 3438 1285 3519 plerosque
1295 3454 1358 3499 non

194 3549 274 3605 recte
293 3542 422 3604 iudicare
441 3542 536 3617 rideo,
562 3561 656 3625 quum
677 3563 714 3607 ea
734 3544 942 3622 interrogativa
956 3540 1149 3612 indefinitam,
1169 3558 1228 3603 non
1244 3547 1357 3610 eontra,

195 3644 381 3707 derivandam
407 3662 472 3707 esse
497 3645 664 3727 opinentur.
704 3644 733 3708 Is
759 3664 843 3708 error
862 3663 922 3726 quo
941 3643 1050 3705 oertius
1074 3642 1275 3723 redarguatur,
1301 3644 1359 3706 hee

267 3780 308 3843 12)
325 3780 448 3833 Leviores
461 3782 580 3849 quasdam
591 3784 617 3834 in
628 3783 716 3852 paneis
728 3782 830 3834 casibus
841 3782 993 3833 mutationes
1006 3794 1200 3832 commemorare
1209 3778 1255 3831 vix
1266 3794 1357 3847 operae

195 3866 305 3934 pretinm
326 3865 413 3919 inerit.
436 3867 500 3920 Nam
521 3870 586 3936 quod
607 3869 633 3920 in
655 3869 773 3920 nominat.
790 3869 857 3935 sing.
879 3865 937 3920 iem.
955 3875 982 3920 et
998 3866 1063 3933 plur.
1079 3873 1161 3917 neutr.
1178 3880 1357 3932 saepenumero

195 3969 245 4005 non
266 3967 342 4019 quae
364 3954 408 4004 aed
429 3968 487 4019 qua
508 3955 609 4019 dieitur,
630 3971 679 4005 non
700 3970 761 4006 sane
778 3954 868 4006 mirum
880 3960 921 4004 est
932 3952 1077 4003 indefinitae
1089 3950 1268 4017 significationi
1279 3953 1358 4004 etiam

195 4039 342 4092 debiliorem
358 4039 465 4092 formam
481 4040 673 4091 accommodari.
696 4039 883 4091 Nominatirum
900 4038 1030 4090 indefinito
1046 4043 1074 4088 et
1084 4037 1269 4102 interrogativo
1281 4052 1358 4089 seusu

196 4125 262 4193 apud
282 4126 440 4192 antiquiores
460 4125 507 4176 vix
529 4125 615 4177 rarius
634 4125 686 4191 qni
699 4139 771 4190 qnam
783 4125 852 4191 quis
864 4140 922 4175 erse
933 4124 1062 4187 ridentum
1083 4137 1129 4175 nee
1141 4123 1232 4174 desunt
1243 4120 1357 4190 exempta

197 4209 293 4262 formae
314 4212 383 4278 quir
404 4212 481 4263 οῒίαπι
501 4209 612 4263 relativo
633 4211 739 4277 qnodarn
759 4212 833 4262 modo
854 4217 1000 4277 usurpatae.
1023 4206 1062 4260 Gi.
1077 4208 1211 4261 Animadv.
1228 4215 1308 4261 nostr.
1325 4210 1357 4260 ad

196 4303 261 4349 vett.
279 4312 384 4362 mamm.
397 4298 479 4348 doctr.
493 4296 524 4347 de
536 4296 646 4349 artiento
657 4313 682 4363 p.
695 4294 736 4348 27.
759 4295 871 4362 Denique
884 4295 955 4362 quid
966 4311 1013 4362 pro
1025 4295 1103 4362 qued
1115 4294 1268 4346 discriminis
1281 4309 1357 4346 eausa

196 4382 248 4433 diei
268 4380 376 4449 pluerit,
397 4389 475 4451 prout
484 4397 621 4449 pronomen
634 4388 680 4433 aut
690 4380 771 4433 solum
785 4383 879 4448 absque
892 4383 991 4433 nomine
1003 4380 1143 4448 ponebatur
1153 4388 1198 4433 aut
1209 4379 1302 4433 nomini
1313 4396 1358 4449 ep·

195 4465 347 4537 plteabatur,
359 4468 384 4521 b.
396 4484 419 4521 e.
432 4476 476 4521 ant
487 4468 643 4522 substantivi
654 4474 699 4519 aut
709 4468 831 4521 adieetivi
841 4468 925 4520 instar
936 4476 1001 4521 erat.
