3178 5136
656 498 718 563 229

589 586 790 597 -..---.-

124 682 225 766 pbrosts‘
234 684 350 767 placitis
365 687 531 759 dissentire,
546 704 632 769 paee,
652 686 729 767 proed
748 686 787 747 od
800 688 879 767 e‘psm
892 688 1046 748 ememor
1061 690 1168 759 maaet,
1183 706 1265 749 mm-

124 792 210 849 ssotin
226 789 292 851 lade
308 789 355 865 (h.
371 808 397 850 e.
412 808 431 850 e
446 788 652 871 Xenophontis
673 789 882 866 oeconomico)
897 792 1018 870 repetito
1031 799 1108 861 sant,
1124 807 1158 851 oc
1173 793 1267 870 οιοςίε

123 894 226 952 mono
244 902 409 953 ιειινοναικ
428 895 487 970 (so
503 892 709 955 oeconomicae
728 891 936 972 scriptorum).
964 890 1070 953 Omnes
1089 896 1166 953 earm
1184 896 1269 971 qood

123 992 185 1053 abst
199 996 407 1066 r'ammtomt,
428 995 659 1076 meconidem
678 997 765 1056 enom
787 992 999 1075 Theophrastus
1018 994 1054 1055 ob
1075 1013 1108 1056 eo
1130 995 1176 1072 (h.
1203 1014 1266 1055 ea

123 1096 319 1176 linophonte)
339 1100 373 1158 ιἰι
387 1100 493 1177 poscas
512 1097 663 1179 discrepat.
698 1095 780 1170 Ταῖς
800 1088 992 1176 δυνάμεσιν,
1012 1095 1037 1157 εἰ
1057 1097 1174 1177 quidem
1194 1096 1266 1159 haec

119 1197 189 1258 lario
203 1206 280 1259 certa
295 1206 354 1273 est,
368 1198 440 1259 nihil
450 1198 527 1260 aliud
544 1198 707 1277 significare
720 1195 837 1278 poterit,
853 1216 942 1277 quam
957 1198 1036 1278 quod
1050 1218 1067 1260 a
1081 1217 1130 1261 me
1140 1218 1263 1279 expres-

119 1317 173 1361 sum
186 1309 235 1361 est.
259 1298 329 1361 Non
344 1299 486 1362 absimilis
502 1299 635 1362 vocabuli
648 1306 780 1380 potestas
796 1306 841 1361 est
855 1300 933 1380 apud
945 1298 1066 1363 Sextum
1080 1301 1263 1382 Empiricum

118 1402 168 1463 adr.
180 1401 313 1464 ldathem.
336 1401 401 1477 vll,
417 1402 469 1476 16,
484 1401 535 1465 nbi
555 1402 635 1465 Plato
656 1402 760 1464 dicitnr
780 1420 896 1477 eorum,
919 1402 969 1484 qni
993 1403 1211 1484 philosophiam
1231 1404 1262 1465 in

118 1504 263 1583 physicam,
288 1504 417 1567 ethicam
437 1511 466 1566 et
489 1504 611 1584 logicam
639 1504 814 1579 diviserunt,
836 1497 975 1585 δυνάμει
995 1495 1146 1589 ἀρχηγός,
1170 1524 1260 1586 quum

117 1600 262 1689 δανότατα
280 1606 477 1679 Xenocrates,
496 1604 679 1687 Peripatetici
699 1614 728 1668 et
746 1606 837 1669 Stoici
856 1608 933 1669 hanc
952 1607 1126 1669 divisionem
1146 1626 1260 1689 propo-

117 1710 217 1771 suerint
247 1707 371 1771 Scilicet
385 1708 465 1788 quod
480 1708 564 1770 Plato
578 1708 752 1789 praeiverat,
773 1708 799 1771 si
819 1709 885 1790 quis
899 1726 962 1772 rem
977 1710 1072 1790 ipsam
1092 1728 1126 1772 ac
1140 1718 1260 1772 senten-

29 1876 30 1879 ,
117 1808 174 1871 tiam
186 1817 304 1891 spectet,
317 1810 350 1872 id
362 1809 401 1871 illi
412 1808 549 1871 disertius
565 1809 663 1871 verbis
678 1810 808 1890 eloquuti
819 1818 897 1873 sunt
925 1811 999 1873 Imm
1010 1811 1087 1892 apud
1099 1812 1260 1875 Eusebium

117 1911 202 1993 Praep.
216 1931 322 1993 euang.
340 1911 417 1985 xlv,
434 1911 486 1987 18,
497 1903 724 1995 Ἀρίστιππος
738 1904 834 1975 οὐδὲν
847 1907 883 1975 ἐν
895 1909 943 1996 τῷ
958 1910 1091 1998 φανερῷ
1106 1908 1185 1997 περὶ
1204 1909 1259 1977 τέ-

115 2011 179 2090 λους
190 2010 372 2093 διελέξατο,
389 2009 527 2095 δυνάμει
543 2009 580 2077 δὲ
593 2011 650 2099 τῆς
665 2007 876 2097 εὐδαιμονίας
886 2011 946 2099 τὴν
956 2008 1142 2079 ὑπόστασιν
1153 2008 1260 2098 ἐῖεγεν

115 2109 289 2200 ῖνῆδοναῖς,
319 2117 492 2198 Aristippus
507 2135 597 2198 quum
612 2117 685 2179 nihil
698 2118 954 2181 definebonorum
970 2118 1078 2198 apertis
1092 2118 1188 2180 verbis
1203 2121 1259 2180 do-

115 2228 186 2296 ceret,
197 2229 304 2295 nmen,
321 2220 349 2282 si
365 2220 431 2301 onis
446 2221 504 2282 mm
520 2227 549 2281 et
564 2221 736 2284 sententiam
751 2239 864 2295 eornm,
879 2238 953 2300 quae
965 2220 1073 2295 docuit,
1085 2221 1258 2297 consideret,

114 2320 209 2385 Mum
223 2324 316 2386 vitam
330 2322 528 2404 voluptatibus
543 2331 677 2387 constare
691 2323 771 2387 dixit
790 2358 831 2368 -
858 2313 1006 2384 Ἐκεῖθεν
1025 2324 1102 2403 apud
1119 2324 1257 2386 Philode·

113 2444 179 2488 nnm
193 2428 228 2490 ad
243 2427 454 2508 Xenophontis
471 2428 693 2489 oeconomicum
709 2427 857 2508 pertinere
871 2427 1059 2489 manifestum
1074 2435 1133 2489 est:
1149 2427 1185 2489 de
1200 2428 1258 2491 hoc

113 2532 175 2591 enim
192 2531 223 2592 iu
242 2529 401 2612 superiore
422 2529 544 2610 periodo
559 2530 687 2594 dixerat:
714 2521 809 2593 οὐδὲν
834 2520 885 2592 ἔτι
906 2525 958 2592 δεῖ
982 2522 1258 2613 προσδιατρίβειν

111 2631 169 2707 τοῖς
180 2630 396 2718 Ξενοφῶντος
411 2623 639 2713 οἰκονομικοῖς.
670 2634 765 2708 Quam
784 2651 852 2696 vere
871 2640 967 2695 summ
984 2633 1179 2714 Theophrasti
1193 2634 1257 2715 ple·

111 2752 196 2814 nque,
211 2737 236 2797 si
251 2734 322 2816 quis
335 2729 395 2809 τοῖς
409 2727 565 2815 δυνάμεις
578 2743 698 2816 spectet,
713 2756 729 2798 e
743 2735 949 2816 Xenophontis
965 2735 1157 2797 oeconomico
1173 2754 1257 2798 snm-

111 2838 198 2900 naum
216 2836 359 2899 omnem
379 2830 703 2922 (κεκεφαλαιωμένα)
724 2838 873 2912 dicantur,
892 2838 936 2900 vel
956 2858 991 2899 ex
1005 2837 1041 2900 iis
1056 2855 1129 2917 quae
1146 2840 1257 2917 passim

29 3012 30 3019 ἵ
111 2957 186 3019 supra
200 2961 217 3003 a
231 2938 323 3002 nobis
344 2948 572 3002 commemorata
592 2950 662 3003 sont
680 2940 751 3003 satis
771 2948 906 3021 apparet¹
919 2942 959 3017 ⁴).
988 2939 1257 3020 ldemqueetisma

29 3024 30 3041 ¹
110 3042 198 3105 cetenis
217 3041 430 3105 oeconomicae
455 3041 649 3123 scriptoribus
673 3044 781 3105 iactum
808 3060 874 3104 esse
898 3059 960 3102 non
982 3040 1176 3122 improbabile
1198 3049 1255 3103 est:

110 3146 292 3224 quamobrem
316 3145 348 3206 hi
373 3144 428 3207 dici
448 3153 609 3225 potuerunt
629 3148 715 3227 paesi
730 3144 806 3207 nihil
825 3144 1005 3207 immutasse.
1039 3144 1126 3219 Quod
1142 3135 1256 3226 ὥσπερ

109 3249 252 3324 posumus
267 3238 378 3329 prooig
389 3238 481 3331 ὑπέρ,
497 3248 666 3310 uiolentiam
682 3256 758 3310 certe
769 3247 939 3315 mutationis
951 3248 1081 3310 accusari
1091 3265 1154 3310 non
1165 3266 1256 3327 posse

110 3350 289 3413 confidimns:
306 3358 335 3412 et
349 3341 464 3434 ὥσπερ
479 3340 587 3424 οὐδέν,
604 3349 669 3412 licet
683 3350 814 3431 exempla
825 3351 911 3431 plane
922 3351 1047 3429 gemina,
1063 3350 1168 3431 quibus
1183 3350 1255 3412 haec

29 3484 30 3505 ι
110 3450 162 3531 ipsa
172 3454 324 3534 utriusque
340 3451 420 3515 vocis
437 3451 617 3514 consociatio
633 3451 789 3533 probetur,
805 3470 867 3513 non
882 3452 911 3513 in
927 3461 1067 3533 prompto
1082 3452 1150 3527 sint,
1166 3462 1255 3534 potn-

110 3552 160 3616 isse
171 3564 269 3618 amen
284 3553 341 3617 dici
350 3572 439 3617 nemo
456 3553 537 3617 facile
551 3555 675 3634 negabit,
691 3553 739 3634 qui
755 3573 818 3617 non
832 3574 899 3617 raro
914 3548 1028 3640 ὥσπερ
1043 3575 1097 3636 pro
1114 3561 1199 3637 quasi
1211 3556 1255 3618 vel

108 3660 307 3738 propemedum
321 3656 458 3739 usurpari
475 3657 649 3720 meminerit
680 3657 720 3720 Cf.
742 3657 896 3743 Heindorf,
913 3658 949 3720 ad
971 3658 1043 3720 Plat
1064 3658 1165 3738 Crstpl.
1188 3662 1205 3733 ξ
1223 3658 1251 3719 3.
1270 3670 1303 3721 κο

110 3756 198 3840 Neque
211 3754 452 3845 μετηλῖδχασιν
465 3779 521 3841 pro
534 3753 790 3844 pecatissimum
808 3761 970 3842 repositum
987 3761 1135 3823 offendere
1150 3780 1254 3841 quem-

110 3879 187 3939 qnam
205 3863 328 3943 poterit,
349 3881 440 3943 mum
461 3862 532 3925 nihil
552 3862 591 3924 sit
610 3862 640 3924 in
661 3860 810 3926 codicibus
830 3862 989 3926 httersrum
1011 3885 1033 3925 α
1051 3874 1081 3927 et
1094 3885 1142 3943 ευ,
1157 3887 1177 3944 χ
1193 3874 1255 3929 eta

170 4147 210 4207 111
226 4148 359 4201 Maximam
375 4149 455 4200 libelli
477 4149 550 4199 huius
566 4155 663 4215 partem
680 4146 873 4214 exenopbonte
890 4151 988 4201 ductam
1007 4165 1064 4200 esse
1080 4151 1257 4202 animadvertit

109 4230 176 4283 chum
188 4233 213 4284 (ἰ
225 4235 254 4286 11.
267 4234 329 4302 Rau,
340 4235 481 4286 Aestatem
494 4234 540 4286 der
552 4235 581 4287 V
581 4234 801 4302 othnoe'rtbschost
812 4235 894 4302 (Lips.
910 4235 999 4297 1821.)
1013 4252 1036 4301 p.
1050 4237 1078 4300 1,
1091 4237 1132 4287 αΙιί
1150 4239 1212 4287 hano
1224 4237 1255 4286 δε

29 4334 30 4337 ’
110 4327 136 4363 00
148 4321 292 4371 aumatium
303 4321 376 4373 dicit:
388 4320 450 4373 Mea
462 4322 557 4373 terme
567 4320 622 4372 dies
634 4319 766 4388 Bucbsie'r
776 4324 849 4372 τῖσαι
861 4324 973 4387 Ααεεας
983 4337 1032 4373 σαι
1044 4321 1193 4391 Xenophon,
1205 4326 1254 4372 mit

110 4395 196 4452 trecea
206 4420 251 4455 σαι
262 4405 308 4458 der
318 4406 532 4459 Aristomenem
543 4405 636 4457 Potae
647 4407 791 4471 cerhrri‘mt,
807 4406 892 4457 holten
898 4445 905 4469 ,
917 4423 992 4459 ιοοτα
1009 4407 1077 4458 hioss
1089 4411 1125 4458 im
1137 4407 1254 4458 eremana

110 4482 202 4554 Rapite!
209 4494 287 4544 cheae
297 4490 529 4559 Br'gcnthairnls'eher
541 4492 605 4543 ohne
616 4491 771 4544 beeoaderen
783 4490 823 4544 W
821 4491 879 4543 ενιδ
887 4491 1039 4557 gehommen
1052 4494 1095 4540 ist.
