3276 5144
855 474 919 540 206

813 561 964 574 —n—

305 670 362 732 nisi
376 676 551 733 connectere
564 668 623 731 boo
637 664 807 747 membrum
822 683 891 729 eum
905 663 1107 740 antecedente,
1122 664 1248 728 alterum
1264 682 1382 747 neque
1396 681 1467 727 sen·

304 774 426 835 tentiam
441 772 605 853 negativam
620 769 792 859 simpliciter
805 767 951 849 superiori
965 769 1081 843 addere,
1097 777 1140 843 ut,
1156 769 1182 831 si
1193 787 1296 851 graeca
1307 766 1380 830 haee
1393 784 1466 830 oon·

305 876 442 938 rutunda
457 875 526 949 sint,
542 892 604 937 non
618 863 694 936 aiae
716 905 758 918 -
779 862 855 934 οὔτε
876 873 929 935 sed
951 863 1082 935 οὐδέ-
1099 864 1179 935 οὐδέ
1191 871 1350 935 dicendum
1365 870 1463 932 fuerit

304 978 424 1059 Aliquot
443 995 505 1040 non
524 976 631 1039 diaeum
649 973 764 1056 generis
783 973 917 1056 exempla
936 973 1064 1037 Kritaius
1084 973 1209 1037 contulit
1227 975 1264 1037 ad
1279 973 1348 1035 Sall.
1364 973 1426 1036 Cat
1440 992 1466 1036 e

307 1080 357 1153 58,
376 1082 403 1154 1,
419 1080 469 1160 qui
484 1079 571 1142 etiem
586 1079 667 1140 buno
680 1076 773 1139 Taciti
787 1076 886 1139 locum
899 1083 979 1138 reete
990 1076 1198 1160 interpretatus
1210 1084 1270 1138 est:
1285 1094 1467 1158 enumquam

309 1200 385 1264 quos
401 1181 529 1244 conferri
543 1181 625 1243 iubet
639 1181 730 1253 loona,
745 1197 808 1261 oap.
825 1177 855 1252 8,
871 1177 901 1245 3.
919 1178 966 1252 18,
982 1178 1012 1241 3.
1028 1178 1080 1253 22,
1096 1182 1127 1253 l,
1142 1178 1216 1241 nihil
1237 1196 1416 1261 magnopere
1430 1178 1467 1241 ad

305 1302 369 1347 rena
388 1283 510 1356 laniunt,
531 1282 676 1363 siquidem
697 1278 729 1342 in
743 1280 825 1343 nullo
840 1298 945 1343 eorum
960 1288 1028 1362 post
1042 1281 1171 1364 priorem
1186 1282 1363 1344 sententiam
1378 1299 1468 1362 nega·
1550 1342 1556 1351 ,

305 1387 405 1460 tiram,
422 1404 477 1468 per
489 1404 601 1466 neque
616 1403 684 1448 orm
698 1383 939 1448 antecedentibus
950 1400 1066 1459 nexam,
1081 1383 1173 1447 altera
1183 1384 1255 1447 item
1267 1384 1401 1466 negativa
1414 1401 1468 1465 per

306 1508 423 1571 neque
439 1488 576 1550 adiuncta
589 1495 645 1549 ese
989 1512 999 1529 ·

392 1592 461 1674 Cap.
473 1591 524 1664 lx,
540 1592 575 1653 3:
590 1588 652 1652 ubi
667 1594 873 1652 conventus
889 1608 929 1651 ao
941 1587 1083 1653 iudicia
1098 1597 1313 1671 poscerent,
1329 1588 1467 1670 grauis,

306 1697 489 1768 intentus,
514 1712 668 1757 severus
689 1699 728 1754 et
747 1694 896 1774 saepius
916 1693 1152 1770 misericors3
1173 1693 1234 1756 ubi
1254 1692 1385 1756 oilieio
1407 1710 1467 1753 sa·

306 1799 514 1871 tisiaotum,
540 1796 641 1860 nulla
666 1795 764 1859 ultra
783 1796 990 1877 potestatis
1010 1815 1189 1878 persona:
1211 1796 1412 1859 tristitiam
1433 1800 1469 1856 et

307 1900 560 1980 arrogantiam
586 1907 623 1962 et
647 1899 840 1963 avaritiam
866 1907 1030 1962 exuerat.
1060 1900 1094 1962 ln
1114 1898 1272 1980 postremis
1292 1899 1388 1961 verbis
1407 1913 1468 1959 non

307 2004 417 2066 mirum
431 2011 478 2066 est
491 2004 602 2065 multos
617 2002 790 2064 offendisse:
807 2020 877 2063 nam
892 2002 942 2081 qui
956 2001 1074 2063 exuisse
1088 2002 1156 2064 vitia
1171 2002 1286 2074 dieitur,
1301 2001 1327 2062 is
1342 2020 1377 2063 ea
1391 2000 1423 2061 in
1437 2017 1469 2061 se

308 2107 445 2171 babuisse
470 2106 641 2187 mouendo,
663 2114 693 2167 et
711 2114 815 2188 postea
834 2106 956 2168 demum
976 2105 1148 2186 deposuisse
1169 2104 1330 2177 ridebitur,
1355 2102 1415 2175 rel,
1435 2108 1470 2165 ut

307 2209 427 2272 Weuius
449 2208 504 2283 eit,
525 2209 575 2288 qui
597 2208 665 2273 ritia
685 2208 829 2289 quaedam
850 2208 945 2279 eruit,
966 2209 992 2269 is
1011 2215 1097 2270 antea
1112 2208 1146 2270 iis
1161 2207 1334 2270 laboraverit
1347 2224 1468 2268 neeesse

308 2319 363 2374 est.
388 2312 444 2374 llio
457 2311 545 2391 igitur
558 2311 636 2374 bano
649 2318 742 2373 totam
757 2319 871 2391 partem
886 2317 1028 2391 mquam
1042 2310 1175 2391 spuriam
1190 2310 1348 2372 damnavit.
1375 2308 1468 2370 Oblo-

308 2415 411 2495 quitur
424 2415 568 2478 llritzius:
592 2462 610 2491 ‚,
621 2414 736 2478 exuisse
744 2421 763 2449 ‘⁴
783 2413 881 2494 inquit
901 2460 919 2488 ‚‚
930 2416 1002 2489 (nou
1022 2416 1142 2487 eruere)
1155 2431 1219 2474 rem
1235 2413 1342 2475 dieitur
1356 2411 1395 2484 is,
1416 2410 1468 2492 quii

308 2536 375 2580 eam
400 2535 479 2592 rem,
505 2536 594 2601 quam
617 2518 666 2580 alii
688 2517 811 2591 babent,
835 2517 866 2579 in
886 2536 918 2579 se
938 2532 1000 2578 non
1015 2516 1134 2578 admisit
1147 2532 1241 2597 eaque
1254 2516 1421 2577 immunem
1434 2532 1468 2575 se

308 2621 488 2703 praestitit“.
530 2621 729 2701 Similiterque
756 2619 845 2681 etiam
871 2619 917 2682 alii
944 2619 1014 2681 illud
1041 2619 1164 2681 verbum
1190 2617 1373 2699 interpretati
1398 2623 1469 2680 sunt

307 2741 432 2803 prorsus
452 2724 583 2804 neglecta
603 2721 721 2805 propria
735 2722 798 2784 eius
813 2729 844 2784 et
857 2722 953 2783 natiso
968 2721 1187 2802 significatione.
1215 2721 1307 2784 Nobis
1323 2720 1468 2783 veriorem

307 2826 581 2907 interpretationem
588 2824 707 2887 Tacitus
715 2824 778 2904 ipse
786 2828 967 2886 monstrasse
977 2825 1092 2888 ridetur
1104 2824 1198 2886 verbis
1209 2823 1466 2905 praeoedentibus:

309 2927 410 2991 nulla
434 2927 537 2990 ultra
560 2926 760 3008 potestatis
786 2944 962 3008 persona:
988 2944 1085 3008 neque
1111 2926 1188 2990 enim
1210 2927 1339 2989 dubitari
1360 2933 1466 3008 potest,

309 3031 378 3111 quin
395 3031 467 3093 baec
480 3047 660 3111 personae
674 3028 835 3092 similitudo
850 3029 938 3092 etiam
954 3030 985 3092 in
999 3029 1055 3103 bis,
1070 3048 1146 3110 quae
1157 3030 1297 3092 mntiuuo
1308 3028 1466 3102 adduntur,

308 3134 408 3196 animo
430 3133 492 3195 eius
513 3132 666 3195 obversata
685 3131 785 3193 fuerit.
814 3132 965 3195 luduende
985 3140 1049 3195 erat
1062 3132 1212 3214 Agricolae
1230 3131 1385 3213 potestatis
1398 3149 1467 3211 per-

308 3255 381 3299 sone
399 3237 451 3298 ubi
471 3236 659 3316 magistratus
679 3234 775 3306 officia
795 3242 966 3315 poscerent,
992 3253 1100 3317 resque
1118 3235 1183 3316 ipsa
1202 3234 1330 3307 ferebat,
1351 3242 1468 3296 utnon

307 3357 392 3411 raro,
413 3347 523 3419 quamo
544 3337 685 3401 intentius
706 3338 837 3401 iniuncto
856 3338 912 3400 sibi
931 3355 1055 3400 munere
1069 3338 1256 3417 iungeretur,
1276 3341 1359 3398 tanto
1374 3335 1468 3417 magis

308 3442 353 3516 iis,
369 3442 421 3522 qui
435 3441 565 3522 imperiis
579 3440 643 3503 eius
658 3441 822 3515 coercendi,
843 3440 1012 3520 castigandi,
1028 3440 1058 3503 in
1074 3440 1207 3502 ordinem
1222 3439 1346 3520 eogendi
1359 3445 1468 3512 essent,

308 3544 396 3607 etiam
412 3543 521 3619 tristis,
536 3560 686 3623 arrogans,
710 3561 827 3617 avarus,
843 3560 1024 3625 quamquam
1037 3560 1102 3605 non
1116 3547 1208 3616 esset,
1229 3562 1295 3604 esee
1309 3550 1411 3604 tamea
1423 3540 1469 3603 ri-

308 3647 437 3710 deretur.
473 3645 575 3727 ltaque
595 3645 714 3708 Tacitus
734 3662 796 3708 non
816 3646 976 3709 exuendi
993 3646 1083 3708 aerbo
1104 3645 1347 3725 significationem
1367 3643 1471 3707 tribuit

309 3746 345 3814 ab
365 3749 428 3811 eius
449 3757 553 3811 natura
575 3748 714 3824 adenem,
730 3750 781 3812 sed
796 3749 923 3812 breviter
937 3750 1000 3831 ipse
1013 3748 1151 3811 uitiorum
1166 3748 1288 3810 nemim
1302 3747 1401 3829 posuit
1415 3765 1470 3828 pro

308 3852 405 3935 speeie
424 3851 577 3924 vitiorum,
599 3870 668 3914 oum
688 3853 843 3933 potestatis
864 3870 991 3934 persona
1010 3852 1176 3914 coniuncta.
1211 3851 1308 3932 Atque
1328 3850 1370 3914 sio
1389 3849 1471 3912 buno

308 3956 408 4018 looum
423 3955 511 4017 etiam
528 3974 544 4017 a
558 3954 733 4017 Doederlino
754 3963 858 4018 nostro
872 3954 1048 4038 explicatum
1062 3954 1206 4016 videmus.
1235 3953 1363 4017 Alterius
1377 3953 1470 4014 inter-

308 4057 479 4140 pretationis
499 4067 647 4133 auctores,
671 4077 731 4140 qao
753 4076 838 4122 suam
861 4059 898 4121 de
917 4059 1008 4121 verbo
1027 4062 1181 4121 exuerat
1194 4056 1370 4119 sententiam
1385 4074 1471 4118 com-

308 4161 525 4244 pmmmnt⁸)‚
551 4160 631 4224 abad
655 4161 788 4224 eiusdem
814 4162 1033 4244 significationis
1059 4159 1227 4245 exemplum
1248 4158 1304 4222 sibi
1324 4158 1472 4222 invenbsa

379 4328 404 4395 3)
423 4327 666 4396 Plusqnanrperleoti
683 4331 797 4400 exempla
808 4347 823 4383 a
834 4330 929 4385 Rotbio
941 4331 1020 4384 citata
1031 4330 1129 4383 diversi
1139 4330 1240 4396 moeris
1252 4335 1319 4381 sunt.
1339 4327 1472 4393 Significa-

308 4422 353 4468 tur
369 4415 435 4467 enim
453 4432 519 4466 nune
531 4414 593 4467 nibil
606 4414 674 4468 eliud
688 4418 737 4469 nisi
748 4418 868 4471 celeritas
880 4417 1079 4470 consecutionis:
1097 4417 1197 4481 statim,
1213 4412 1288 4466 simul
1297 4411 1382 4466 officio
1395 4413 1472 4466 setis·

312 4499 420 4565 laetum,
437 4518 532 4553 emnem
550 4503 626 4553 etiam
639 4504 774 4571 potestatis
785 4518 917 4571 personam
930 4511 1032 4556 eruum
1045 4500 1133 4555 inisse.
1156 4499 1195 4553 Gi.
1207 4500 1305 4569 Zumpt.
1318 4498 1363 4554 Gr.
1375 4498 1401 4567 fl.
1414 4498 1473 4552 508.

309 4586 353 4638 Sic
365 4601 404 4655 ep.
417 4586 518 4641 Homer.
531 4586 560 4640 ll.
573 4586 593 4653 l,
605 4587 669 4640 221:
681 4584 698 4656 ἡ
711 4582 736 4641 d’
751 4584 938 4660 Οὔλυμπόνδε
945 4585 1061 4658 βεβήκει,
1071 4591 1103 4643 ed
1111 4602 1184 4657 quem
1192 4585 1241 4639 loo.
1251 4584 1473 4653 cbllregelsbaob.
