3178 5136
666 494 726 558 211

116 678 157 741 Ὦ
179 690 210 742 et
228 680 286 754 29,
311 681 360 744 uhi
385 683 487 745 civitas
511 678 608 768 φύσει
633 685 713 765 prior
737 703 803 746 esse
826 683 931 746 dicitur
954 682 1075 763 singulis
1099 685 1277 760 hominihus,

116 783 368 862 quemadmodum
389 793 485 849 totmn
504 786 587 867 prius
606 788 644 848 sit
663 786 796 867 partibus
817 786 893 861 suis;
914 787 993 848 nude
1011 788 1151 866 consequi
1172 788 1278 850 intelli-

116 885 201 964 gehat
224 887 317 949 etiam
340 888 431 950 domo
456 888 599 951 ciuitatem
623 889 752 969 priorem
778 888 940 951 habendam
966 908 1040 952 ease.
1076 890 1134 952 Sed
1157 891 1279 953 mutavit

117 998 219 1067 postea
235 991 280 1052 vir
294 989 483 1052 doctissimus
498 990 645 1063 iudicium,
662 998 691 1052 et
704 999 781 1052 recte
793 991 920 1071 quidem.
947 992 1020 1053 Nam
1033 992 1109 1054 alind
1121 1000 1164 1054 est
1178 985 1278 1077 φύσει

118 1084 283 1175 πρότερον
300 1079 399 1168 εἶναι,
419 1093 495 1155 alind
516 1089 648 1175 γενέσει.
685 1094 727 1154 hc
741 1086 839 1178 φύσει
854 1086 1015 1174 πρότερον
1033 1101 1127 1155 totum
1145 1094 1277 1175 partibus

118 1194 178 1255 anis
195 1212 253 1274 qna
269 1194 382 1256 ratione
398 1194 510 1258 dicatur
524 1214 586 1257 uon
603 1196 762 1258 obscurum
781 1203 834 1269 est
854 1195 1035 1275 breviterque
1049 1196 1135 1257 etiarn
1156 1216 1172 1259 a
1191 1195 1277 1258 nohis

119 1297 287 1375 expositum
307 1298 337 1358 in
357 1297 507 1378 Antiquitt
527 1299 582 1361 inr.
602 1299 684 1381 publ.
704 1298 754 1360 Gr.
771 1317 799 1379 p.
817 1298 867 1370 57,
889 1301 921 1373 43
942 1293 1065 1379 γενέσει
1083 1307 1180 1361 autem
1193 1300 1277 1380 prins

119 1416 183 1459 ease
203 1397 325 1473 dieitur,
348 1417 410 1461 nou
430 1401 508 1480 qnod
529 1402 594 1482 ipsa
614 1409 716 1464 natura
736 1421 769 1463 ao
788 1401 923 1475 notione,
947 1401 998 1462 aed
1024 1403 1103 1481 qnod
1127 1401 1278 1464 existentia

118 1499 201 1578 prius
220 1510 266 1561 eat
284 1502 425 1582 priusque
444 1503 474 1565 in
495 1515 686 1584 conspectum
705 1504 796 1565 venit:
822 1502 1013 1584 quamobrem
1033 1501 1063 1564 in
1083 1502 1224 1566 civitatem
1244 1524 1278 1566 ao

119 1600 241 1663 domum
261 1603 330 1665 illud
346 1606 444 1684 ipsam
460 1607 542 1681 eadit
562 1607 640 1687 qnod
657 1608 693 1669 de
708 1605 765 1669 alio
781 1622 879 1667 rerum
902 1622 1007 1685 genere
1021 1605 1190 1668 Aristoteles
1206 1624 1277 1686 pro-

118 1704 217 1867 pltetur
236 1703 324 1785 Phys.
344 1705 416 1779 Vlll,
439 1709 468 1781 7,
492 1705 533 1772 τὸ
555 1706 598 1794 τῇ
626 1702 748 1791 γενέσει
772 1700 907 1791 ὕστερον
930 1705 971 1793 σῇ
995 1702 1095 1794 φύσει
1119 1701 1279 1793 πρότερον

145 1826 213 1868 ναι.

202 1907 265 1970 lam
289 1909 326 1971 ad
354 1910 451 1991 ipsam
476 1914 695 1976 oeconomicam
720 1913 840 1994 eiusque
865 1914 945 1993 opus
975 1913 1102 1994 scriptor
1125 1916 1276 1989 accedens,

117 2012 248 2092 primum
265 2030 339 2091 qnae
353 2015 413 2076 sint
427 2023 524 2096 partes
540 2016 646 2078 domus
661 2016 794 2096 exponit:
815 2008 895 2100 μέρη
912 2008 950 2076 dd
969 2007 1078 2090 οἰκίας
1096 2005 1277 2100 ἅνθρωπός

116 2138 153 2181 τε
164 2113 225 2181 καὶ
239 2108 357 2205 κτῆσίς
371 2111 469 2180 ἐστιν.
484 2153 527 2163 —
550 2109 753 2203 ’Ἄνθρωπον
767 2118 957 2180 Philodemus
973 2118 1010 2179 de
1024 2118 1144 2182 domino
1158 2139 1183 2181 s.
1195 2127 1277 2201 patre

5 2238 6 2241 ’
114 2223 239 2284 familias
260 2220 410 2300 accepisse
430 2219 556 2296 videtur,
581 2221 659 2284 nude
678 2230 745 2283 nato
767 2228 813 2281 ost
832 2220 965 2300 speciosa
983 2219 1072 2282 huius
1092 2220 1149 2282 loci
1175 2240 1276 2302 repre·

5 2338 6 2353 ¹
114 2324 229 2397 hensio,
251 2324 289 2385 de
303 2342 360 2403 qua
376 2324 599 2387 mendicemus.
630 2325 688 2388 Sed
703 2324 925 2405 Theophrastus
941 2323 1018 2385 haud
1034 2323 1119 2386 dubie
1139 2323 1278 2404 singulari

114 2444 241 2488 numero
258 2445 331 2487 usus
347 2433 392 2488 est
407 2427 444 2489 ad
460 2444 551 2506 gentas
562 2428 698 2491 universe
708 2426 935 2507 designandum
949 2424 1067 2505 intelligi
1079 2433 1174 2488 autern
1186 2426 1277 2488 voluit

5 2560 6 2577 1
115 2528 285 2609 quicunque
300 2527 330 2590 in
345 2528 436 2591 domo
451 2530 586 2593 homines
602 2531 656 2594 suh
672 2531 763 2612 patris
779 2528 901 2591 familias
917 2526 1168 2590 administratione
1180 2536 1276 2610 etpo-

6 2644 8 2669 ³
114 2638 219 2692 testate
234 2629 344 2691 vivunt.
370 2631 554 2711 Quamquam
570 2632 708 2694 dubitarit
722 2635 822 2694 lorsan
838 2631 953 2711 aliquis,
969 2637 1068 2692 utrum
1084 2649 1184 2692 servos
1200 2648 1276 2709 quo-

6 2744 7 2819 ]
115 2752 169 2812 qne
189 2722 378 2813 ἀνθρώπων
396 2733 518 2796 nomine
538 2735 805 2815 comprehenderit,
827 2752 873 2807 an,
893 2750 983 2812 quum
999 2739 1131 2811 opponat
1145 2721 1278 2813 ἅνθρω-

6 2826 8 2857 *
116 2852 181 2896 σαν
198 2843 230 2895 et
248 2829 376 2918 κτῆσιν,
397 2853 500 2898 servos
520 2836 591 2899 huic
607 2837 707 2918 potins
728 2835 922 2899 occensuerit:
948 2834 1092 2914 siquidem
1112 2832 1188 2894 servi
1209 2842 1279 2894 sunt

115 2931 285 3021 κτήματα,
317 2945 345 2999 et
370 2934 487 3022 κτῆσις
511 2939 582 3001 nihil
609 2939 684 3001 aliud
713 2946 758 3000 est
784 2957 872 3019 qnam
897 2932 1070 3023 κτημάτων
1093 2935 1278 2997 universitas.
1355 2990 1359 2997 .

116 3039 156 3101 cl.
166 3039 256 3102 haist
273 3038 357 3102 Polit
367 3042 393 3113 1,
408 3041 468 3120 2p.
479 3041 509 3115 6,
522 3041 560 3101 17
571 3042 615 3103 ed.
632 3040 752 3103 Goettl.:
767 3035 806 3102 τὸ
821 3036 929 3123 κτῆμα
944 3030 1080 3123 ὄργανον
1094 3033 1181 3122 πρὸς
1196 3032 1279 3123 ζωήν

7 3160 9 3229 ξ
118 3135 196 3217 ἔστι,
213 3135 274 3204 καὶ
288 3133 310 3225 ἦ
325 3138 441 3226 κτῆσις
454 3138 588 3227 πλῆθος
608 3135 753 3229 ὀργάνων
771 3135 853 3218 ἐστι’,
875 3134 933 3203 καὶ
956 3132 974 3203 d
989 3137 1106 3214 δοῦλος
1118 3135 1228 3224 κτῆμά
1243 3160 1278 3202 τι

7 3234 8 3239 ’
119 3237 274 3329 ἔμψυχον.
301 3244 437 3307 Attamen
448 3254 552 3308 nostro
565 3246 682 3327 quidem
698 3247 764 3308 loco
777 3262 879 3306 servos
894 3262 909 3304 a
924 3243 1033 3324 reliqna
1048 3236 1161 3327 κτήσει
1177 3244 1278 3304 seion-

120 3356 180 3410 ctos
191 3358 220 3409 et
227 3338 412 3431 ἀνθρώπου
425 3350 618 3431 appellatione
627 3348 859 3430 comprehensos
868 3347 967 3419 credo,
978 3345 1105 3426 primum
1116 3353 1279 3425 propterea,

8 3472 10 3495 ι
120 3451 196 3528 qnod
211 3449 302 3512 etiam
317 3458 429 3529 postea,
446 3452 538 3533 caph
554 3452 627 3525 init,
642 3472 658 3514 a
672 3449 792 3530 reliquis
807 3441 971 3533 κτήμασιν
984 3446 1137 3525 distinguit
1150 3443 1189 3509 τὸ
1204 3442 1279 3528 βέλ-

120 3571 230 3617 τιστον
243 3544 303 3614 καὶ
318 3543 624 3636 ἡγεμισνικώτατον·
645 3550 741 3616 τοῦτο
757 3547 794 3613 δὲ
813 3537 853 3635 ἦν
868 3541 1048 3633 ἅνθρωπος
1062 3550 1091 3611 h.
1107 3570 1132 3610 e.
1148 3544 1279 3624 doridos:

121 3654 222 3718 deinde
237 3655 307 3735 qnia
321 3655 379 3717 hoc
392 3655 459 3736 ipso
475 3657 578 3737 capite,
593 3655 693 3737 paucis
708 3661 778 3736 post
793 3652 934 3726 versibus,
949 3651 999 3713 nhi
1014 3651 1050 3713 de
1064 3650 1233 3713 hominihus
1249 3653 1279 3714 in

122 3756 207 3818 domo
228 3756 371 3836 loquitur,
394 3776 516 3820 morem
537 3758 606 3820 dicit
630 3754 763 3843 πρῶτον
786 3752 850 3816 τῶν
874 3746 1104 3835 ἐλευθέρων,
1129 3770 1189 3814 non
1212 3755 1280 3815 τῶν
1298 3769 1329 3819 tn

124 3849 325 3944 dedendam,
351 3860 431 3939 qnod
457 3860 587 3934 lecisset,
614 3860 733 3941 opinor,
758 3857 815 3919 uisi
840 3857 925 3920 tacite
950 3846 1129 3936 ἄνθρωπον
1152 3855 1182 3917 in
1208 3856 1279 3919 duas

126 3961 247 4041 omnies,
275 3960 392 4022 alteram
415 3957 480 4023 τῶν
500 3954 695 4046 ἐλευθέρων,
724 3960 842 4023 alteram
863 3956 929 4021 τῶν
951 3951 1090 4033 δούλων,
1123 3957 1279 4020 divisisset.

126 4063 306 4144 Quamquam
322 4064 397 4127 hanc
411 4061 583 4124 divisionem
600 4063 679 4142 quod
694 4070 754 4125 tom
773 4063 897 4124 obscure
913 4059 1084 4140 significarit
1098 4076 1159 4121 non
1176 4061 1281 4122 iniuria

128 4165 328 4244 reprehendas.
359 4166 495 4228 Ceterum
510 4165 687 4227 conserenda
702 4185 769 4228 cnm
785 4166 922 4228 hocloco
938 4172 1009 4226 snut
1023 4183 1097 4244 qnae
1111 4163 1281 4225 Aristoteles

130 4266 252 4346 disputat
265 4268 350 4330 Polit
366 4269 387 4343 l,
402 4268 422 4329 2
438 4268 478 4330 in.
495 4277 523 4330 et
538 4267 732 4331 Callicratidas
752 4262 831 4353 περὶ
852 4257 952 4329 οἴκων
971 4256 1185 4346 εὐδαιμονίας
1203 4262 1281 4342 apud

131 4367 279 4433 stobaeum
294 4371 392 4435 Floril
414 4371 457 4434 tit
478 4370 528 4446 85,
552 4372 591 4432 16
611 4379 682 4433 tom.
702 4370 741 4432 lll
761 4390 791 4452 p.
815 4366 1004 4430 tundant:
1024 4363 1087 4430 τῶν
1107 4361 1144 4428 δὲ
1157 4357 1283 4445 μερέων

1015 4467 1076 4530 14*
