3266 5140
779 382 975 481 ,mm

301 566 354 629 aed
368 568 482 630 iunnae
496 586 613 650 quoque
626 577 696 649 post
709 568 844 649 ipsorum
859 566 970 629 obitum
985 566 1072 629 saluti
1086 578 1172 647 atque
1183 564 1373 629 incolumitati
1384 585 1456 646 pro-

301 678 467 750 sperarunt
511 671 700 753 Quapropter
719 669 858 750 quidquid
878 668 914 731 ad
932 668 1011 730 bunc
1031 667 1105 730 diem
1126 688 1161 730 ex
1174 669 1231 731 bac
1245 668 1398 730 Academia
1413 668 1457 730 vel

300 770 330 833 in
352 790 415 833 rem
437 772 584 852 publicam
605 774 648 833 vel
669 772 700 834 in
719 770 851 852 quemvis
867 778 1002 832 nostrum
1017 771 1129 832 iructus
1143 781 1229 852 atque
1244 762 1392 833 commodi
1408 790 1455 833 re·

301 873 440 937 dundavit
457 884 487 937 et
505 876 662 949 redundat,
682 875 769 937 buius
784 882 897 955 partem
911 872 998 954 longe
1011 874 1169 936 maximam
1184 873 1299 937 illorum
1314 873 1454 936 benellcm

301 976 398 1038 deberi
411 986 598 1040 mementote.
624 978 724 1057 ltaque
739 976 852 1039 debitas
868 976 955 1038 hodie
970 995 1088 1057 quoque
1102 976 1208 1056 gratias
1222 975 1377 1056 persolvite
1386 975 1454 1037 lllo·

300 1095 367 1140 rum
381 1078 473 1141 beatis
488 1080 637 1153 manibus,
654 1098 795 1161 quorum,
815 1078 952 1159 quamdiu
966 1088 1115 1159 superstes
1130 1078 1186 1141 erit
1199 1078 1290 1141 hacce
1303 1096 1454 1141 manarum

301 1181 473 1256 sacrarium,
499 1184 609 1245 mmdiu
626 1184 710 1263 quasi
729 1199 869 1263 praesens
888 1180 964 1242 inter
988 1197 1045 1242 nos
1071 1198 1181 1242 numen
1207 1170 1236 1241 et
1261 1180 1378 1242 totalem
1404 1200 1453 1242 ve·

299 1282 479 1345 nerabimur:
491 1285 673 1346 Wanrrsueo
682 1285 723 1346 illi
731 1302 823 1358 nouo,
836 1283 884 1364 qui
893 1282 1023 1345 condidit
1034 1282 1103 1344 olim
1113 1291 1142 1344 et
1151 1281 1298 1355 instruxit,
1308 1282 1453 1344 Parmeno

299 1385 405 1465 primo,
419 1385 469 1465 qui
483 1385 641 1466 collapsam
656 1396 823 1467 temporum
838 1385 953 1448 iniuriis
968 1384 1094 1447 restituit
1107 1392 1137 1446 et
1150 1384 1298 1458 recreavit,
1311 1383 1453 1446 Enuasro

299 1486 467 1561 Lnnovrco,
490 1488 539 1569 qui
561 1489 693 1568 pluribus
715 1488 888 1551 muneribus
904 1487 1138 1568 splendidissime
1151 1486 1280 1559 ornavit,
1303 1484 1453 1548 Boursmo

299 1587 423 1668 denique
441 1598 608 1671 postremo,
627 1590 677 1671 qui
697 1592 783 1652 etiam
797 1589 930 1651 moriens
944 1588 1031 1651 buius
1046 1608 1147 1651 curam
1161 1608 1196 1651 ex
1210 1587 1309 1651 animo
1324 1605 1386 1649 non
1401 1588 1453 1650 de·

299 1691 413 1768 posuit,
433 1690 486 1753 aad
500 1698 533 1752 ut
547 1710 579 1753 sa
593 1710 704 1773 suaque
718 1700 803 1771 gente
817 1690 950 1753 extinctis
964 1691 1036 1753 baec
1050 1699 1157 1766 nmen,
1168 1691 1313 1752 maiorum
1329 1709 1453 1753 suorum

299 1792 419 1854 deliciae
437 1801 466 1854 et
484 1794 613 1868 alumna,
636 1796 714 1857 salva
728 1803 758 1855 et
771 1792 928 1855 incolumis
943 1802 1088 1868 maneret,
1113 1800 1234 1873 paterna
1248 1791 1367 1854 caritate
1381 1810 1452 1871 pro-

299 1894 402 1974 spexit.
418 1930 461 1939 -—
486 1894 517 1956 Si
533 1914 590 1975 qua
604 1915 715 1971 rerum,
742 1896 861 1976 quaein
875 1894 961 1957 terris
976 1905 1115 1973 aguntur,
1139 1894 1174 1956 ad
1196 1892 1348 1956 beatorum
1368 1894 1453 1956 sedes

298 1996 400 2058 notitia
415 1996 548 2076 pertinet,
565 1997 591 2060 si
607 2016 662 2079 qua
678 2016 747 2061 cura
762 1998 931 2059 mortalium
946 1997 1028 2059 divas
1043 1998 1248 2059 detunctorum
1262 1997 1375 2059 animas
1386 2003 1453 2059 tau·

299 2097 352 2177 git,
371 2098 482 2161 sumus
503 2101 557 2161 bas
576 2099 664 2162 bodie
681 2118 769 2162 voces
790 2098 911 2162 allobis
933 2099 1039 2173 audiri,
1060 2099 1171 2162 scimus
1185 2099 1242 2161 hoc
1256 2098 1372 2180 pietatis
1387 2100 1453 2161 offi-

246 2211 279 2263 ta
300 2200 376 2263 uum
399 2220 415 2263 a
431 2201 520 2263 Vobis
542 2202 651 2282 accipi,
673 2178 930 2281 sumus‘deniquc
944 2201 1003 2263 llos
1017 2203 1158 2281 gaudere,
1180 2203 1259 2282 quod
1274 2210 1369 2263 vestra
1382 2202 1455 2264 baec

298 2301 452 2365 Academia
467 2321 520 2382 per
533 2310 578 2365 tot
592 2322 700 2378 annos,
720 2305 751 2365 iu
766 2312 810 2365 tot
822 2303 866 2365 rei
881 2303 1012 2384 publicae
1027 2304 1280 2377 conversionibus,
1302 2303 1332 2364 in
1344 2310 1391 2366 tot
1404 2322 1453 2367 ca·

297 2404 473 2467 lamitatibus
493 2405 570 2467 salva
589 2415 688 2468 tamen
707 2413 737 2468 et
750 2415 902 2486 superstes
917 2406 1095 2486 perduravit,
1114 2414 1143 2467 et
1156 2424 1236 2468 nunc
1250 2406 1352 2468 laetior
1365 2407 1453 2468 etiam

298 2517 328 2568 et
340 2506 467 2586 vegetior
482 2508 793 2589 effloruitpostquam
809 2509 925 2570 tandem
940 2507 1095 2589 aliquando
1110 2508 1213 2571 redditi
1223 2527 1279 2570 uos
1291 2527 1395 2571 sumus
1406 2508 1453 2584 iis,

296 2628 313 2671 a
329 2608 435 2690 quibus
449 2628 599 2691 nunquam
615 2630 671 2673 nos
686 2611 778 2673 divelli
794 2610 958 2691 oportebat:
981 2612 1117 2690 gaudere,
1132 2611 1220 2691 quod,
1235 2610 1380 2692 siquidem
1395 2611 1453 2674 Vos

297 2731 330 2773 ex
346 2719 444 2774 restro
463 2712 603 2792 sanguine
621 2722 755 2776 exortum
774 2721 900 2776 tutorem
916 2713 1003 2776 nobis
1019 2721 1048 2775 ot
1061 2714 1278 2775 moderatorem
1292 2713 1454 2795 relinquere

298 2815 355 2876 lata
370 2814 542 2887 uoluerunt,
557 2814 613 2877 sub
628 2815 692 2878 eius
707 2824 804 2878 tarum
818 2794 894 2896 regii
910 2815 1027 2879 tutelam
1043 2834 1123 2878 nunc
1138 2817 1256 2879 demum
1271 2834 1328 2878 nos
1343 2826 1373 2878 et
1386 2818 1452 2881 uni·

297 2934 379 2979 versa
398 2926 494 2979 vestra
508 2918 681 2982 Pomerania
701 2920 902 2999 pervenimus,
924 2936 983 2998 quo
998 2917 1151 2979 meliorem
1166 2934 1204 2978 ne
1219 2925 1321 2997 optare
1335 2919 1452 3000 quidem

297 3019 340 3080 ins
357 3018 407 3081 sit:
423 3037 510 3099 quem
525 3038 597 3099 quas
612 3020 642 3082 in
656 3020 718 3082 aliis
733 3020 862 3099 singulas
874 3036 1045 3081 veneramur
1056 3018 1187 3093 virtutes,
1201 3019 1307 3081 barum
1320 3022 1452 3084 omnium

295 3138 364 3182 raro
385 3130 414 3183 et
427 3119 587 3183 admirabili
603 3123 755 3184 consortio
770 3121 909 3184 divinitus
925 3128 1060 3182 ornatum
1076 3120 1218 3183 videmus.
1261 3121 1361 3203 ltaque
1374 3133 1453 3187 muta

297 3240 333 3283 ex
353 3223 412 3284 boo
429 3240 497 3301 rege
515 3221 592 3284 iutra
611 3223 666 3285 tria
678 3223 770 3286 lustra
784 3224 841 3286 iam
856 3222 1057 3287 redundarunt
1070 3222 1100 3284 iu
1116 3224 1192 3285 hanc
1204 3226 1384 3305 provinciam
1398 3226 1452 3289 be-

296 3321 414 3394 neficia,
438 3322 546 3402 quibus
568 3324 651 3403 plura
666 3333 716 3387 aut
730 3326 838 3388 maiora
854 3326 946 3407 priori
960 3334 1094 3405 tempore
1107 3325 1184 3387 nulla
1199 3327 1419 3390 meminerimus
1434 3349 1451 3391 a

295 3440 442 3504 qucquam
463 3442 522 3486 uuo
542 3425 573 3486 iu
588 3443 645 3488 nus
660 3445 726 3489 esse
741 3427 856 3491 collata:
878 3429 1033 3492 Academia
1048 3438 1145 3491 autem
1159 3437 1261 3491 noatm
1276 3448 1344 3492 cum
1358 3430 1451 3493 Wan-

296 3542 416 3596 rrsuao,
442 3526 601 3600 Pataram,
627 3526 767 3589 Enursro
791 3528 958 3605 Luuovrco,
978 3529 1130 3592 Roorscuo
1155 3531 1243 3593 etiam
1267 3532 1451 3596 ronanam

296 3625 485 3688 Gumrncuuu
500 3635 637 3707 tanquam
651 3638 846 3693 recreatorem
862 3650 948 3694 suum
960 3650 994 3693 ac
1003 3634 1212 3713 sospitatorem
1224 3634 1396 3698 consalutat.
1408 3670 1450 3681 -

294 3727 360 3789 lure
374 3726 462 3807 igitur
475 3746 510 3790 ao
524 3730 628 3791 memte
644 3732 736 3794 oratio
752 3751 817 3794 mea
831 3753 848 3795 a
867 3734 1013 3797 moestitia
1028 3745 1058 3798 et
1072 3736 1152 3799 luctu
1166 3754 1278 3810 exorsa,
1293 3745 1450 3819 postquam

294 3830 324 3892 in
338 3829 425 3892 buius
440 3829 517 3909 regia
532 3832 844 3895 commemorationem
861 3834 982 3899 deducta
996 3846 1050 3912 eat,
1065 3840 1094 3900 in
1110 3838 1333 3918 gratulationem
1347 3847 1377 3902 et
1389 3840 1448 3903 lae·

293 3931 387 3993 titiam
402 3931 590 3995 convertitur.
635 3933 734 3996 Talem
749 3934 836 3997 uobis
852 3936 992 4020 obtigisse
1005 3940 1167 4022 principem
1184 3950 1298 4006 tautum
1315 3942 1447 4024 intelligi·

294 4049 361 4095 mus
376 4033 428 4095 liei
438 4032 473 4095 0.
484 4033 522 4096 Μ.
537 4035 718 4109 beneficium,
736 4045 767 4098 ut
780 4056 816 4098 eo
832 4039 927 4102 maius
943 4059 1038 4123 neque
1052 4062 1108 4105 nos
1125 4052 1225 4125 optare
1239 4065 1256 4107 a
1270 4045 1341 4120 lieo,
1353 4063 1448 4126 neque

292 4134 385 4197 Deum
404 4146 553 4217 praestare
571 4137 658 4200 nobis
672 4137 806 4218 potuisse
820 4159 1025 4221 agnoscamus.
1068 4146 1204 4209 lnrocate
1218 4148 1306 4228 igitur
1321 4166 1446 4222 mecum,

292 4237 457 4323 Auditorea,
471 4239 597 4302 ‹livimm
609 4240 833 4321 providentiam,
846 4255 878 4306 ut
892 4246 951 4309 boc
964 4265 1021 4309 uos
1032 4247 1173 4311 beneficio
1184 4268 1271 4331 quam
1283 4250 1448 4313 diutissime

293 4340 378 4406 etiam
404 4341 513 4421 pertrui
539 4341 628 4403 sinat:
650 4352 683 4404 ut
697 4343 728 4404 in
747 4362 844 4425 regern
859 4342 996 4413 nostrum
1012 4353 1142 4414 conterat
1156 4370 1345 4435 quaecunque
1360 4353 1446 4434 digna
