3276 5144
680 453 829 552 Q

176 644 275 727 lingua
289 646 348 709 sint
363 639 412 719 dd,
435 638 479 720 ed,
494 643 627 708 fortassis
642 644 731 707 etiam
745 637 791 719 sd,
813 635 866 717 ed,
881 643 912 705 in
926 642 1015 706 latina
1029 642 1085 717 de,
1102 659 1195 725 quum
1210 659 1336 724 praepo·

178 748 247 811 sitio
267 754 333 810 tum
352 747 520 810 encliticum
539 747 626 822 illud,
647 746 727 829 quod
747 753 793 809 est
813 745 844 808 in
858 744 962 819 iude,
991 746 1100 821 unde,
1116 744 1286 827 quamde,
1307 754 1338 807 et

177 854 232 925 te,
249 850 328 932 quod
343 856 388 913 est
403 851 434 912 in
448 850 535 924 iste,
550 856 645 911 tute:
661 867 716 911 nec
732 848 898 911 incredibile
918 847 1009 910 n'deri
1029 849 1115 911 debet
1135 848 1223 911 etiam
1249 867 1288 911 ce
1309 854 1339 910 et

178 970 247 1035 qus
260 954 320 1016 huc
333 952 491 1035 pertinere.
514 952 699 1034 Quamquam
715 952 751 1014 de
761 951 808 1012 bis
823 951 905 1013 aliter
915 949 1018 1013 statuit
1029 951 1212 1024 Corsseuius,
1229 951 1337 1033 quippe

178 1056 229 1137 qui
244 1061 274 1117 et
289 1075 330 1118 ce
345 1055 502 1118 locatirum
511 1074 611 1119 casum
623 1074 688 1118 esse
702 1054 771 1117 velit
781 1058 790 1095 ¹
801 1055 830 1131 ⁴)
846 1061 876 1117 et
891 1073 958 1134 que
973 1054 1129 1116 ablativum
1140 1053 1336 1134 pronominis,

177 1156 314 1238 primitus
329 1156 449 1240 quidem
460 1157 491 1219 in
503 1158 522 1220 d
531 1162 699 1230 exeuntem,
715 1157 804 1238 quid
823 1164 857 1219 ut
877 1156 1010 1230 marid‚
1025 1156 1103 1231 hinc,
1119 1157 1231 1219 abiecta
1242 1156 1337 1219 littera

179 1260 287 1323 casuali
298 1260 327 1335 d,
344 1260 405 1341 qui
419 1268 460 1324 ut
474 1261 580 1334 mari,
595 1268 747 1343 postremo
764 1266 864 1322 autem
876 1278 957 1341 qno,
973 1259 1057 1340 vulgo
1075 1258 1194 1339 quidem
1211 1258 1339 1321 breviter

180 1363 413 1445 pronuntiatum,
429 1381 646 1444 nonnunquam
661 1369 762 1425 tamen
776 1363 853 1445 apud
868 1371 971 1444 poetas
990 1362 1080 1424 etiam
1095 1361 1290 1443 productum,
1309 1359 1338 1423 id

180 1466 260 1549 quod
279 1485 333 1547 pro
354 1473 529 1546 argumento
549 1485 614 1528 esse
633 1466 728 1547 possit
747 1465 885 1547 primitus
905 1465 1062 1527 ablativum
1082 1463 1174 1525 luisse
1187 1467 1196 1503 ¹
1208 1464 1247 1542 5).
1278 1463 1339 1525 Nec

182 1568 282 1649 negari
311 1575 411 1652 potest
440 1569 530 1631 etiam
562 1567 791 1648 significationes
822 1566 981 1648 particulae
1011 1568 1166 1647 plerasque
1193 1565 1338 1628 eiusmodi

179 1691 258 1746 esse,
298 1690 371 1752 quas
404 1670 593 1752 probabiliter
621 1670 657 1731 ad
687 1670 802 1732 ablativi
830 1669 984 1732 notionem
1014 1668 1212 1741 revocaveris,
1247 1668 1338 1730 modo

178 1792 240 1837 non
265 1774 322 1836 boc
347 1773 463 1837 ablativi
487 1790 597 1835 nomen
622 1771 719 1833 solum
744 1778 872 1853 spectes,
896 1806 939 1816 —
964 1770 1185 1852 quodquidam
1207 1786 1269 1831 non
1289 1788 1337 1833 sa·

177 1878 216 1938 tis
241 1883 308 1957 apte
333 1876 506 1956 impositum
532 1883 588 1949 est,
608 1909 651 1920 —
670 1874 722 1937 sed
745 1874 912 1937 universam
935 1873 1023 1937 huius
1044 1892 1128 1936 casus
1147 1873 1178 1935 in
1199 1890 1337 1935 sermone

178 1978 361 2041 functionem
387 1987 418 2041 et
442 1977 526 2059 quasi
550 1978 741 2058 provinciam.
772 1976 864 2057 Igitur
889 1976 915 2039 si
940 1977 1005 2056 quis
1025 1977 1101 2039 hane
1121 1977 1268 2039 rationem
1288 1995 1338 2039 se·

180 2090 297 2163 quatur,
317 2081 429 2143 factum
452 2081 483 2142 in
503 2079 643 2162 particula
664 2098 733 2160 que
747 2080 806 2141 iam
821 2078 898 2159 apud
919 2086 1032 2142 veteres
1053 2079 1148 2141 simile
1164 2079 1236 2160 quid
1253 2079 1337 2142 dire·

178 2184 281 2258 riman,
297 2201 386 2264 quam
409 2183 488 2264 quod
503 2191 571 2264 post
585 2183 616 2244 in
631 2182 856 2244 romanensibus
871 2181 978 2263 linguis
991 2182 1103 2244 laetum
1115 2200 1179 2244 esse
1193 2182 1337 2257 ridemus,

179 2294 214 2350 ut
233 2287 355 2369 antiqua
376 2287 473 2350 forma
494 2286 601 2349 conati
623 2284 735 2348 abiecta
753 2285 877 2365 simplex
898 2284 997 2365 stirpis
1011 2283 1108 2346 forma
1122 2284 1337 2359 restitueretur,

180 2389 432 2471 quemadmodum
448 2407 473 2450 e.
489 2408 515 2452 c.
530 2387 603 2450 Galli
618 2408 700 2470 que,
718 2387 783 2451 ltali
797 2388 862 2451 obe
877 2387 978 2450 dicunt
989 2406 1043 2467 pro
1054 2405 1099 2461 eo,
1116 2386 1195 2467 quod
1207 2386 1277 2448 olim
1287 2394 1338 2449 aut

180 2511 272 2574 quas
285 2493 351 2567 luit,
367 2502 418 2555 aut
433 2491 546 2572 quod,
562 2498 613 2554 aut
628 2491 727 2573 quid,
743 2500 794 2555 ant
808 2509 923 2573 quam.
946 2491 1083 2553 Attamen
1097 2507 1200 2552 rursus
1215 2507 1253 2551 ne
1267 2489 1337 2551 illud

180 2598 300 2679 quidem
322 2595 492 2661 incredibile
515 2596 606 2659 videri
627 2596 723 2670 debet,
746 2596 845 2657 statim
867 2593 904 2656 ab
925 2592 1008 2656 initio
1030 2593 1187 2674 particulae
1207 2591 1337 2654 lormam

179 2701 271 2765 luisse
290 2701 367 2764 banc
385 2700 600 2763 indifferentem
615 2718 649 2762 ac
662 2706 784 2780 propter
798 2698 893 2779 ipsam
907 2697 985 2758 hanc
1000 2694 1226 2757 indifferentiam
1242 2695 1338 2757 variae

180 2803 400 2884 significationis
421 2822 567 2884 capacem,
591 2822 666 2884 quae
688 2800 714 2863 si
735 2800 853 2882 quando
874 2799 911 2862 ad
933 2798 1022 2860 unius
1043 2805 1094 2860 aut
1113 2797 1232 2861 alterius
1252 2815 1338 2860 casus

180 2906 421 2987 significationem
443 2907 603 2981 accederet,
619 2906 709 2969 modo
724 2906 811 2967 etiarn
825 2902 999 2985 particulam
1013 2901 1045 2963 in
1058 2901 1187 2962 formam
1201 2899 1280 2962 casui
1296 2901 1337 2962 si-

180 3007 281 3071 milem
296 3006 415 3080 abiisse,
437 3008 528 3070 modo
542 3015 641 3071 autem
657 3009 807 3089 antiquam
828 3024 913 3068 suam
933 3011 964 3067 et
981 3002 1194 3066 indifferentem
1211 3003 1339 3064 formam

180 3109 347 3173 retinuisse.
393 3112 431 3175 Et
445 3117 515 3174 sunt
529 3129 600 3172 sane
615 3117 734 3173 nostrae
755 3108 913 3191 particulae
927 3107 1154 3185 significationes
1169 3106 1338 3181 nonnullae,

182 3231 257 3293 quae
272 3214 486 3280 dubitationem
508 3213 639 3278 inliciant
652 3213 774 3275 haecine
789 3211 936 3276 sententia
951 3226 988 3273 an
1003 3209 1051 3271 illa
1067 3209 1258 3272 Corsseniana
1273 3227 1339 3271 ma·

180 3313 224 3395 gis
238 3317 389 3396 probanda
404 3318 457 3393 sit,
478 3336 567 3400 quam
588 3316 704 3380 obrem
719 3334 773 3397 ego
788 3314 907 3396 quidem
922 3312 1049 3395 amplius
1064 3312 1160 3401 adhuc
1173 3312 1340 3375 deliberan-

181 3417 254 3479 dum
269 3438 334 3482 esse
348 3439 464 3484 censeo.

267 3520 523 3593 Quemadmodum
545 3531 644 3586 autem
665 3537 831 3604 pronomen
862 3517 925 3600 qui
952 3517 983 3580 in
1005 3506 1256 3580 demonstratione
1277 3532 1341 3577 non

181 3620 228 3683 illa
243 3622 363 3703 quidem
376 3625 524 3707 primitiva
539 3645 564 3687 s.
579 3623 700 3700 oculari,
721 3623 773 3685 sed
787 3621 915 3696 relativa,
937 3619 1069 3700 itemque
1087 3617 1119 3681 in
1139 3617 1340 3700 designatione

252 3863 293 3930 14)
312 3863 349 3916 lle
369 3865 470 3931 bugues
490 3866 584 3918 latinae
604 3872 721 3932 prorant.
738 3862 820 3915 racel.
840 3868 866 3913 et
882 3858 991 3928 accip.
1005 3858 1064 3911 271.
1088 3857 1145 3911 Non
1157 3857 1237 3926 liquot
1247 3864 1339 3921 umen,

180 3956 264 4000 utrum
284 3957 389 4016 praeter
404 3950 541 4002 locatirurn
557 3950 633 4002 etism
646 3950 712 4002 alios
725 3947 784 4000 olim
796 3963 871 3999 casus
884 3946 995 3998 eiusdem
1007 3946 1125 3998 thematis
1137 3942 1217 3997 luisse
1229 3949 1340 4011 cenent,

179 4036 252 4088 velut
267 4037 328 4102 cis,
344 4052 409 4101 ces,
426 4052 479 4088 eae
491 4052 522 4088 sn
534 4038 583 4088 boc
595 4043 702 4100 tantum,
714 4051 747 4087 ex
759 4034 840 4100 stirpe
851 4031 1018 4101 prenominati
1030 4032 1094 4084 illud
1106 4049 1155 4097 ce,
1171 4037 1215 4082 unt
1226 4029 1339 4099 pleniore

179 4120 261 4174 forms
273 4122 334 4187 cei,
347 4123 378 4174 ad
390 4120 532 4187 analogum
542 4119 648 4173 locativi
661 4135 735 4172 casm
747 4117 858 4171 effictum
870 4135 936 4173 esse.

250 4210 291 4274 15)
309 4207 369 4259 lbid.
381 4224 405 4275 p.
418 4206 476 4259 336.
496 4206 562 4259 Adri
574 4212 675 4272 poterut
687 4206 718 4257 sd
731 4207 938 4273 comprobandam
948 4205 1013 4256 bsuc
1024 4203 1185 4270 sententium,
1199 4203 1264 4270 quod
1273 4201 1339 4267 apud

180 4295 261 4347 Oscos
275 4294 352 4346 etiem
364 4294 428 4363 pid‚
441 4308 504 4361 qnae
515 4291 648 4345 manifesta
659 4299 702 4345 est
710 4292 817 4345 ablativi
829 4289 919 4357 forma,
932 4306 978 4357 pro
990 4306 1020 4342 eo
1033 4291 1099 4356 quod
1111 4296 1152 4341 est
1164 4304 1234 4355 que,
1245 4286 1340 4339 dictum

180 4382 293 4447 ridetur,
315 4380 386 4433 velut
406 4380 504 4447 iispid
525 4380 551 4432 in
567 4377 641 4446 cippo
653 4376 777 4430 Abelluno
788 4376 799 4429 l
811 4395 836 4431 v.
849 4377 890 4430 25.
913 4375 951 4429 Cf.
964 4375 1111 4430 Mommsen.
1126 4376 1157 4427 dc
1168 4374 1270 4425 dialect.
1282 4372 1339 4426 ltal-

180 4485 205 4536 ρ.
223 4466 283 4520 290.
