3276 5144
809 473 959 573 ..ffl-

299 659 396 723 loonm
421 660 566 723 adverbiis
583 662 803 743 assignaverint,
827 682 844 725 a
867 663 949 726 nullo
972 662 1080 726 diserte
1095 662 1236 726 traditum
1251 669 1305 725 est.
1335 660 1464 743 Apparet

298 771 397 829 autem
418 763 505 826 iatam
526 765 669 827 rationem
692 766 778 829 abiis
794 772 909 828 tantuna
923 767 1061 846 usurpari
1080 765 1224 847 potuisse,
1245 765 1296 847 qui
1311 759 1465 848 ῥημάτων

297 864 451 928 notionem
470 865 554 930 aliter
574 887 662 948 quam
683 876 733 931 aut
750 869 921 931 Aristoteles
942 875 992 929 ant
1011 867 1193 949 grammatici
1212 868 1271 932 boe
1286 868 1464 949 posteriores

298 967 462 1031 delinirent.
485 969 526 1032 do
540 970 576 1032 de
591 971 789 1051 grammaticis
802 971 932 1050 quidem,
948 989 1075 1050 quorem
1088 970 1273 1033 definitiones
1284 978 1372 1032 notae
1383 977 1463 1045 sunt,

297 1071 393 1133 dicere
407 1072 466 1134 boo
480 1074 545 1136 loeo
560 1091 621 1136 non
637 1093 711 1156 opus
726 1082 786 1150 est;
807 1073 979 1137 Aristoteles
994 1081 1103 1146 autem,
1125 1092 1216 1154 quum
1234 1068 1378 1157 ῥήματος
1392 1092 1464 1154 pro·

296 1174 395 1255 prium
408 1194 475 1237 esse
490 1176 570 1251 dicit,
591 1185 626 1239 ut
640 1185 758 1259 tempus
780 1177 960 1257 adsignidoet
970 1177 1009 1256 4),
1036 1176 1205 1239 adverbium
1227 1175 1313 1239 abeo
1328 1175 1464 1238 excludit

296 1274 371 1338 Nam
390 1277 458 1340 lieet
475 1279 535 1340 sint
556 1279 587 1341 in
607 1281 652 1342 bis
673 1280 824 1354 nonnulla,
847 1298 922 1360 qnae
937 1286 1055 1360 tempus
1070 1280 1244 1359 significent,
1266 1286 1368 1341 tamen
1383 1278 1465 1342 eliud

298 1379 1466 1465 estsigniiinare,aliudadsignificare,prorsusquediversigenerishane

297 1483 501 1546 adverbiorum
522 1485 664 1566 temporis
685 1485 926 1566 significationem
949 1485 985 1548 ab
1005 1504 1048 1560 ea,
1070 1504 1145 1565 quae
1165 1482 1261 1548 verbis
1274 1485 1395 1566 propria
1410 1491 1465 1559 est,

298 1585 546 1666 adsignilieatinne
560 1588 703 1669 temporis
718 1607 782 1650 esse
797 1590 947 1650 neminem
961 1587 1043 1669 fugit.
1067 1587 1152 1660 Quod
1164 1607 1256 1669 quum
1273 1594 1334 1651 tres
1348 1596 1464 1651 tautum

297 1698 349 1751 aut
368 1688 494 1751 tortasse
513 1690 692 1769 quattuor⁵)
719 1695 817 1770 partes
838 1690 1008 1754 Aristoteles
1029 1690 1202 1764 distinxerit,
1230 1681 1341 1771 ὄνομα,
1365 1690 1465 1774 ῥῆμα,

298 1783 479 1871 σύνδεσμον
500 1781 664 1875 (ὄρθρον),
688 1811 785 1875 neque
805 1795 836 1856 in
863 1789 1058 1874 συνδέσμοις
1086 1802 1136 1857 aut
1154 1784 1306 1884 ἄρθροις
1326 1792 1463 1856 adverbia

297 1895 448 1956 numerari
463 1895 622 1976 potuerint,
644 1896 673 1957 in
697 1897 868 1959 nominibus
889 1898 924 1958 iis
939 1897 1038 1960 locum
1061 1896 1267 1978 assignandum
1282 1895 1375 1958 luisse
1392 1912 1465 1957 oon·

297 1996 446 2075 sequitur:
469 2004 499 2059 et
513 1998 655 2059 nonnullo
674 2005 753 2061 certe
768 2000 904 2062 adverbia
921 1999 956 2061 ab
971 2000 1125 2063 Aristotele
1142 1990 1289 2079 δνδματα
1304 2006 1355 2060 eut
1370 1991 1462 2059 πτώ-

255 2151 258 2157 ,
297 2114 368 2172 σοις
390 2091 561 2178 ὀνομάτων
582 2100 637 2164 diei
653 2101 787 2164 videmus
802 2103 833 2163 in
848 2102 949 2183 Topio.
965 2103 1012 2176 Vl,
1032 2082 1094 2164 102'
1112 2095 1142 2164 ei
1165 2098 1232 2163 τῶν
1257 2091 1380 2181 ὁμοίων
1401 2099 1465 2162 τοῦ

298 2192 461 2280 ὀνόματος
482 2202 642 2266 πτώσεων
665 2195 700 2265 αλ
723 2196 839 2285 ὅμοιαι
860 2201 920 2266 τοῦ
942 2199 1042 2286 λόγου
1064 2197 1210 2279 πτιδσεις
1232 2196 1460 2288 ἐφαρμόττου-

298 2320 361 2376 σιν,
378 2291 450 2369 οἷον
471 2298 501 2367 εἲ
523 2298 693 2391 ὠφέλιμον
710 2302 749 2368 vd
766 2302 945 2391 ποιητικὸν
958 2299 1092 2390 ὑγιείας,
1115 2299 1293 2393 ὠφελίμως
1307 2302 1346 2368 τδ
1361 2325 1464 2389 ποιη-

297 2406 398 2484 τικῶς
417 2400 545 2489 ὑγιείας
558 2410 596 2488 6).
627 2406 728 2491 Neque
749 2410 832 2471 aliter
850 2410 1030 2472 remotiores
1045 2408 1253 2491 Peripateticos
1269 2410 1304 2471 de
1320 2408 1464 2472 adverbiis
1487 2422 1492 2430 ·

297 2511 435 2574 statuisse
457 2512 569 2595 aliquot
588 2513 765 2575 testimoniis
785 2512 975 2594 eognovimus
985 2512 1025 2592 ⁷).
1059 2511 1101 2574 lle
1115 2513 1180 2594 ipso
1195 2520 1294 2573 nutem
1310 2508 1464 2572 Aristotele

366 2682 392 2743 4)
411 2680 447 2733 lle
469 2681 578 2748 interpr.
595 2699 617 2733 o.
635 2683 663 2735 3:
684 2681 761 2752 ῥῆμα
779 2680 814 2734 δέ
827 2680 888 2735 ἐστι
903 2680 935 2734 τὸ
953 2684 1172 2751 προσσημαῐνον
1183 2675 1305 2750 χρόνον,
1326 2666 1360 2732 οὗ
1375 2679 1464 2749 μέρος

298 2758 384 2816 οὐδὲν
396 2769 524 2835 σημαίνει
534 2769 631 2836 χωρίς,
643 2768 691 2816 καὶ
702 2761 778 2818 ἔστιν
787 2763 831 2818 δελ
843 2768 900 2818 τοῖν
911 2761 976 2818 καθ’
990 2765 1087 2835 ἐτέρου
1098 2767 1259 2835 λεγομένοιν
1271 2768 1396 2834 σημεῖον.

365 2851 391 2914 5)
411 2849 597 2902 [dubitationem
614 2853 695 2903 movit
711 2851 782 2902 loeus
801 2852 832 2902 de
849 2860 898 2902 art.
917 2859 983 2917 poet.
1001 2867 1023 2903 α.
1037 2850 1078 2912 20,
1091 2851 1133 2901 nbi
1146 2857 1249 2916 praeter
1260 2843 1372 2919 ἄρθρον
1383 2849 1458 2901 etiam

300 2930 461 3005 σύνδεσμος
472 2937 622 3002 nominetur,
634 2937 666 2987 de
678 2952 727 3002 quo
739 2937 827 2987 varias
840 2937 1005 3001 interpretum
1018 2935 1157 2988 sententies
1170 2934 1268 2987 referre
1280 2932 1381 2999 longum
1393 2942 1418 2987 et
1430 2934 1462 2985 ob

297 3021 346 3071 boe
357 3020 413 3072 loeo
426 3022 535 3073 alienum
548 3031 596 3074 eat
620 3022 682 3074 liibi
695 3023 792 3090 quidem
805 3038 852 3073 ιοο
865 3020 1029 3088 improbabile
1042 3020 1144 3071 videtur
1153 3018 1327 3084 Aristotelem,
1338 3019 1400 3072 linet
1411 3036 1461 3071 nne

298 3106 466 3175 συνδέσμων
477 3109 576 3159 nomine
587 3108 789 3159 coniunctionem
801 3114 829 3158 et
840 3107 974 3159 nrtieolnm
983 3106 1209 3171 comprehenderit,
1221 3106 1369 3158 distinxisse
1378 3113 1462 3159 uma·

297 3192 385 3243 borum
398 3192 447 3243 dno
459 3208 561 3257 genera,
574 3191 682 3244 alterum
695 3191 852 3255 declinabile,
863 3188 896 3243 τὸ
910 3184 1028 3260 ἄρθρον,
1039 3188 1148 3240 alterum
1160 3189 1347 3255 indeelinebile‚
1359 3191 1401 3242 eni
1412 3207 1462 3241 non

298 3275 366 3327 aliud
385 3290 456 3343 quam
476 3278 540 3329 illud
552 3294 683 3329 eommnne
696 3294 786 3328 nomen
798 3284 862 3328 erat.
885 3275 971 3326 Etiam
982 3276 1008 3326 in
1021 3274 1164 3326 Rhetoricis
1177 3275 1216 3337 iis,
1229 3290 1292 3342 qnae
1304 3293 1319 3327 ιι
1331 3276 1460 3343 plerisque

194 3407 196 3411 .
297 3378 363 3413 nune
375 3362 528 3415 Anaximeni
540 3364 697 3428 tribuuntur,
711 3357 805 3432 ἄρθρα
815 3363 889 3413 ἱστία
902 3360 1077 3428 συνδέσμους
1088 3367 1316 3411 commemorantur
1327 3376 1349 3411 ο.
1364 3361 1405 3411 25.

366 3446 391 3511 6)
410 3446 448 3500 Cl.
458 3448 571 3514 Simplie.
584 3449 704 3500 addrist.
717 3455 799 3513 entes.
812 3465 835 3515 p.
847 3448 880 3497 43
894 3462 908 3497 a
921 3447 954 3497 ³4
964 3446 1066 3497 osanne
1080 3443 1206 3505 Πτώσεις
1219 3444 1273 3517 γὰρ
1286 3447 1343 3499 τῶν
1355 3440 1462 3513 ὀνομιί·

298 3549 354 3585 τιυν
366 3534 395 3585 ol
406 3536 525 3586 noiomi
536 3530 654 3585 ἐκάλουν
666 3528 699 3585 οὐ
710 3528 802 3602 μόνον
814 3530 865 3589 τὰς
876 3532 960 3584 πέντε
972 3527 1073 3588 ταύτας
1084 3528 1135 3589 τοὶς
1145 3532 1199 3584 νῦν
1210 3533 1375 3601 λεγομένας,
1389 3526 1459 3582 ἀλλὰ

297 3619 343 3671 καλ
355 3615 405 3677 τὰς
416 3622 623 3690 παρακειμένας
634 3618 777 3688 ἐγκλίσεις,
790 3647 824 3657 -
834 3646 870 3657 -
882 3612 953 3670 ὅθεν
963 3618 1011 3668 καλ
1023 3615 1073 3673 τοὶς
1090 3617 1141 3669 νῦν
1154 3617 1327 3687 καλουμένας
1337 3612 1460 3683 μεσότη-

297 3719 346 3762 τας
361 3701 482 3763 πτώσεις
502 3701 627 3769 ἐκάλουν,
648 3696 712 3756 οἷον
730 3702 782 3771 τὴν
796 3701 856 3756 ἀπὸ
874 3704 925 3755 τοῦ
936 3697 1069 3771 ἀνδρείου
1080 3703 1190 3755 πτιιῑσιν
1200 3702 1252 3768 τὴν
1263 3699 1401 3773 ἀνδρείως
1411 3701 1459 3752 καλ

297 3786 356 3841 ἀπὸ
377 3792 429 3842 τοῦ
450 3791 539 3842 καλοῦ
560 3788 610 3856 τὴν
629 3790 729 3848 καλοῖς.
772 3788 810 3841 De
831 3789 930 3841 nomino
949 3784 1105 3857 μεσότητος
1122 3789 1252 3840 adverbiis
1273 3788 1370 3841 tributo
1389 3785 1457 3838 inire

295 3874 415 3927 disemus.

366 3961 391 4022 'll
410 3960 467 4012 Vid.
479 3960 566 4013 Boetb.
578 3961 671 4013 lotrad.
688 3960 719 4011 ad
737 3958 829 4028 epilog.
841 3974 869 4025 p.
882 3958 933 4009 560
945 3959 984 4010 od.
996 3958 1067 4010 Bana
1079 3956 1228 4024 Pbilosopbi
1239 3986 1274 3996 —
1284 3958 1407 4010 adverbia
1418 3973 1465 4008 no·

300 4046 407 4098 minibus
419 4047 536 4112 iungunt:
549 4048 603 4099 sine
614 4054 728 4113 tempore
740 4048 805 4097 eninr
817 4045 934 4111 quiddam
947 4044 1111 4096 eonstitntnm
1123 4044 1303 4110 definitumque
1314 4043 1466 4109 signinum,

299 4146 346 4182 nee
358 4132 466 4184 interest
477 4133 542 4199 qnod
555 4134 624 4185 denti
635 4133 736 4185 neribus
749 4139 886 4199 nequeunt:
898 4148 947 4182 aon
961 4130 1025 4183 enim
1038 4130 1086 4181 boe
1098 4130 1223 4181 nominum
1235 4130 1374 4198 proprium,
1385 4135 1414 4179 nt
1423 4142 1466 4179 ea-

299 4216 370 4268 sibus
383 4221 526 4270 fleetuntur.
552 4220 666 4270 Ammon.
685 4219 716 4270 ed
729 4216 811 4269 Arist.
823 4218 855 4268 de
867 4217 975 4281 interpr.
988 4216 1012 4266 d.
1023 4215 1057 4266 99
1069 4231 1083 4267 a
1096 4216 1143 4267 25:
1156 4218 1196 4283 api
1207 4211 1267 4267 ἀπὸ
1278 4211 1467 4285 τῆςλίιμροδι-

299 4297 402 4361 σιιὶδος
411 4298 529 4374 ἐξηγητῇ
541 4300 708 4368 (Alexandro)
721 4301 802 4354 δοκεῖ
811 4300 858 4352 καλ
870 4299 904 4351 nd
914 4297 1092 4371 ἐπιρρήματα
1101 4296 1229 4371 δνόματιι
1240 4299 1321 4365 sirei,
1332 4296 1467 4370 καθᾶπερ

298 4387 344 4438 καὶ
360 4385 410 4445 τιλς
426 4383 605 4457 ἐπωνυμίας
619 4387 667 4440 καλ
682 4385 732 4454 τὴν
749 4386 924 4457 καλουμένην
936 4383 1013 4457 παρὰ
1026 4390 1088 4444 τοῖς
1097 4388 1307 4459 γραμματικοῖς
1317 4397 1467 4456 προσηγο-

300 4475 373 4542 ρίαν.
