3290 5142
690 465 841 564 ..ο-ι*

185 624 275 720 luerit
293 656 320 718 si
340 656 407 736 quis
426 672 482 735 pro
497 645 609 736 ἁψῖδα
623 662 747 737 reponat
761 646 893 731 ἀκτῖνα,
913 670 1002 734 quam
1017 654 1216 717 coniecturam
1231 662 1347 718 nonne-

186 759 259 822 mini
281 760 312 821 iu
332 764 464 820 mentem
485 757 599 819 venisse
619 758 756 830 memini,
778 758 828 837 qui
843 762 1028 837 compararet
1042 757 1130 819 etiam
1145 758 1257 820 Phoen.
1274 776 1300 818 r.
1317 758 1346 830 5,

185 862 238 925 ubi
253 862 353 924 Solem
373 861 525 941 alloquens
539 859 653 922 locasta
673 852 718 934 ὥς
733 856 887 943 δυστυχῆ,
907 859 1017 939 inquit,
1037 852 1185 943 Θήβαισι
1205 861 1247 944 τῇ
1265 845 1349 922 τόθ’

186 955 291 1047 ἡμέρᾳ
313 952 418 1024 ἀκτῖν’
440 955 575 1046 ἐφῆκας.
603 963 661 1025 Sed
676 963 760 1025 omni
773 963 936 1024 mutatione
950 961 1159 1025 abstinendum
1169 969 1230 1024 est:
1247 961 1348 1023 orbi-

187 1074 258 1127 tam
275 1065 352 1127 Solis
366 1065 497 1145 accipere
513 1065 663 1127 montium
678 1065 829 1128 cacumina
844 1080 906 1127 non
918 1064 1018 1145 inepte
1032 1064 1171 1127 dicuntur
1182 1072 1346 1144 propterea,

186 1168 268 1249 quod
282 1168 334 1230 Sol
348 1167 446 1230 oriens
461 1168 592 1249 primum
603 1168 634 1229 in
645 1166 691 1228 his
702 1167 904 1231 cacuminibus
916 1167 999 1247 quasi
1010 1166 1147 1229 insistens
1158 1167 1347 1248 conspicitur,

186 1271 265 1334 uude
279 1270 430 1352 paullatim
444 1270 532 1332 altius
547 1269 690 1332 evehitur.

273 1372 334 1436 lam
350 1372 463 1435 oriente
479 1371 548 1435 Sole
562 1371 713 1434 adolentur
726 1373 815 1434 thura
828 1371 860 1433 in
875 1371 1019 1435 honorem
1034 1370 1191 1452 Apollinis:

390 1469 533 1559 σμύρνης
555 1467 590 1534 d'
614 1465 754 1556 ἀνύδρου
775 1469 904 1548 καπνὸς
925 1467 974 1548 οἷς
996 1464 1140 1557 ὀρόφους

393 1577 521 1658 Φοίβου
542 1570 689 1639 πέτεται.

188 1677 330 1743 Codicum
355 1678 533 1760 scripturam
559 1673 719 1750 πέταται,
745 1676 782 1740 al>
806 1676 968 1741 editoribus
988 1676 1142 1758 ldusgravii
1162 1677 1297 1757 exemplo
1317 1676 1348 1739 in

187 1774 328 1843 πέταται
342 1786 502 1855 mutatam,
518 1780 705 1843 Hermannus
720 1780 760 1842 ita
774 1781 852 1844 tueri
865 1787 987 1844 concurs
1003 1787 1062 1854 est,
1077 1786 1186 1842 utnon
1202 1779 1349 1843 volandi

188 1884 240 1945 sed
265 1883 451 1965 pandendi
470 1882 713 1964 significationem
732 1882 802 1945 lruic
822 1883 911 1945 verbo
930 1890 1089 1956 assereret,
1115 1899 1239 1963 eamque
1259 1883 1348 1945 etiam

187 1986 330 2067 aptiorem
345 1985 481 2048 hocloco
497 2004 562 2047 esse
577 1986 781 2058 contenderet,
803 1985 949 2065 siquidem
965 1985 1016 2066 qui
1030 1983 1156 2057 volaret,
1170 1984 1349 2066 relinquerat

187 2089 287 2151 locum
303 2107 338 2150 ex
349 2107 410 2169 quo
421 2087 612 2162 attolleretur,
629 2088 776 2150 thuribula
787 2106 856 2150 vero
867 2095 1045 2168 perpetuum
1056 2086 1174 2149 fumum
1185 2087 1346 2151 mitterent

186 2190 286 2271 Atqui,
302 2191 417 2271 opinor,
433 2190 484 2270 qui
498 2198 640 2271 perpetuo
655 2189 793 2263 mittitur,
808 2196 932 2270 propter
945 2189 975 2251 id
989 2190 1086 2269 ipsum
1102 2190 1190 2251 etiam
1204 2198 1347 2271 perpetuo

187 2293 281 2357 attolli
308 2313 324 2356 e
348 2290 500 2357 thuribulo
521 2300 608 2373 atque
629 2294 744 2355 evolare
762 2291 887 2354 ridetur.
921 2285 1102 2354 Πέταοθαι
1122 2298 1222 2354 autem
1243 2293 1346 2353 eodem

187 2413 277 2459 sensu
292 2412 351 2476 quo
367 2387 595 2457 πετάννοοθαι
606 2395 718 2457 dictum
729 2412 793 2456 esse
804 2394 885 2456 nullo
896 2411 952 2456 nec
963 2392 1133 2455 testimonio
1146 2411 1201 2455 nec
1212 2394 1347 2476 exemplo

186 2498 304 2579 probari
320 2504 431 2579 potest:
447 2502 549 2561 contra
563 2515 617 2577 pro
633 2493 781 2576 πέτομαι
794 2496 972 2560 recentiores
987 2495 1076 2558 etiam
1088 2490 1347 2574 adaperuere

188 2601 293 2664 solitos
316 2619 381 2663 esse
395 2600 466 2662 satis
481 2606 597 2662 constat
611 2600 870 2680 grammaticorum
884 2599 961 2661 hanc
973 2600 1101 2662 formam
1116 2599 1347 2679 improbantium

187 2703 374 2775 testimoniis,
389 2719 486 2783 neque
500 2703 610 2764 mirum
624 2722 641 2764 a
656 2701 781 2764 librariis
795 2721 862 2765 eam
877 2718 1089 2783 saepenumero
1104 2720 1158 2783 pro
1174 2700 1264 2765 altera
1273 2701 1346 2765 suls·

187 2807 325 2870 sumtum
340 2824 416 2869 esse.
431 2838 473 2849 —
488 2803 573 2876 Quod
589 2804 723 2885 sequitm
737 2823 763 2865 v.
780 2803 836 2865 91:

466 2899 593 2969 Θάοσει
617 2901 655 2969 δὲ
677 2901 753 2989 γυνὴ
776 2899 923 2986 τρίποδα
946 2899 1068 2982 ζάθεον

463 3003 593 3091 Arimis
614 2997 764 3071 oias'dooo'
786 3002 924 3091 Ἕλλησι
945 3001 1045 3089 βοάς,4

465 3098 504 3185 ἃς
526 3101 566 3171 do
587 3103 762 3173 Ἀπόλλων
782 3103 958 3195 κελαδήσῃ,

188 3231 249 3275 non
272 3213 314 3276 sic
328 3213 530 3294 accipiendum
545 3221 604 3286 est,
627 3231 660 3276 ac
674 3212 772 3275 sliam
787 3230 867 3275 nunc
881 3214 1017 3276 sacerdos
1032 3214 1135 3293 Pythia
1150 3212 1259 3294 tripodi
1274 3212 1346 3275 insi·

189 3316 262 3377 dens
283 3316 416 3379 vaticinia
430 3316 510 3389 edat,
532 3315 584 3378 sed
598 3324 632 3379 ut
646 3322 746 3397 perata
760 3334 825 3378 esse
840 3314 953 3378 dicatur
966 3315 1003 3377 ad
1018 3315 1276 3378 conscendendum
1292 3315 1346 3378 tri·

188 3419 295 3499 podem
318 3417 489 3499 edendaque
504 3418 634 3491 orama,
656 3418 681 3479 si
696 3418 747 3499 qui
761 3418 821 3479 sint
835 3418 886 3497 qui
899 3418 956 3480 rite
971 3419 1123 3481 consulere
1138 3418 1226 3480 deum
1240 3417 1344 3480 velint:

188 3520 440 3601 quemadmodum
455 3521 549 3601 ipsam
562 3519 722 3600 Aeschylus
737 3521 924 3601 profitentem
938 3520 1008 3583 lacit
1022 3521 1053 3582 in
1066 3520 1187 3601 prologo
1203 3520 1345 3584 Eumeni-

188 3623 260 3685 dum
274 3643 300 3684 τ.
318 3623 354 3685 31
366 3643 373 3683 :

630 3717 683 3788 nai
704 3717 788 3809 παρ’
806 3718 968 3810 Ἑλλήνων
988 3719 1083 3802 τινές,

432 3818 512 3890 ἴτων
533 3820 632 3910 πάλῳ
653 3819 817 3905 λαχόντας,
839 3820 886 3904 οἷς
906 3824 1089 3909 νομίζεται·

429 3922 635 4010 μαντεύομαι
657 3925 720 4012 γὰρ
741 3927 786 4004 ὦς
807 3918 848 3991 ds
868 3922 990 4015 ἡγῆται
1009 3923 1103 4005 θοός.

187 4033 238 4097 ubi
262 4033 334 4099 item
359 4032 506 4112 praesenti
531 4032 611 4095 verbi
636 4038 771 4112 tempore
796 4031 940 4097 indicatam
963 4052 1011 4097 res
1031 4033 1128 4114 paullo
1148 4032 1345 4113 postfutura.

189 4134 360 4215 Significant
376 4135 465 4215 igitur
478 4133 556 4195 lonis
575 4133 662 4196 verba
681 4133 761 4196 hunc
780 4135 858 4199 dem
880 4153 973 4199 unum
988 4156 1025 4198 ex
1040 4136 1076 4199 iis
1091 4154 1173 4209 esse,
1191 4136 1346 4216 inquibus

189 4237 386 4301 conscendere
400 4236 547 4317 tripodem
562 4235 682 4316 Pythiae
696 4236 741 4297 las
755 4236 803 4310 sit,
820 4238 899 4317 quod
913 4256 976 4302 non
991 4238 1121 4318 quotidie
1135 4238 1198 4301 fieri
1212 4230 1345 4318 potuisse

188 4345 314 4403 constat.
339 4338 377 4402 Et
389 4339 600 4421 antiquissimis
616 4337 735 4417 quidem
750 4339 933 4420 temporibus
948 4339 1040 4403 semel
1049 4349 1166 4403 tantum
1177 4341 1344 4422 quotannis,

187 4442 234 4506 dic
249 4442 309 4505 vu.
324 4444 435 4509 mensis
448 4442 535 4522 lipsii.
551 4442 603 4523 qui
615 4440 721 4505 neuls
732 4440 875 4522 Apollinis
890 4460 955 4506 esse
969 4442 1128 4518 dicebatm,
1144 4442 1279 4523 Pythiam
1295 4460 1345 4506 va·
