3222 5148
636 430 786 532 ,λλ-λλ-

135 631 276 703 tanquam
290 623 375 684 unice
392 638 491 683 rasere
505 621 709 702 adoptaverat,
732 630 766 683 nt
782 638 976 702 quaecunque
995 619 1026 681 in
1044 619 1143 682 animo
1159 620 1295 682 notiones

132 726 378 798 informarentur,
399 725 504 786 barum
521 725 662 805 originem
685 743 863 805 causamque
883 722 919 784 ab
940 722 1112 803 imaginibus
1128 731 1296 804 repeterent

133 829 313 891 extrinsecus
327 829 359 890 in
373 830 506 889 animum
527 827 635 908 illapsis
656 828 857 907 visionemque
878 825 1117 904 efficientibustl.
1153 825 1295 888 Constare

132 938 232 1011 eutem
248 932 299 993 bas
314 931 455 1012 imagines
470 931 629 992 censebant
644 931 751 994 atomis
767 931 827 992 sive
842 928 998 991 individuis
1014 929 1195 1009 corpusculis
1210 928 1295 1011 longe

132 1034 333 1096 subtilissimis
347 1042 376 1095 et
391 1034 522 1114 quolibet
538 1033 582 1096 rel
596 1034 769 1096 tenuissimo
785 1051 908 1113 corpore
924 1052 958 1094 er
975 1050 1077 1095 eorum
1090 1050 1207 1112 genere,
1219 1051 1294 1113 quae

131 1136 268 1198 manibus
283 1136 362 1216 tangi
381 1145 522 1215 possunt,
544 1135 629 1215 longe
649 1136 849 1210 tenuioribus,
872 1144 902 1196 et
923 1154 987 1197 esse
1003 1153 1105 1197 earum
1120 1134 1204 1207 alias,
1220 1153 1294 1215 quae

132 1238 233 1301 oculos
246 1238 423 1299 lacesserent
438 1243 466 1299 et
481 1237 550 1299 bine
569 1238 605 1300 ael
621 1239 752 1301 animum
774 1239 973 1309 deferrentur,
995 1237 1064 1298 alias
1084 1243 1199 1311 autem,
1220 1256 1294 1317 quae

131 1341 224 1402 oculis
238 1341 357 1421 quidem
374 1358 435 1402 non
449 1340 684 1421 perciperentur,
701 1342 751 1403 sed
767 1350 889 1422 propter
904 1359 1053 1403 summam
1069 1340 1241 1402 tenuitatem
1256 1341 1292 1403 ad

129 1441 227 1524 ipsum
247 1443 346 1505 statim
362 1442 494 1504 enimurn
516 1442 784 1524 perlaberenturssl.
825 1444 908 1507 lillici
929 1444 1046 1523 quidem
1068 1443 1209 1523 imagines
1230 1462 1293 1506 non

130 1546 219 1608 mode
239 1546 347 1608 atomis
366 1566 403 1608 ex
423 1547 521 1626 aliquo
542 1565 664 1626 corpore
685 1548 872 1608 manantibus
893 1547 1015 1626 eiusque
1036 1546 1116 1609 unde
1139 1555 1293 1610 manarent

128 1650 256 1712 sormam
272 1669 306 1711 ac
319 1650 447 1731 speciem
462 1649 667 1721 referentibus,
683 1649 734 1710 sed
751 1667 965 1730 nonnunquam
983 1652 1069 1712 etiarn
1081 1649 1202 1712 fortuita
1216 1669 1291 1730 qua-

128 1751 195 1814 dam
211 1761 240 1814 et
254 1765 416 1830 spontanea
431 1752 597 1829 vagantium
613 1768 666 1833 per
680 1770 746 1813 aera
761 1756 929 1813 atornorum
944 1753 974 1814 in
986 1754 1061 1815 bano
1077 1755 1121 1814 vel
1137 1752 1215 1813 illam
1227 1753 1291 1814 lor-

130 1872 207 1914 mam
224 1854 479 1933 coniunctionellz
495 1854 546 1915 setl
563 1853 733 1914 huiusmodi
749 1855 888 1935 imagines
901 1874 1041 1937 perquam
1055 1856 1209 1918 mutabiles
1226 1875 1291 1918 esse

129 1961 158 2015 et
180 1955 379 2017 incomtantes
407 1957 549 2034 aliterque
576 1956 638 2017 aliis
663 1976 695 2017 se
715 1958 835 2018 ollerre:
862 1956 986 2018 deorum
1013 1958 1101 2038 igitur
1125 1959 1290 2033 notionem,

129 2076 218 2119 onam
233 2058 310 2139 aputl
327 2077 432 2120 omnes
447 2064 476 2119 ct
490 2065 685 2131 constantem,
701 2076 761 2119 nou
771 2059 903 2138 potuisse
918 2059 1022 2122 nisiex
1037 2061 1086 2121 illo
1096 2079 1202 2141 genere
1214 2062 1289 2123 ima·

127 2161 228 2241 ginnm
245 2162 336 2237 nasei,
352 2180 427 2243 qnae
443 2180 502 2223 non
518 2170 617 2223 essent
631 2161 780 2237 fortuitae,
797 2162 848 2224 sed
864 2182 898 2224 ex
914 2162 1003 2225 rebus
1025 2163 1100 2225 veris
1119 2169 1207 2244 atque
1222 2183 1290 2226 cor·

126 2264 223 2346 porcis
235 2265 369 2337 emissae,
382 2284 508 2346 quarum
520 2264 648 2346 speciem
661 2264 847 2344 formamque
858 2265 1020 2328 relerentes
1028 2266 1179 2328 notionem
1186 2286 1289 2329 earum

28 2382 33 2387 ·
126 2368 283 2430 inanimis
304 2368 461 2431 efficerent.
500 2367 584 2442 Quod
606 2385 698 2446 quum
719 2377 912 2441 tamennon,
936 2373 971 2430 nt
984 2368 1108 2431 alierum
1122 2389 1232 2442 rerum,
1247 2370 1290 2433 sic

126 2471 247 2534 deorum
264 2491 383 2553 quoque
399 2472 539 2552 imagines
554 2488 607 2550 per
621 2470 722 2532 oculos
737 2470 973 2551 perciperentur,
995 2472 1065 2534 hinc
1080 2473 1220 2552 consequi
1235 2490 1288 2543 nae

125 2582 222 2637 turam
238 2594 339 2639 earum
356 2576 441 2655 louge
456 2594 544 2655 quarn
561 2575 675 2636 illarum
691 2575 858 2636 tenuiorem
874 2593 954 2647 esse,
971 2584 1002 2637 ut
1018 2575 1111 2638 oculis
1126 2592 1185 2635 non
1201 2576 1288 2639 allec·

127 2678 165 2739 tis
179 2680 216 2739 an
231 2678 327 2758 ipsum
349 2678 481 2741 animum
503 2687 657 2759 penetrare
672 2682 794 2758 possent
805 2681 814 2718 ¹
825 2678 866 2753 ⁰).
891 2678 929 2738 Et
943 2695 980 2739 ne
1001 2679 1036 2739 ab
1051 2678 1150 2740 enimo
1167 2677 1287 2758 quidem

127 2798 176 2841 eas
201 2780 321 2861 percipi,
345 2782 402 2843 nisi
428 2800 519 2861 quum
546 2781 571 2842 is
596 2780 675 2842 nulla
704 2780 758 2841 alia
784 2800 826 2853 re,
853 2799 928 2860 qnae
948 2779 1134 2842 lortiuseum
1148 2788 1288 2853 mereret,

127 2893 286 2962 occupatus
301 2892 331 2945 et
344 2885 540 2964 praepeditus,
558 2883 635 2946 affici
649 2900 753 2945 mrum
768 2883 937 2963 incursione
952 2890 982 2943 et
996 2883 1110 2945 moveri
1124 2890 1242 2965 posset,
1258 2883 1288 2945 id

196 3067 220 3131 7)
239 3066 275 3118 Cl.
289 3067 328 3118 Ps.
344 3066 470 3120 Plutarch.
484 3069 514 3119 tle
526 3069 591 3134 plac.
606 3066 665 3133 phil.
677 3067 720 3131 tV,
733 3068 762 3118 8:
783 3063 961 3132 Λεύκιππος,
978 3065 1157 3139 Δημόκριτος
1174 3065 1225 3133 τὴν
1241 3072 1284 3119 ol-

127 3156 233 3214 σθησιν
252 3154 298 3203 καὶ
318 3151 370 3217 τὴν
389 3149 488 3218 νόησιν
500 3157 632 3221 γίνεσθαι
651 3147 774 3204 εἰδώλων
786 3147 891 3211 ἔξωθεν
903 3150 1096 3224 προσιόντων·
1117 3154 1218 3224 μηδενὶ
1230 3152 1285 3223 γὰρ

125 3235 284 3302 ἐπιβάλλειν
303 3236 462 3310 μηδετέραν
477 3240 565 3309 χωρὶς
581 3240 634 3289 τοῦ
645 3242 882 3304 προσπίπτοντος
894 3235 1020 3291 εἰδώλου.
1045 3239 1175 3291 Sententia
1187 3240 1287 3306 quidem

125 3324 213 3387 plenu,
236 3326 280 3375 setl
297 3326 321 3374 iu
338 3327 420 3375 sltero
437 3325 547 3376 membro
565 3324 725 3376 scribendum
738 3338 827 3374 censeo
839 3323 948 3392 μηδένα
960 3322 1015 3393 γὰρ
1028 3322 1188 3391 ἐπιβάλλειν
1198 3323 1287 3391 μηδι·

124 3410 198 3476 τέρᾳ.
224 3409 287 3461 Nem
309 3412 376 3462 solet
397 3406 554 3476 ἐπιβάλλειν
571 3425 646 3475 quum
658 3409 689 3458 nb
702 3408 761 3458 otiis
774 3417 826 3459 tum
839 3410 870 3459 ab
882 3408 992 3473 Epicuro
1005 3411 1036 3459 tle
1049 3412 1130 3461 animo
1142 3411 1193 3462 dici
1205 3411 1247 3477 qui
1259 3411 1284 3461 in

125 3489 234 3558 eliquans
247 3493 289 3543 vel
302 3494 422 3545 visionem
436 3493 477 3545 vel
490 3495 617 3545 notionem
630 3508 687 3544 sese
699 3492 781 3542 iniieit
793 3502 819 3543 et
832 3494 962 3557 incumbit,
980 3496 1045 3546 uude
1058 3512 1146 3546 nomen
1160 3493 1283 3561 ἔπιβολή,

125 3579 189 3642 qued
203 3577 337 3630 Lucretius
350 3578 383 3643 ll,
401 3580 450 3631 739
463 3579 542 3631 latine
555 3586 657 3630 vertens
670 3578 765 3629 enimi
783 3577 933 3628 iniectum
946 3579 1016 3630 dicte.
1041 3577 1079 3629 Cl.
1093 3581 1169 3630 etism
1183 3580 1285 3631 Schnei-

123 3663 177 3713 tler.
189 3664 220 3713 ed
234 3662 336 3727 Epicuri
349 3663 458 3731 Physica
470 3680 493 3729 p.
507 3664 548 3715 65.
573 3662 724 3715 Lucltrncnn.
737 3664 768 3715 sd
782 3662 886 3713 Luat-et.
901 3678 923 3729 p.
939 3663 996 3714 tat.

193 3747 219 3811 8)
237 3747 340 3798 Lucret.
354 3747 396 3815 lV,
409 3751 480 3799 ¹132:-

326 3832 423 3898 Quippe
435 3836 527 3885 etenim
540 3834 617 3885 multo
631 3834 710 3898 magis
723 3836 785 3884 baec
797 3839 857 3884 eunt
868 3833 955 3883 teonis
969 3840 1040 3884 textu

326 3935 398 3985 quem
411 3936 474 3985 quoe
488 3921 631 3985 percutiunt
643 3920 730 3970 oculos
744 3919 874 3984 visumque
886 3916 1022 3983 lacessunt,

260 4031 262 4034 >
325 4007 441 4070 corporis
453 4006 515 4057 hoec
527 4008 642 4072 qnoniam
656 4011 789 4070 penetrent
801 4018 847 4067 per
860 4018 919 4053 rora
934 4002 1050 4070 cientque

325 4098 424 4141 tenuem
437 4091 512 4141 enimi
525 4096 639 4141 notorem
652 4091 719 4140 lutus
732 4103 882 4153 sensumque
894 4088 1031 4139 lacessunt.

210 4176 237 4237 9)
255 4176 292 4226 lle
305 4177 345 4227 bis
359 4175 410 4227 viti.
424 4175 525 4228 Luerct
538 4174 583 4233 lV,
596 4175 713 4241 130sqq,
726 4176 756 4226 tle
768 4174 821 4225 illis
835 4190 858 4224 ι.
873 4175 964 4240 aosqq.

194 4263 235 4323 ill)
253 4260 321 4313 Hace
341 4269 382 4313 est
399 4278 471 4329 qottrn
491 4262 530 4312 Pa.
545 4261 674 4312 Plutarch.
690 4262 713 4325 1,
726 4261 750 4322 7,
767 4263 795 4311 15
809 4269 836 4310 et
848 4262 949 4312 Stobee.
974 4259 1029 4311 net.
1045 4263 1067 4324 l,
1078 4275 1102 4325 p.
1116 4260 1162 4311 66:
1184 4261 1283 4312 λεπτο-

122 4349 239 4417 μέρειαν
260 4347 308 4410 τῆς
329 4346 384 4397 suiv
403 4344 526 4398 ελιλώλων
545 4343 655 4415 φύσεως
667 4346 765 4395 dicunt:
784 4361 929 4413 quamquem
942 4347 1006 4413 quoti
1020 4354 1125 4411 propter
1136 4347 1200 4397 hene
1212 4361 1284 4396 uuam

123 4435 184 4483 deos
197 4439 292 4483 tuntum
304 4428 379 4498 λόγῳ
393 4428 552 4499 temperetis
564 4429 643 4482 luisse
657 4430 756 4493 volout,
769 4446 818 4481 non
830 4432 1014 4483 concedendum
1027 4441 1075 4483 est.

1018 4512 1082 4575 22*
