3276 5144
799 476 945 577 um—

292 688 366 751 qnae
380 666 449 733 huic'
462 667 628 750 amphorae
641 687 666 731 s.
681 668 816 732 relationi
830 669 1005 732 inservirent
1017 668 1195 751 pronomina
1210 687 1272 732 non
1283 669 1346 746 alia,
1360 688 1452 753 quam

291 790 367 854 qnae
386 773 475 835 etiam
493 771 525 833 in
538 770 676 852 primaria
690 789 715 833 s.
732 772 842 834 oculari
863 771 1113 836 demonstratione
1134 772 1355 836 adhibebantur.
1393 772 1453 836 Sed

291 893 384 955 quum
398 874 511 936 formae
525 892 629 936 eorum
644 873 742 953 plures
758 881 867 949 essent,
885 875 977 957 stirpe
992 875 1110 957 quidem
1125 875 1239 951 eadem,
1254 877 1307 939 sed
1317 893 1453 959 pronun-

290 976 391 1040 tiando
407 976 484 1038 varie
499 983 688 1056 temperatae,
704 974 826 1038 invaluit
838 978 1001 1058 paullatim,
1016 986 1050 1040 ut
1063 978 1169 1040 harum
1184 978 1256 1041 aliae
1269 979 1454 1059 frequentius

290 1079 321 1141 in
336 1079 491 1160 primitiva,
513 1077 587 1140 aliae
601 1078 633 1138 in
646 1078 819 1141 secundaria
833 1098 857 1140 s.
871 1079 992 1147 relativa
1007 1080 1258 1144 demonstratione
1272 1098 1454 1164 usurparen-

289 1188 347 1244 tur.
379 1181 428 1243 Sic
441 1181 472 1242 in
486 1198 625 1242 sermone
639 1179 729 1241 latino
746 1199 839 1260 quum
854 1180 913 1244 duo
929 1191 1027 1244 essent
1036 1182 1214 1264 pronomina
1228 1202 1264 1245 ex
1274 1184 1380 1247 eodem
1391 1184 1453 1247 ele·

289 1292 392 1347 mento
407 1283 547 1364 gutturall
561 1290 638 1356 nata,
659 1283 785 1345 altorum
801 1284 880 1364 qui,
901 1282 932 1344 in
947 1303 1006 1366 quo
1026 1287 1203 1364 gutturalem
1218 1304 1327 1348 sonum
1341 1287 1454 1375 labiulis

289 1386 469 1450 semivocalis
490 1385 681 1469 temperabat,
704 1385 827 1447 alterum
848 1386 924 1461 hie,
951 1406 986 1448 ex
1001 1388 1149 1468 primitivo
1165 1386 1202 1450 li
1218 1394 1328 1463 ortum,
1345 1390 1453 1470 inquo

288 1497 411 1574 propter
425 1489 570 1570 gutturale
586 1489 766 1551 elementum
787 1488 875 1550 etiam
890 1488 922 1551 in
936 1490 995 1551 tine
1011 1490 1146 1552 additum
1161 1490 1303 1553 suavioris
1318 1509 1453 1575 pronun·

288 1593 418 1655 tiationis
432 1611 519 1655 causa
534 1591 605 1653 illud
618 1590 728 1653 initiale
741 1591 773 1652 in
787 1592 994 1672 aspirationem
1010 1593 1136 1655 abieratl
1145 1591 1185 1672 ⁰),
1209 1593 1316 1655 harum
1337 1593 1453 1656 forma·

289 1678 356 1759 rum
371 1696 463 1758 alteru
478 1695 550 1769 hic,
565 1692 739 1777 plerumque
754 1693 786 1755 in
800 1684 1079 1777 primaria'tantum,
1095 1696 1192 1771 altera,
1209 1697 1284 1778 qui,
1299 1697 1330 1759 in
1343 1713 1453 1759 secun·

290 1799 369 1862 daria
388 1817 413 1861 s.
428 1797 545 1861 relativa
566 1797 819 1859 demonstratione
840 1798 976 1882 usurpari
991 1804 1095 1883 coepta
1109 1803 1168 1861 est¹
1180 1802 1219 1880 ¹).
1254 1800 1314 1862 Sed
1328 1800 1454 1863 eandem

291 1938 385 2006 possit,
405 1951 477 1988 nemo
497 1936 608 2001 ignorat.
632 1933 736 1986 Rectius
753 1943 838 1987 autem
854 1936 886 1987 ab
897 1936 1065 2003 Apolloniam
1082 1936 1198 1989 doctrina
1214 1936 1356 1989 recedimus
1373 1939 1398 1989 in
1411 1952 1452 2003 eo,

288 2024 353 2091 quod
375 2019 407 2080 de
426 2031 453 2076 et
473 2023 527 2090 qui
547 2022 658 2073 relativa
679 2021 755 2073 etiam
772 2022 807 2073 ibi
824 2037 952 2086 vocamus,
972 2022 1015 2074 ubi
1027 2038 1076 2073 uon
1089 2023 1170 2089 priori
1182 2023 1288 2075 ceddae
1300 2024 1453 2091 repetendae

287 2109 442 2172 inserviunt,
463 2109 507 2160 sed
527 2107 671 2159 adiunctam
692 2108 740 2158 sibi
761 2109 800 2158 rei
820 2108 1018 2173 designationem
1037 2116 1156 2175 mnquam
1167 2110 1283 2176 protasio
1295 2125 1351 2161 eum
1363 2110 1453 2162 subse·

288 2196 374 2262 quenti
386 2195 497 2246 membro
510 2194 641 2261 apodotlco
654 2200 814 2256 connectunt,
827 2194 899 2244 velut
919 2187 950 2250 ὃς
969 2209 1000 2245 κε
1021 2198 1100 2252 θεοῖς
1117 2190 1311 2261 ἐπιπείθηται,
1331 2189 1451 2265 patto?

292 2273 390 2333 ἔκλυον
402 2277 498 2343 αὑτοῦ,
515 2287 559 2331 ant
576 2294 662 2346 quam
681 2278 813 2345 quisque
830 2279 918 2329 norit
934 2286 1033 2330 artem
1051 2279 1080 2330 in
1092 2279 1148 2331 lrao
1161 2294 1193 2331 se
1205 2287 1363 2332 exerceat.
1386 2280 1452 2333 Nam

286 2364 438 2434 Apollonius
450 2360 598 2434 ἀναφορᾶς
610 2365 735 2415 notionem
748 2364 820 2415 nimis
832 2371 965 2430 angustam
974 2365 1070 2431 habuit,
1083 2367 1169 2433 quade
1179 2367 1271 2418 rodini
1280 2367 1305 2419 ia
1315 2364 1449 2419 Animadr.

288 2453 320 2503 ad
334 2459 395 2503 vett.
409 2469 448 2517 gr.
462 2451 544 2502 doctr.
557 2451 587 2502 de
599 2451 673 2501 artic.
687 2467 709 2516 p.
722 2449 764 2500 27.
775 2450 817 2502 28.
1068 2512 1073 2523 Ι

358 2537 400 2604 10)
417 2537 504 2605 Boppii
524 2538 589 2587 banc
609 2537 759 2587 sententiam
780 2551 837 2587 ease
858 2551 935 2604 supra
952 2537 1099 2600 memoravi,
1118 2552 1191 2603 quam
1203 2553 1277 2604 quum
1288 2538 1450 2591 verissimam

288 2639 345 2676 esse
358 2623 474 2688 iudicem,
487 2623 550 2673 illud
562 2637 659 2689 quoque
670 2636 710 2672 me
722 2622 841 2689 amplecti
852 2631 969 2689 apparet,
986 2623 1051 2690 quod
1064 2623 1130 2673 idem
1141 2623 1182 2674 vir
1194 2638 1304 2675 summus
1316 2640 1339 2691 p.
1353 2624 1403 2674 212
1416 2639 1450 2676 ce

288 2709 438 2779 particulam
460 2709 522 2759 nihil
542 2707 610 2759 alind
631 2721 688 2757 ease
709 2707 754 2771 ait,
775 2723 847 2774 quam
859 2723 915 2774 que
927 2706 1049 2759 elemento
1061 2707 1320 2759 labialidestitntnm.
1345 2708 1451 2762 Dubitat

287 2794 386 2862 quidem
398 2793 590 2854 blommaenius,
607 2793 637 2843 de
650 2790 751 2843 dialect.
762 2791 819 2844 ltal.
830 2809 855 2860 p.
869 2791 932 2857 269,
949 2794 994 2845 sed
1005 2793 1112 2857 iniuria,
1125 2799 1152 2844 nt
1164 2793 1285 2845 arbitror.
1308 2792 1371 2844 Nam
1383 2795 1451 2861 quud

289 2879 390 2943 obiicit,
411 2879 448 2930 sic
461 2878 541 2930 Oscos
561 2878 589 2929 in
609 2877 663 2930 illis
679 2875 768 2929 formis
784 2879 939 2944 pronominis
956 2878 1159 2944 demonstrativi,
1181 2893 1242 2945 quas
1259 2895 1345 2944 supra,
1357 2886 1409 2931 not.
1424 2879 1450 2947 6,

287 2965 367 3030 posui,
389 2981 438 3015 non
457 2963 475 3015 la
494 2965 539 3015 sed
549 2979 568 3032 p
580 2965 788 3028 pronuntiaturos
800 2963 888 3029 brisso,
908 2964 957 3017 lroc
968 2964 1005 3016 ita
1016 2963 1209 3027 removebimus,
1220 2970 1249 3014 ut
1260 2964 1372 3017 dieamus
1385 2963 1449 3017 illud

287 3050 417 3114 gutturale
437 3049 462 3113 la,
482 3048 508 3100 iu
529 3049 614 3115 priseo
635 3050 680 3101 illo
702 3065 827 3113 sermone,
846 3050 912 3101 unde
932 3056 959 3101 et
979 3066 1038 3101 osea
1059 3057 1086 3102 et
1100 3049 1180 3101 latina
1198 3048 1285 3113 lingua
1297 3059 1369 3102 ortae
1380 3057 1449 3117 sunt,

287 3151 377 3203 purum
393 3143 420 3187 et
431 3136 526 3202 absque
537 3135 624 3187 labiall
635 3136 760 3187 elemento
773 3136 799 3186 in
810 3136 941 3200 primitiva
953 3152 974 3188 s.
987 3134 1097 3199 oculari,
1114 3151 1170 3187 oum
1182 3149 1212 3186 eo
1224 3143 1309 3187 autem
1320 3137 1346 3187 in
1357 3152 1450 3188 secun·

287 3223 358 3275 daria
377 3238 399 3273 s.
420 3223 530 3274 relativa
552 3221 766 3273 demonstratione
786 3222 905 3286 usurpari
927 3223 1029 3273 solitum
1046 3220 1134 3286 fuisse,
1154 3221 1336 3287 atquelriucin
1348 3224 1451 3275 demon·

286 3307 406 3360 strativis
426 3307 526 3374 quidem
547 3308 648 3372 proprie
668 3307 744 3358 dictis
758 3306 839 3358 Oscos
859 3323 957 3375 quoque
976 3309 1074 3373 pariter
1091 3322 1164 3374 quam
1176 3306 1283 3358 Latinos
1295 3308 1451 3372 gutturalem

287 3408 375 3458 puram
391 3408 543 3459 usurpasse,
560 3393 586 3443 in
603 3392 719 3445 mlativis
736 3400 819 3443 autem
837 3401 863 3444 ot
875 3393 1013 3445 indefinitis
1025 3407 1059 3444 ex
1070 3409 1102 3458 pu
1115 3409 1137 3444 a.
1149 3392 1181 3444 lm
1192 3390 1282 3443 iecisse
1295 3390 1412 3444 labialem
1420 3408 1450 3462 p.

285 3476 348 3530 Nam
365 3493 533 3546 quaecumque
551 3479 696 3543 pronomina
715 3486 760 3529 aut
770 3478 954 3543 pronominalis
966 3480 1031 3545 apud
1044 3478 1153 3547 Oscosp
1165 3477 1270 3544 babent,
1287 3493 1336 3528 nou
1347 3478 1450 3529 demon·

285 3564 396 3616 atrativa
409 3565 512 3630 proprie
524 3566 601 3628 diota,
614 3565 658 3615 sed
670 3564 782 3616 relativa
793 3571 837 3616 aut
849 3565 926 3617 etiam
938 3564 1067 3616 indefinita
1079 3572 1146 3616 sunt.

355 3650 396 3713 11)
416 3650 503 3702 Simile
525 3650 582 3718 quid
604 3652 629 3701 in
648 3665 740 3714 graeca
756 3650 844 3715 lingua
860 3648 954 3701 laetum
965 3665 998 3701 ex
1010 3649 1150 3702 Homericis
1163 3648 1315 3701 carminibus
1328 3647 1451 3714 capessi

284 3742 381 3803 potest,
403 3737 428 3787 in
445 3736 534 3804 quibus
552 3751 625 3804 quum
643 3751 780 3801 pronomen
797 3730 829 3793 ὅς
843 3736 915 3786 modo
928 3736 963 3787 sit
975 3737 992 3786 i.
1004 3753 1027 3802 q.
1038 3737 1089 3786 bic
1101 3751 1125 3786 v.
1139 3734 1211 3799 ille,
1232 3736 1306 3786 modo
1319 3740 1403 3786 summ
1412 3756 1451 3780 ι-

285 3823 351 3891 qui,
369 3837 491 3888 persaepe
509 3830 606 3886 umen,
621 3821 665 3873 ubi
675 3822 725 3873 lroc
737 3836 813 3873 senso
826 3828 971 3886 usurpatur,
988 3836 1035 3885 pro
1047 3820 1205 3884 aspiratione
1215 3834 1351 3872 maronam
1363 3822 1449 3885 potius

285 3923 311 3961 v.
323 3907 502 3959 semivocalem
513 3908 533 3973 j
542 3905 622 3959 luisse
634 3915 743 3960 metrum
754 3906 849 3972 arguit.
874 3905 911 3957 Cl.
924 3905 1087 3971 Savelsberg.
1099 3905 1123 3956 in
1136 3903 1268 3957 llulniam
1280 3903 1382 3973 sylloge
1393 3902 1450 3956 Vlll

286 4010 310 4059 p.
323 3992 382 4044 4022
408 3992 523 4044 Attamen
544 3993 663 4058 primitus
684 3994 749 4047 bauo
766 3992 871 4045 lormam
888 3993 1050 4060 pronominis,
1071 4006 1135 4059 quae
1151 4005 1288 4043 aeoosona
1300 3989 1451 4043 semivocali

286 4079 409 4144 inciperet
421 4092 472 4130 aer.
482 4076 549 4143 jas,
566 4095 605 4144 gr.
618 4079 687 4146 jos,
701 4095 824 4147 nunquam
835 4079 862 4131 in
876 4078 1012 4144 primitiva,
1023 4078 1068 4129 aad
1080 4090 1181 4141 semper
1193 4076 1218 4127 in
1230 4076 1379 4128 secundaria
1391 4084 1451 4129 tan·

285 4171 338 4216 tum
350 4180 372 4215 a.
385 4164 493 4216 relativa
506 4165 721 4216 demonstratione
733 4173 879 4230 murpatam
892 4179 961 4228 ease,
979 4162 1183 4230 quemadmodum
1197 4160 1381 4229 multivolum,
1397 4178 1449 4214 noa

284 4250 395 4302 adducor
414 4256 445 4302 nt
463 4251 573 4302 credam.
600 4250 635 4302 Et
654 4250 681 4303 in
697 4250 810 4303 Zendica
825 4250 912 4315 lingua
928 4265 985 4317 yae
1001 4248 1078 4300 etiam
1089 4246 1325 4310 demonstrativum,
1343 4247 1369 4297 la.
1382 4261 1406 4299 e.
1417 4254 1449 4299 nt

284 4337 406 4402 arbitror,
422 4336 565 4403 primitivae
581 4336 804 4389 demonstrationis
821 4341 956 4402 pronomen
973 4349 1031 4387 essa
1042 4334 1150 4400 Boppius
1162 4334 1237 4386 docet
1247 4331 1272 4400 §-
1285 4331 1348 4383 aas:
1366 4347 1448 4400 neom

285 4422 361 4475 aliter
373 4438 402 4474 sa
412 4421 506 4489 babetj
514 4422 539 4472 is
551 4421 576 4473 ln
588 4419 675 4487 lingm
686 4422 845 4487 littbuaniea,
856 4423 889 4474 de
900 4436 958 4491 qua,
970 4427 1073 4486 praeter·
1084 4421 1211 4486 lloppium,
1223 4417 1256 4473 ab
1268 4415 1346 4472 etlam
1355 4416 1447 4471 Snitla.

282 4510 310 4562 la
321 4509 384 4562 diss.
396 4507 428 4560 de
438 4508 502 4561 locis
513 4507 662 4577 quibusdam
672 4507 733 4574 ling.
745 4508 809 4563 But
822 4516 850 4561 et
861 4506 931 4560 Slav.
942 4504 975 4560 lll
988 4506 1110 4573 (Harmas
1123 4505 1201 4571 1859)
1213 4521 1238 4572 p.
1252 4505 1294 4557 28.
