3190 5136
821 496 1020 601 A

341 697 468 752 stratum
487 697 541 750 est.
585 689 652 751 Nou
672 687 821 769 improbat
840 687 1027 752 hermannus
1041 686 1174 750 Herculis
1193 704 1260 751 cum
1277 686 1396 751 Christo
1416 707 1503 752 corn-

342 792 537 873 parationem,
553 807 642 871 qaum
656 790 782 853 ieamer
797 791 943 854 [theonas
957 786 1090 865 instituit,
1102 809 1120 853 a
1133 808 1182 853 me
1195 809 1226 871 p.
1241 790 1301 855 139
1316 808 1503 855 sommono-

340 902 438 971 ratus3
453 894 504 956 sed
518 892 612 955 utitur
625 892 681 955 hac
695 892 850 955 occasione
865 900 897 954 ut
913 893 1104 968 demonstret,
1120 900 1261 973 quantum
1277 901 1375 956 tamen
1385 893 1504 956 intersit

341 998 417 1060 inter
436 996 584 1077 antiquam
603 1004 633 1058 et
653 996 842 1058 christianam
862 996 1036 1058 doctrinam.
1077 995 1109 1057 id
1129 1013 1184 1075 eqo
1204 1014 1252 1057 me
1277 1013 1339 1058 nou
1364 997 1505 1076 ignorare

342 1100 446 1163 credo:
472 1098 524 1161 sed
549 1099 641 1160 mults
668 1106 766 1161 tamen
791 1097 878 1160 etiam
905 1097 1076 1177 conspirare
1099 1097 1200 1172 video,
1225 1099 1417 1178 videruntque
1441 1098 1504 1179 ipsi

342 1200 468 1282 apostoli
492 1208 523 1262 et
545 1199 656 1280 antiqui
681 1200 812 1262 ethnicae
838 1199 1057 1280 superstitionis
1086 1200 1308 1281 impugnatores
1334 1200 1503 1275 Christiani,

342 1321 470 1385 quorum
484 1302 602 1383 plurimi
616 1301 684 1365 talia
703 1303 836 1365 ethnicos
852 1320 914 1365 non
933 1303 1017 1384 ipsos
1037 1302 1231 1383 excogitasse,
1250 1303 1303 1365 sed
1323 1305 1453 1385 ahioyse
1472 1312 1502 1366 et

340 1405 495 1488 prophetis
521 1406 671 1487 accepisse
701 1405 901 1480 crediderumt,
935 1422 1027 1486 quum
1052 1412 1155 1467 contra
1179 1404 1286 1468 ethnici
1314 1406 1351 1467 de
1376 1422 1500 1469 suorum

341 1508 458 1589 scriptis
473 1507 564 1571 multa
579 1507 615 1570 ad
631 1509 815 1573 Christianos
833 1509 954 1571 duxisse
973 1507 1193 1570 contenderent
1237 1507 1269 1569 id
1290 1516 1399 1583 auum,
1418 1509 1500 1589 quod

341 1612 528 1674 hermannus
554 1619 692 1692 tanquam
717 1613 873 1693 proprium
898 1610 1076 1692 antiquitatis
1095 1618 1160 1673 eta
1186 1608 1344 1673 christiana
1368 1610 1501 1674 doctrina

341 1714 466 1777 mamma
481 1713 628 1779 diuersum
643 1725 796 1792 memorat,
811 1715 849 1777 iili
866 1732 982 1796 quoque
1002 1714 1088 1795 parti,
1103 1731 1161 1795 qua
1180 1713 1284 1775 ederis
1304 1712 1500 1777 animantibus

341 1817 450 1881 similes
470 1836 592 1895 sumus,
610 1820 657 1881 ius
676 1836 763 1883 suum
778 1837 845 1881 esse
860 1836 1049 1893 concessum,
1064 1819 1135 1892 hoc,
1155 1823 1297 1897 quanam
1311 1816 1430 1896 quidem
1444 1834 1500 1899 eqp

342 1922 441 1994 sciam,
455 1937 493 1983 ne
507 1941 523 1983 a
537 1932 641 1985 nostra
660 1922 777 2003 quidem
796 1921 936 2002 reiigione
958 1921 1083 1984 aiieuum
1099 1927 1158 1981 est:
1177 1936 1279 1981 rerum
1293 1935 1355 1979 non
1375 1918 1443 1999 pius
1461 1919 1501 1982 ih·

340 2024 416 2106 parti
430 2042 518 2105 quam
536 2025 582 2088 ins
597 2044 685 2087 suum
701 2024 821 2087 concedi
836 2024 951 2099 dehere,
966 2034 995 2086 et
1016 2036 1167 2085 summum
1181 2020 1384 2084 invirtutibus
1402 2021 1501 2084 iomm

342 2128 472 2189 obtinere
487 2128 646 2208 pudorem,
662 2128 885 2203 confidentiam,
900 2125 1140 2208 temperantiam,
1155 2123 1243 2186 etiam
1264 2132 1373 2186 annea
1395 2123 1435 2185 iiii
1452 2124 1500 2186 in·

340 2237 521 2300 tellexeruut.
566 2231 653 2306 Quod
674 2239 772 2294 autem
793 2230 873 2292 addit
892 2236 1031 2309 tanquam
1052 2227 1266 2290 consectarium
1286 2242 1322 2288 ex
1346 2222 1395 2288 illo
1421 2227 1501 2290 atter·

341 2339 417 2419 parti
444 2336 683 2410 commercium,
709 2334 849 2396 fluctuare
874 2331 1062 2412 antiquorum
1081 2331 1217 2393 virtutem
1243 2328 1452 2410 cupiditatibus
1473 2340 1503 2391 et

341 2441 432 2503 modo
453 2440 511 2501 huc
533 2437 623 2501 modo
651 2438 718 2501 illuc
736 2435 858 2518 impelli,
884 2443 928 2508 nt,
954 2434 1089 2496 sivincat
1103 2431 1206 2494 molior
1219 2448 1303 2512 pars,
1325 2440 1425 2494 umen
1438 2448 1501 2495 nou

341 2543 449 2624 pudeat
463 2542 544 2603 alteri
559 2559 678 2623 qunque
693 2539 803 2620 aliquid
818 2538 988 2600 indulsisse:
1007 2536 1066 2597 hoc
1080 2536 1213 2610 aiterum,
1228 2534 1380 2614 indulgere
1393 2534 1501 2616 aiiqnid

341 2645 461 2726 corpori
475 2652 505 2706 et
524 2643 743 2724 cupiditatibus,
764 2660 802 2704 ne
816 2640 973 2704 Christiani
993 2636 1109 2720 quidem
1129 2655 1263 2701 vereatur
1285 2647 1336 2700 aut
1356 2648 1501 2712 vetamur3

340 2748 480 2811 domuere
495 2755 592 2809 auum
607 2755 636 2809 et
650 2747 741 2808 modo
757 2745 816 2807 huc
830 2742 920 2806 modo
937 2743 1004 2805 iiiuc
1017 2741 1133 2822 impetit
1148 2758 1243 2822 noque
1263 2760 1398 2806 coeroers
1417 2748 1501 2828 mpq.

340 2851 444 2914 ditatas
459 2851 575 2913 ratione
590 2868 690 2930 posse,
706 2847 852 2910 veteribus
866 2864 928 2908 non
943 2845 1036 2925 magis
1051 2862 1139 2925 quom
1154 2844 1242 2906 nohis
1254 2845 1394 2908 decomm
1405 2848 1502 2913 visum

340 2963 394 3016 est.
425 2952 579 3015 duritatem
595 2960 693 3013 autern
709 2967 896 3012 communem
913 2964 1102 3026 amoremque
1115 2946 1203 3008 ιιιίιιιι
1217 2944 1404 3013 inimieorum
1416 2970 1502 3032 prse-

340 3056 410 3138 cipit
423 3056 541 3137 quidem
557 3054 644 3117 nohis
659 3053 704 3114 lex
719 3052 823 3125 divina
839 3067 929 3130 qnam
943 3048 982 3111 iiii
996 3048 1130 3110 nondum
1144 3059 1301 3114 noverant:
1316 3052 1368 3114 scd
1383 3071 1456 3133 prae
1470 3074 1503 3119 se

340 3160 415 3221 ferre
440 3157 520 3220 hunc
545 3174 678 3219 amorem
703 3153 769 3235 quis
795 3160 931 3215 nostrum
958 3147 1057 3214 ausit?
1086 3150 1129 3213 tte
1150 3168 1230 3226 tera,
1255 3154 1336 3233 quod
1358 3157 1503 3222 recubam

340 3261 526 3323 hermannus
540 3258 694 3341 proprium
712 3254 830 3329 tribuit,
850 3272 949 3317 amare
963 3256 1107 3327 amimam,
1126 3254 1277 3317 iniurieum
1292 3256 1408 3333 odisse,
1423 3260 1502 3324 idem

338 3364 426 3427 etiam
445 3381 503 3426 nos
525 3361 660 3432 iacimus,
683 3359 928 3439 agnoscimusque
949 3359 1006 3419 hac
1019 3358 1051 3419 in
1065 3364 1160 3436 parte,
1176 3357 1251 3419 unat
1263 3356 1295 3419 in
1309 3359 1372 3423 aliis
1387 3365 1502 3437 mettis,

338 3467 426 3542 vitam
440 3473 573 3528 nostram
590 3463 721 3526 doctriua
741 3462 915 3524 deteriorem
935 3480 1010 3524 esse.
1049 3462 1108 3524 Sed
1123 3461 1207 3541 quid,
1226 3480 1351 3543 quaeso,
1372 3468 1447 3531 haee
1466 3488 1503 3530 o-

338 3570 418 3633 mnia
440 3570 476 3632 ad
490 3567 665 3648 Aeschylum
681 3575 731 3627 aut
748 3564 784 3626 ad
799 3583 896 3626 meam
916 3564 1005 3627 soluti
1019 3563 1188 3626 Promethei
1202 3567 1403 3645 tragoediam?
1433 3571 1504 3633 Non

339 3673 418 3735 enim
433 3690 488 3752 ego
503 3679 563 3733 tam
578 3669 695 3749 ineptus
712 3669 761 3743 iui,
775 3676 809 3729 ut
822 3668 887 3729 talia
902 3674 1057 3748 praecepto
1071 3666 1134 3728 dari
1148 3666 1297 3747 flngmcm.
1334 3671 1376 3734 lie
1390 3672 1504 3737 iustitia

341 3784 465 3847 tautum,
481 3773 517 3835 de
532 3790 611 3852 pace,
628 3772 664 3834 de
678 3770 843 3846 concordia,
858 3771 895 3833 de
908 3771 1118 3843 moderatione,
1134 3766 1172 3830 de
1185 3768 1291 3848 pietate
1302 3772 1424 3837 Themis
1436 3796 1506 3840 mes

340 3878 479 3958 loquitur,
501 3892 573 3956 quas
588 3874 708 3937 rirmtes
724 3874 774 3956 qni
788 3894 805 3936 a
819 3872 964 3936 vewnhus
979 3873 1102 3939 minoris
1118 3896 1205 3958 qoam
1222 3898 1238 3940 a
1253 3876 1341 3940 nohis
1361 3877 1504 3942 aestima.

339 3989 384 4042 tas
404 3979 495 4053 dicat,
518 3997 664 4041 sommam
684 3978 817 4057 proiecto
838 3976 972 4039 iniuriam
991 3978 1027 4040 iis
1054 3980 1147 4042 iaciat.
1191 3980 1376 4043 timmannan
1401 3988 1506 4043 autem

340 4081 590 4163 quemadmodum
604 4080 673 4143 iliud
697 4082 728 4142 in
742 4080 851 4141 loaune
866 4078 995 4141 Diacono
1011 4081 1126 4162 probat,
1148 4083 1228 4163 quod
1243 4083 1395 4146 flantem
1423 4100 1506 4164 quo·

340 4186 498 4248 dammodo
514 4203 582 4247 curn
597 4184 713 4245 Christo
731 4181 893 4263 comparari
913 4198 1004 4261 posse
1018 4183 1102 4259 dixit,
1121 4185 1161 4248 ita
1179 4186 1265 4248 οιιιιιιι
1285 4186 1344 4248 hec
1362 4195 1443 4248 recte
1457 4187 1506 4248 ia·

339 4296 420 4351 ctum
435 4305 593 4368 agnoscere
605 4286 738 4359 debebat,
754 4283 833 4365 quod
846 4285 1054 4348 Prometheum
1070 4284 1147 4349 idem
1163 4302 1230 4349 eum
1246 4287 1357 4351 hdamo
1373 4306 1506 4367 compo·

340 4390 406 4452 suit.
440 4382 508 4452 Οὐκ
532 4378 665 4463 ἄτοπον,
689 4387 790 4468 inquit,
812 4381 870 4450 καὶ
891 4379 952 4449 ἐπὶ
972 4385 1031 4450 τοῦ
1053 4383 1268 4473 προπάτορος
1292 4382 1504 4470 &taddeum

338 4489 379 4555 vo*
408 4485 527 4575 coppo,
557 4480 601 4562 aig
626 4480 779 4574 ἦπᾶτησε
798 4482 860 4569 μὲν
885 4486 943 4553 τὸν
970 4486 1168 4575 δημιουργὸν
1190 4485 1209 4554 o‘
1231 4482 1504 4574 momentaneae
