3190 5136
778 382 980 481 „lte-

299 585 415 653 ροσσον
435 565 553 653 σέρμαε
567 568 694 632 nimiae
709 565 927 631 valetudinis
943 576 972 629 et
985 568 1243 649 prosperitatis
1258 568 1377 631 esitus
1397 568 1454 631 in-

299 680 439 754 gratus:
466 690 547 735 uam
572 672 607 733 in
626 671 835 752 propinquo
857 679 941 733 sunt
959 669 1105 734 morbus
1125 680 1159 733 et
1177 670 1368 734 calamitas.
1397 670 1457 734 Sed

300 773 485 856 supersederi
505 780 604 837 temen
623 773 679 836 bec
698 773 866 836 coniectura
884 780 997 853 potest,
1016 773 1179 834 dummodo
1196 792 1252 854 pro
1273 767 1335 859 γάρ
1350 772 1459 836 causuli

298 884 459 958 reponatur
474 875 686 939 edversatirum
702 870 754 952 δέ,
773 875 854 954 quod
874 894 891 937 a
909 873 1033 937 librariis
1054 892 1116 937 non
1137 875 1227 937 semel
1241 895 1311 938 cum
1325 876 1373 938 illo
1387 894 1457 956 per·

300 988 443 1042 mutatum
458 996 524 1040 esse
539 987 663 1042 constat
694 978 768 1041 Nam
783 978 826 1040 sic
840 986 869 1040 et
879 977 1041 1040 sententiae
1051 977 1214 1040 consulitur
1227 986 1256 1041 et
1266 996 1459 1041 numerorum

302 1080 508 1162 aequabilitati‚
523 1080 668 1162 siquidem
682 1079 799 1143 brevem
814 1089 885 1162 post
898 1073 996 1154 νόσος
1006 1080 1146 1161 syllohom
1162 1080 1271 1160 requiri
1281 1079 1459 1161 entbtropbi

302 1181 483 1263 compotatio
499 1181 593 1245 docet.
609 1217 651 1228 —
666 1182 726 1245 lum
742 1191 905 1262 sequuntur
919 1182 950 1245 iu
965 1182 1116 1245 codicibus
1126 1182 1212 1245 baec:

401 1278 461 1346 καί
482 1277 613 1365 πότμος
634 1279 834 1367 ίσθοπορῶν
856 1276 976 1370 ἀνδρὸς
997 1276 1138 1348 ἔπαισεν
1152 1274 1299 1371 ίίφανσον
1321 1279 1415 1370 ίρμα.

302 1386 337 1451 ad
354 1403 482 1467 quorum
498 1388 749 1451 constructionem
763 1388 835 1450 nihil
846 1388 1072 1451 desiderandum
1087 1406 1153 1451 esse
1164 1387 1334 1451 Hermanno
1349 1408 1459 1452 conce-

301 1489 414 1555 dimus:
430 1508 500 1553 nam
514 1483 631 1552 παίειν
644 1491 702 1553 hoc
716 1508 808 1553 sensu
823 1508 889 1554 cum
907 1491 973 1553 solo
988 1489 1167 1565 accusativo,
1187 1490 1254 1552 licet
1266 1490 1379 1566 rarius,
1397 1509 1460 1554 non

301 1601 400 1657 mareu
418 1593 584 1657 inauditum
601 1601 660 1669 σοις
679 1594 732 1656 sed
753 1593 855 1656 deesse
874 1593 981 1674 aliquid
1006 1592 1094 1656 nobis
1114 1593 1226 1656 ridetur
1245 1611 1336 1674 quum
1351 1594 1386 1657 ed
1401 1612 1460 1657 nu-

302 1714 455 1759 merorum
469 1696 693 1771 rotunditatem,
707 1704 771 1758 tum
784 1714 853 1759 rero
870 1697 905 1760 ud
922 1696 1106 1759 senteutiam.
1137 1696 1254 1779 Quippe
1265 1714 1327 1759 nou
1343 1696 1461 1776 quaeris

300 1817 445 1882 prospera
465 1801 583 1862 fortuna
603 1798 640 1862 ad
660 1792 814 1879 scopulum
833 1799 981 1881 impingit,
1001 1800 1052 1862 sed
1073 1818 1106 1862 ea
1122 1806 1248 1874 mutum,
1264 1818 1338 1880 quae
1351 1799 1461 1863 immo-

303 1900 368 1965 dice
382 1908 430 1963 est
442 1908 493 1963 eut
507 1920 565 1982 qua
579 1900 645 1981 quis
661 1918 723 1963 non
742 1908 821 1964 recte
839 1901 938 1964 utitur.
982 1903 1014 1965 ld
1034 1902 1099 1983 ipse
1114 1902 1274 1984 Aeschylus
1293 1908 1415 1965 testetur
1434 1922 1461 1963 v.

303 2002 381 2065 731:
402 1995 502 2067 σίκων
524 1994 710 2067 εὐθυδίκων
730 1997 912 2080 καλλίπαις
933 1999 1063 2085 πότμος
1085 1997 1161 2069 cisi.
1185 2014 1214 2067 et
1231 2006 1317 2069 Eum.
1337 2025 1363 2067 r.
1385 2005 1462 2067 521:

304 2096 388 2169 ίκών
414 2096 590 2187 δὀἷνιίγκας
617 2097 693 2189 ίίσερ
722 2101 854 2183 δίκαιος
880 2098 928 2171 civ
954 2099 1012 2171 or'rc
1039 2097 1181 2189 ίίνολβος
1207 2098 1310 2171 ἔσται.
1352 2106 1464 2173 Deinde

302 2210 389 2271 credo
404 2210 539 2291 equidem
553 2209 726 2291 Aeschylum
737 2211 825 2275 etiam
838 2205 922 2295 ἕρμα
931 2212 1012 2286 illud,
1027 2211 1064 2273 ad
1076 2211 1155 2292 quod
1166 2210 1256 2274 nimie
1266 2210 1463 2291 euticuprobn

302 2311 422 2375 felicitas
442 2312 595 2393 impingat,
614 2312 699 2391 quale
719 2312 758 2376 sit
776 2314 875 2395 paullo
896 2314 1033 2378 disertius
1052 2314 1206 2377 iudicasse.
1245 2313 1417 2388 Postremo,
1436 2312 1463 2376 si

302 2416 368 2497 quis
384 2424 481 2478 tamen
495 2416 568 2479 hacc
580 2416 714 2497 potuisse
729 2417 831 2479 saltem
848 2416 942 2478 omitti
954 2415 1121 2489 contendat,
1136 2422 1239 2496 utpote
1250 2434 1285 2477 ex
1296 2421 1364 2477 ante
1375 2414 1462 2479 dictis

302 2518 501 2599 intelligenda,
518 2520 605 2582 etiam
621 2519 811 2600 antistrophi,
825 2519 861 2581 de
876 2518 981 2599 quibus
997 2517 1095 2580 statim
1111 2517 1267 2581 dicendum
1283 2517 1351 2592 erit,
1371 2517 1462 2580 fidem

303 2620 413 2685 lucium
426 2621 532 2702 aliquid
547 2621 685 2685 hocloco
701 2621 851 2685 excidisse.
881 2620 1129 2684 Commodissime
1148 2628 1178 2683 et
1191 2621 1227 2683 ad
1244 2620 1418 2684 sententiam
1432 2628 1463 2682 et

302 2725 340 2787 ad
355 2742 496 2787 numeros
511 2723 672 2805 explendos
687 2725 775 2787 scribi
790 2723 911 2805 poterit:

249 2827 281 2877 ³⁷
446 2820 505 2888 καί
527 2818 658 2906 πότμος
679 2818 877 2910 εὐθυπορῶν
900 2816 1019 2910 ἀνδρὸς
1039 2815 1124 2907 ὑπὲρ
1146 2819 1186 2886 τὸ
1206 2819 1325 2910 μέτρον

445 2928 580 2991 θᾶσσον
601 2919 722 2991 ἔπαισε
744 2924 829 3011 πρὸς
850 2918 933 3002 ίίσας
954 2918 1101 3013 ίίφανσον
1123 2919 1215 3012 ἕρμα.

302 3031 340 3094 Εῑ
353 3031 412 3093 hoc
426 3031 545 3111 quidem
559 3025 646 3113 πρὸς
660 3020 743 3104 ἷίσας
757 3029 843 3093 mium
858 3029 991 3094 Prienius
1006 3030 1072 3092 addi
1088 3030 1187 3105 voluit,
1201 3029 1233 3093 iu
1247 3029 1349 3094 lluseo
1363 3031 1460 3095 urso

303 3133 358 3195 vol.
374 3132 424 3196 vll
438 3150 506 3195 ann
525 3132 606 3196 1850
621 3151 651 3212 p.
667 3131 738 3195 388.

387 3235 615 3317 luautistroplm
634 3235 721 3316 primi
742 3235 801 3299 duo
822 3254 924 3298 versus
951 3234 1023 3299 nihil
1037 3235 1213 3299 difficultatis
1227 3236 1344 3299 hebent.
1385 3237 1463 3301 Nam

302 3340 382 3421 quod
398 3338 505 3418 ambigi
519 3344 626 3419 potest,
640 3346 740 3401 uuum
755 3333 861 3403 ποσόν
881 3328 1005 3422 μίίπαξ
1024 3357 1062 3401 an
1078 3330 1173 3416 ἅπαξ
1191 3332 1296 3404 ποσόν
1305 3339 1464 3421 legendum

302 3441 353 3517 sit,
367 3441 475 3504 umbus
490 3440 634 3504 momenti
650 3446 711 3516 est,
731 3442 782 3504 sed
801 3441 936 3522 proxime
955 3441 1053 3505 stetim
1079 3441 1180 3517 verbm
1206 3450 1240 3517 ut
1256 3442 1288 3506 in
1310 3442 1465 3507 codicibus

303 3544 412 3625 scripte
430 3551 517 3618 sunt,
537 3534 589 3618 τίς
611 3531 651 3604 dr
671 3537 777 3606 πάλιν
799 3534 1007 3625 ἀγκαλέσαιτ’
1029 3535 1210 3621 ἐπαείδων,
1238 3545 1298 3608 duo
1320 3563 1382 3611 nen
1396 3565 1464 3609 am-

301 3647 388 3729 bigue
401 3646 510 3708 habent
524 3646 706 3727 corruptelae
720 3645 834 3709 indicia.
864 3644 998 3709 Primum
1017 3645 1095 3708 enim
1114 3641 1218 3709 πάλιν
1235 3646 1319 3710 abest
1331 3668 1348 3712 a
1361 3648 1465 3723 Fun,

303 3757 333 3812 el
350 3757 429 3812 recte
448 3748 545 3812 abest:
564 3765 634 3812 nam
655 3757 759 3829 poetae
778 3747 850 3812 nibil
869 3767 946 3828 opus
966 3747 1021 3811 but
1034 3749 1094 3811 boc
1112 3768 1327 3831 supervacaneo
1348 3749 1464 3814 addita-

303 3858 417 3914 meuto:
441 3851 585 3932 interpres
605 3852 634 3913 id
650 3851 816 3914 adscribere
827 3851 932 3931 potuit,
947 3869 1005 3932 quo
1017 3850 1179 3931 pleniorem
1190 3854 1299 3916 fuceret
1309 3853 1367 3915 run
1381 3853 1466 3917 verbi

302 3944 529 4037 α’μκαίίσαισο.
566 3954 676 4017 Deinde
692 3954 770 4034 quod
785 3953 817 4015 in
832 3954 937 4016 eodem
951 3955 1038 4016 Fun.
1049 3962 1128 4017 extat
1140 3946 1192 4029 τίς
1212 3946 1465 4037 σ’ἄγκαλέσαιτ’,

301 4057 484 4123 demonstrat
498 4045 538 4118 dv
552 4055 588 4119 ab
603 4075 649 4131 eo,
663 4056 713 4136 qui
728 4057 807 4119 huno
821 4056 952 4119 codicem
969 4057 1100 4137 scripsit,
1115 4075 1177 4120 non
1195 4058 1303 4122 lectum
1322 4078 1389 4123 esse
1407 4078 1465 4123 ne-

303 4179 360 4240 que
387 4160 584 4223 necessariam
619 4158 651 4219 iu
685 4159 732 4220 tali
766 4160 994 4239 interrogatione
1022 4160 1192 4241 perticulam
1222 4180 1288 4224 esse
1324 4162 1468 4226 evincunt

301 4261 431 4341 exempla
454 4260 615 4341 aReisigio
636 4260 672 4323 de
692 4252 733 4322 ίίν
747 4270 820 4342 part
839 4281 868 4343 p.
892 4262 965 4336 132,
986 4263 1022 4326 ab
1043 4263 1211 4327 Humanno
1237 4262 1347 4344 Opusc
1373 4266 1412 4329 tv
1433 4286 1465 4347 p.

305 4364 364 4425 140
376 4370 406 4424 et
425 4363 483 4425 157
496 4371 525 4424 et
537 4382 553 4426 a
565 4363 729 4426 blaetznero
743 4365 778 4427 ad
795 4364 914 4445 Antiph.
930 4384 959 4445 p.
980 4366 1184 4429 meconem:
1199 4367 1249 4429 sed
1265 4383 1327 4429 non
1341 4368 1466 4438 mirum,
