3276 5144
779 470 929 573 „²3⁸-

276 664 382 738 dicant,
398 662 505 745 quibus
520 663 659 746 equidem
673 681 721 724 me
737 661 873 726 assentiri
887 662 1087 744 profiteamur
1105 668 1203 724 umen
1217 667 1251 724 ut
1266 659 1436 744 propiorem

276 768 365 830 verbo
390 785 456 829 esso
475 785 620 829 censeam.
651 766 723 827 Nam
745 784 760 826 a
782 765 1033 838 nominaverint,
1059 764 1138 844 quod
1154 764 1335 827 abstractum
1349 764 1437 826 bodie

276 887 425 943 romnus,
448 870 513 950 quia
534 870 643 931 nodam
660 869 749 932 habet
763 868 886 929 aetionis
901 875 952 929 aut
966 869 1110 947 passionis
1124 868 1286 942 notionem,
1311 886 1437 948 eamque

276 989 337 1033 non
353 972 552 1033 inhaerentem
568 973 652 1034 alicui
668 972 857 1042 substantiae,
874 971 925 1031 sed
941 970 1034 1052 ipsam
1049 971 1133 1050 quasi
1148 971 1329 1034 substantiae
1341 971 1438 1050 specie

275 1074 476 1150 informatam,
497 1075 655 1136 infinitivus
671 1094 706 1136 co
722 1076 826 1148 differt,
851 1074 928 1153 qtrod
943 1092 1062 1153 semper
1075 1074 1163 1135 etiam
1179 1073 1437 1135 antonomasiae

275 1178 427 1239 notionem
443 1178 575 1258 quamde
591 1177 771 1238 indefinitam
787 1184 818 1238 et·
831 1177 983 1249 incertam,
998 1176 1123 1257 ideoque
1137 1174 1226 1237 etiam
1242 1178 1364 1255 coputae
1380 1175 1437 1236 vim

188 1364 190 1367 ι
276 1278 308 1341 in
321 1299 353 1341 se
368 1279 465 1353 babet,
488 1280 567 1341 unde
582 1281 625 1354 ut,
646 1287 752 1342 utnon
769 1279 852 1340 aliter
866 1297 953 1359 quam
976 1279 1096 1340 verbnm
1112 1279 1228 1340 finitum
1245 1296 1311 1340 eum
1329 1277 1437 1340 activae

275 1389 327 1444 aut
340 1381 471 1461 passivae
485 1390 536 1444 aut
550 1383 692 1444 neutralis
707 1382 883 1444 conditionis
904 1381 1272 1463 significatione-temporis
1287 1378 1435 1460 adsignifi-

276 1485 423 1546 catiunenr
439 1486 605 1564 coniungat,
622 1503 696 1564 quac
711 1503 725 1545 a
741 1484 862 1546 nomine
882 1484 988 1545 verbali
1004 1483 1150 1546 abstracto
1165 1483 1259 1546 atiena
1274 1491 1329 1556 est,
1349 1490 1438 1562 atque

275 1605 344 1649 cum
359 1587 463 1648 iisdem
478 1606 512 1649 ac
527 1588 646 1648 veritum
668 1587 784 1647 finitum
800 1585 914 1648 casibus
930 1586 1112 1647 obiectorum
1128 1591 1328 1656 construatur,
1344 1603 1437 1666 quum
1472 1574 1476 1579 ’

275 1689 419 1751 abstracta
439 1690 486 1750 itta
506 1689 666 1767 genitivum
687 1690 795 1769 potios,
816 1705 905 1769 quem
927 1704 987 1748 non
1008 1686 1107 1768 inepte
1122 1687 1303 1749 definitivum
1318 1687 1437 1761 dixeris,

273 1808 424 1852 assumere
444 1792 568 1852 soleant.
598 1790 714 1852 introita
735 1798 834 1851 autem
853 1790 901 1851 ilia
922 1796 952 1850 et
966 1791 1076 1850 incerta
1091 1788 1213 1851 subiecti
1228 1791 1320 1863 notio,
1347 1808 1438 1870 quam

275 1891 372 1954 inesse
391 1893 421 1954 in
440 1891 584 1954 infinitivo
599 1893 668 1967 dixi,
694 1893 719 1954 si
735 1893 872 1954 disertius
886 1890 1039 1953 indicanda
1054 1899 1099 1951 est
1128 1891 1245 1971 aliquod
1261 1908 1371 1951 nomen
1385 1897 1438 1952 aut

275 2012 441 2075 pronomen
458 1997 628 2076 requiritur,
656 1997 744 2077 idque
765 2003 886 2077 propter
902 2002 1011 2056 certam
1027 1993 1176 2074 qrrandam
1192 2012 1320 2067 causam,
1347 2011 1437 2074 quam

275 2099 439 2160 accuratius
459 2099 601 2179 explicare
620 2099 743 2179 longum
763 2118 818 2161 nec
838 2098 925 2159 buius
946 2096 1003 2158 loci
1017 2104 1072 2167 cst,
1099 2095 1129 2155 in
1144 2096 1317 2170 accusativo,
1341 2096 1437 2158 rarius

276 2216 331 2261 nec
356 2201 412 2262 nisi
434 2202 523 2263 certis
548 2202 764 2264 conditionibus
790 2201 821 2262 in
846 2200 1028 2262 nominativo
1054 2197 1153 2259 aliisve
1176 2200 1291 2260 casibus
1312 2197 1436 2260 additur.

276 2299 377 2373 Quint
392 2304 471 2383 quod
487 2305 575 2367 etiam
592 2305 670 2366 verbi
687 2304 758 2365 tiniti
771 2303 857 2365 tertia
871 2318 997 2382 persona
1012 2310 1115 2363 natura
1131 2318 1185 2362 sua
1196 2301 1308 2362 infinita
1320 2301 1439 2381 τοῦθ),

275 2420 332 2465 nec
350 2404 437 2495 'finita
456 2406 490 2466 fit
508 2407 565 2467 nisi
586 2406 684 2467 addito
706 2412 757 2466 aut
772 2404 919 2466 intellecto
932 2404 1029 2482 at=q110
1045 2404 1166 2465 nomine
1180 2410 1232 2465 aut
1246 2404 1438 2483 pronomine:

276 2524 310 2567 ac
330 2523 368 2566 nc
386 2507 480 2586 prima
497 2508 617 2589 quidem
632 2516 662 2569 et
675 2506 802 2569 secunda
817 2523 945 2586 persone
959 2506 1023 2566 iure
1038 2505 1135 2565 finitae
1150 2505 1205 2566 dici
1220 2514 1355 2585 possunt,
1381 2504 1439 2567 nisi

275 2590 301 2668 ei
316 2608 366 2689 qui
381 2608 512 2690 loquitur
527 2619 556 2671 et
572 2629 658 2690 (mem
672 2611 830 2691 alloquitur
844 2617 895 2671 aut
905 2617 1073 2688 praesentes
1088 2613 1139 2669 aut
1150 2606 1265 2669 abunde
1280 2607 1343 2668 noti
1358 2612 1438 2669 sunt.

274 2711 398 2773 -Non
413 2713 622 2793 segregandum
634 2733 649 2775 a
663 2713 750 2775 verbo
765 2712 941 2773 infinitivum
957 2731 1022 2772 esse
1037 2711 1126 2772 etiam
1142 2711 1234 2773 Stoici
1249 2717 1438 2785 censuerunt,

275 2812 368 2875 immo
394 2810 538 2895 ῥήματος
564 2815 757 2896 appel'atione
783 2815 863 2876 hunc
881 2813 1068 2893 potissimum
1090 2818 1120 2874 et
1140 2819 1257 2891 practer
1275 2812 1345 2875 alias
1360 2813 1440 2875 verbi

276 2913 389 2977 formas
404 2935 522 2979 vocasse
537 2917 681 2979 videntur.
720 2907 761 2978 Oi
784 2906 857 2976 ἀπὸ
879 2912 938 2996 τῆς
958 2913 1073 2987 Στοᾶς,
1088 2914 1183 2993 inquit
1198 2914 1380 2995 Apollonius,
1403 2915 1441 2979 de

275 3025 385 3079 constr.
404 3019 431 3091 1,
447 3017 467 3079 8
483 3037 511 3098 p.
529 3018 579 3091 31,
597 3009 678 3079 αὐτὸ
700 3014 760 3097 μὲν
782 3011 833 3097 (τὸ
851 3008 1106 3098 ἅπαρέμφατον)
1129 3011 1267 3077 καλοῦσι
1283 3013 1379 3100 ῥῆμα,
1400 3010 1441 3078 τὸ

277 3113 315 3179 δὲ
336 3120 561 3199 περιπατεῖ
581 3109 604 3203 ἢ
625 3114 776 3201 γράφει
797 3114 1010 3202 κατηγόρημα
1032 3107 1055 3202 ἢ
1076 3112 1242 3198 σύμβαμα.
1273 3118 1338 3180 Νοο
1369 3118 1440 3181 satis

275 3226 376 3281 tamen
392 3230 526 3283 accurate
541 3221 712 3302 Apollonius
727 3223 844 3282 loeutus
860 3226 913 3294 est,
937 3220 1063 3301 ideoque
1078 3219 1238 3281 nonnullos
1253 3220 1284 3282 in
1300 3222 1378 3282 bunc
1391 3239 1441 3283 er-

274 3338 373 3383 rorem
400 3322 523 3396 induxit,
551 3331 584 3385 ut
609 3319 755 3405 ῥήματος
780 3341 893 3384 nomen
912 3341 928 3384 a
944 3322 1051 3384 Stoicis
1069 3321 1126 3384 soli
1145 3321 1287 3385 irtiuitivu
1302 3323 1441 3396 inditum,

276 3422 365 3484 verbo
380 3424 462 3486 finito
478 3433 577 3486 autem
593 3425 769 3505 denegatum
785 3444 849 3486 esse
864 3424 1026 3486 crederent.
1056 3423 1153 3485 lmuio
1169 3425 1281 3486 aretiis
1295 3424 1444 3506 hecquo·

275 3540 333 3605 quc
349 3521 445 3608 ῥῆμα,
467 3528 518 3588 sed
535 3535 651 3608 practer
665 3526 741 3588 banc
756 3544 946 3589 communem
962 3523 1187 3606 appellationem
1203 3526 1292 3587 etiam
1308 3526 1370 3588 otiis
1385 3544 1443 3589 no·

275 3626 404 3688 minibus
421 3629 512 3709 magis
527 3630 645 3711 proprie
661 3629 874 3708 designabatur,
891 3627 986 3707 qualia
1000 3634 1079 3701 sunt,
1095 3644 1157 3688 non
1173 3628 1291 3708 qu‘dem
1303 3622 1444 3713 κατηγό·

277 3749 365 3813 appan
381 3730 460 3806 (narn
477 3733 535 3793 hoc
547 3749 665 3813 quoque
678 3749 837 3794 commuue
852 3747 964 3792 nomen
975 3732 1044 3809 est)
1060 3729 1112 3791 scd
1122 3723 1279 3811 σύμβαμα
1293 3735 1325 3793 et
1336 3751 1446 3814 παρα-

278 3876 481 3890 *—

345 3969 387 4033 33)
406 3967 505 4020 Monuit
522 3968 569 4020 boc
586 3970 640 4038 ipse
655 3968 804 4038 Apollonius
817 3969 847 4020 do
859 3975 953 4020 constr.
966 3966 995 4032 Π,
1008 3970 1023 4019 5
1037 3984 1060 4036 p.
1076 3968 1133 4033 101,
1148 3967 1192 4019 15:
1215 3962 1367 4041 ὁριζόμενοι
1385 3966 1444 4039 γὰρ

278 4047 312 4104 τὰ
331 4050 441 4122 ῥήματα
458 4050 527 4105 κατὰ
547 4055 660 4122 πρῶτον
671 4056 718 4106 καὶ
731 4051 862 4123 δεύτερον
873 4049 1070 4121 ἆοριστοῦνται
1083 4050 1152 4105 κατὰ
1165 4050 1197 4104 τὸ
1209 4057 1313 4122 τρίτον.
1334 4050 1372 4105 Cf.
1384 4052 1443 4106 Prt-

285 4139 365 4189 seian.
377 4136 434 4203 ΧΠ,
451 4138 466 4188 2
484 4154 508 4203 p.
522 4140 585 4191 578:
607 4157 677 4208 „oon
694 4137 907 4191 irrationabiliter
928 4139 1018 4190 tertias
1030 4139 1167 4190 verborum
1187 4154 1309 4206 personas
1329 4140 1444 4192 infinitos

280 4221 430 4288 Apollonius
447 4223 519 4287 dicit,
536 4240 609 4291 pum
623 4223 691 4277 nulla
705 4226 729 4275 io
742 4226 779 4277 eis
791 4232 861 4276 carta
875 4224 978 4276 finiatur
992 4237 1098 4289 persone
1110 4232 1137 4275 et
1150 4224 1287 4288 profundae
1299 4225 1442 4276 mmtitudi·

281 4307 321 4358 nis
341 4309 393 4359 sint
414 4310 546 4375 capaces.“
569 4310 627 4362 iton
643 4311 726 4376 inepte
738 4310 817 4377 igitur
829 4310 909 4361 Stoici
920 4310 999 4361 verba
1011 4312 1104 4361 tei-ttae
1117 4325 1247 4375 personae,
1259 4311 1282 4361 si
1295 4311 1351 4362 sota
1364 4326 1444 4377 pone·

277 4399 375 4456 rentur,
387 4388 487 4459 ἐλλιπῆ
500 4400 625 4447 vocarunt
635 4394 719 4462 (Dios.
731 4396 760 4448 L.
772 4395 826 4462 Vll,
837 4396 888 4460 63),
901 4394 1027 4447 immerito
1039 4396 1111 4446 irrisi
1122 4392 1263 4447 aPrantiio
1276 4393 1444 4461 (Geretiobte

278 4476 324 4528 dor
336 4476 419 4543 Logik
432 4495 455 4544 p.
469 4480 549 4546 4³8),
561 4481 603 4549 qni
615 4482 714 4535 omnino
728 4482 801 4534 nimis
814 4483 924 4550 iniquum
937 4481 1082 4534 Stoicorum
1094 4498 1226 4535 censorem
1238 4482 1300 4549 agit.
