3154 5138
650 498 710 563 ae1

190 686 209 761 Ι,
227 686 273 760 12,
288 684 338 749 31.
353 688 384 748 in
400 686 549 749 codicibus
563 696 622 749 eat:
638 704 725 767 quse
738 695 823 749 sunt
834 687 867 749 in
881 685 1010 748 iisdem
1024 687 1156 749 erratis
1170 687 1257 759 tera,

118 787 232 866 quitus
246 807 285 850 oa
299 806 387 868 quae
398 788 440 851 de
452 788 603 852 Platone
618 788 785 851 dicimus:
805 807 955 871 quomque
974 789 1033 852 hoo
1050 806 1189 869 praesens
1204 790 1257 852 di·

117 888 214 950 rimue
234 889 341 952 falsum
359 908 426 952 esse
451 900 618 971 appareret,
637 891 752 972 priores
766 891 915 954 leuissima
930 890 1091 953 mutatione
1105 890 1258 955 dirimas

115 1001 307 1070 reposuerunt,
324 992 370 1054 oui
385 1011 439 1055 our
451 992 584 1055 Klotzius
599 1011 683 1055 suem
697 993 895 1057 eonieoturam
909 992 1063 1054 vidimus
1082 993 1260 1072 praetulerit,

114 1111 165 1154 non
188 1095 257 1157 satis
284 1094 421 1175 intelligo.
465 1095 539 1157 Nem
559 1095 671 1157 etiamsi
691 1096 766 1157 torte
784 1094 875 1166 dieat,
895 1093 1114 1159 eonreuienu'ua
1129 1094 1188 1157 hoe
1202 1095 1258 1159 siti

113 1194 195 1256 snum
210 1215 279 1257 esse
293 1205 462 1277 propterm,
481 1197 561 1277 quod
582 1196 739 1258 dixerint
753 1197 871 1277 quidem
885 1195 923 1259 de
936 1197 1060 1259 Platone
1074 1213 1136 1258 non
1151 1197 1259 1278 piures,

112 1297 155 1358 sed
167 1315 242 1361 unns
259 1298 401 1371 Velleius,
421 1300 578 1362 viderint
591 1306 701 1375 autem
720 1300 800 1380 quod
819 1300 845 1362 is
860 1318 876 1362 a
891 1317 925 1361 ee
943 1298 1177 1362 demonstratum
1191 1315 1289 1366 esset

112 1400 205 1475 medat,
218 1402 309 1465 etiam
323 1401 423 1476 ceteri,
438 1403 487 1482 qui
502 1402 532 1463 iu
547 1402 605 1462 hoo
618 1418 756 1464 sermone
770 1401 886 1476 adsunt,
899 1409 1045 1463 temeram
1054 1400 1125 1463 iliud
1135 1403 1258 1465 altmum

110 1501 228 1581 qudem,
247 1504 384 1586 quamvis
403 1504 502 1566 minus
517 1511 651 1567 narrate
668 1503 791 1578 doum,
810 1522 827 1567 a
846 1503 1008 1585 quotidiani
1021 1503 1170 1567 sermonis
1184 1522 1257 1567 eou-

110 1606 249 1669 suetudine
270 1606 432 1669 abhorrere
449 1606 600 1669 fatendum
620 1607 682 1669 erit
726 1607 763 1668 Et
787 1606 916 1687 loquitur
937 1606 1023 1686 plane
1041 1606 1147 1670 eodem
1166 1606 1257 1669 modo

111 1705 204 1770 tisibus
216 1709 254 1783 ΙΙ,
272 1709 330 1782 66,
350 1710 423 1771 tot:
444 1709 486 1770 ob
505 1728 564 1771 eas
584 1726 709 1771 eauaae
732 1727 818 1790 quae
838 1716 917 1773 ante
931 1708 1098 1784 diximus,
1113 1708 1181 1771 lieet
1194 1709 1259 1789 ipae

110 1808 179 1871 seire
193 1827 247 1872 nee
261 1811 421 1891 quisquam
432 1820 547 1891 praeter
560 1812 659 1891 ipsum
675 1829 724 1873 ees
739 1811 851 1872 dixerit.
894 1810 1063 1892 Eademque
1075 1810 1194 1891 plumalis
1208 1828 1258 1873 ra-

109 1911 144 1972 tio
156 1913 247 1988 estli,
260 1912 323 1985 63,
343 1914 417 1985 157,
431 1913 481 1976 ubi
495 1913 629 1976 litetrius
644 1912 709 1992 ipse
721 1911 853 1992 scripsit,
873 1914 925 1974 sie
940 1930 979 1975 ea
998 1931 1085 1993 quae
1103 1913 1257 1976 diximus

108 2013 147 2074 iia
163 2015 252 2077 solis
275 2015 520 2078 confitendum
540 2023 594 2077 ost
608 2033 689 2077 esse
709 2021 848 2095 parata:
868 2032 972 2095 meque
990 2015 1188 2095 reprehendit,
1206 2016 1256 2097 qui

109 2116 274 2197 singularem
298 2116 371 2179 dixi
389 2117 584 2198 praetulerim.
622 2118 808 2197 Quamquam
827 2117 899 2178 haee
924 2116 1040 2197 quidem
1065 2117 1257 2197 reprehensio

108 2216 201 2282 iniuste
214 2229 277 2283 est:
294 2238 365 2282 nam
381 2227 498 2282 seorurs
518 2239 585 2282 sum
600 2220 735 2283 rodium
754 2218 968 2294 auctoritatem,
982 2236 1109 2300 querum
1124 2220 1171 2282 alii
1187 2220 1257 2283 dixi

107 2320 271 2397 iishahent,
288 2321 337 2384 alii
352 2330 449 2384 autem
466 2322 622 2384 diximus
640 2320 1007 2403 absquepmnomineiis.
1029 2322 1256 2386 Cememoestin

109 2422 320 2489 Vindobonenei
333 2424 547 2504 antiquissimo,
562 2425 646 2487 errius
660 2423 909 2487 accuratissimam
921 2424 1109 2489 eodationem
1119 2425 1151 2488 in
1161 2426 1256 2488 maui-

14 2590 15 2597 ,
105 2524 153 2589 bus
168 2528 277 2602 habeo,
295 2535 324 2589 et
338 2526 425 2589 eredo
441 2526 528 2590 etiam
543 2528 572 2589 in
588 2526 692 2590 eeteris
711 2545 790 2602 esse,
809 2527 859 2609 qui
879 2528 1036 2591 diximus
1057 2528 1178 2603 habent,
1190 2528 1257 2590 lieet

106 2627 137 2690 de
148 2629 193 2692 his
207 2649 244 2693 ex
257 2628 370 2692 iioseri
384 2629 572 2693 annotatione
586 2645 647 2691 non
661 2629 733 2690 satis
744 2637 871 2692 constet:
888 2629 1040 2693 diximus
1055 2637 1153 2693 autem
1168 2648 1255 2710 quani

14 2784 15 2793 ,
106 2730 177 2795 ireiie
190 2753 226 2795 ex
237 2732 361 2796 dixiiis
376 2730 441 2795 fieri
455 2730 592 2813 potuerit,
609 2731 639 2793 in
652 2740 754 2812 aperto
769 2741 823 2794 est

179 2835 200 2907 Ι,
214 2837 266 2909 14,
284 2833 336 2896 36.
358 2833 523 2914 Ambigitur
541 2842 641 2896 utrum
662 2834 757 2897 verius
776 2834 828 2909 sit,
844 2834 923 2914 quod
944 2836 1060 2898 eodiree
1074 2836 1133 2897 iere
1152 2851 1256 2898 omnes

105 2935 210 3011 intrem,
225 2938 408 3001 rationem
422 2937 596 3017 quandam
612 2955 674 3017 per
689 2937 844 2999 omnium
859 2945 1021 3000 naturam
1036 2955 1153 3002 rerum
1173 2956 1256 3018 per·

103 3037 284 3117 tinentem,
305 3058 343 3102 en
361 3040 442 3120 quod
462 3059 478 3100 a
496 3038 640 3101 Lambino
661 3040 691 3101 in
706 3056 767 3102 uno
783 3039 883 3102 codiee
897 3038 1060 3113 inventum,
1076 3060 1093 3103 a
1107 3040 1257 3122 plerisque

102 3142 252 3219 protanam
266 3150 324 3216 est,
339 3159 552 3221 peromnem
567 3150 728 3204 naturam
742 3159 869 3204 rerum.
912 3142 1044 3207 Klotsius
1056 3142 1173 3223 quidem
1188 3162 1255 3208 enm

101 3241 201 3307 Oredio
220 3245 296 3308 iilud
310 3242 458 3325 praetulit,
478 3245 558 3325 quod
577 3243 719 3307 maiorem
738 3244 919 3307 aeodioitus
933 3246 1135 3309 auotoritatem
1149 3245 1257 3310 hubam

101 3345 253 3423 videretur,
274 3366 330 3426 ego
350 3347 380 3408 in
401 3346 570 3409 huiuamodi
589 3363 623 3408 re
643 3364 705 3408 non
725 3354 784 3409 tam
803 3346 989 3413 aueonueee
1009 3366 1097 3428 quam
1112 3348 1255 3412 rationem

99 3450 275 3530 mouendam
290 3460 381 3523 ratus,
395 3466 535 3512 omnem
549 3449 678 3528 reposui.
721 3449 795 3512 Nem
815 3448 1034 3530 quodOreiiius
1049 3466 1106 3512 nos
1120 3450 1158 3513 ad
1172 3451 1255 3514 Eire-

99 3550 171 3614 niehi
185 3552 443 3617 adumbrationem
461 3551 559 3631 legum
577 3552 649 3614 artis
666 3551 782 3615 uitione
800 3550 924 3614 verbalis
943 3551 1064 3630 ablegat,
1078 3551 1188 3615 trustra
1201 3562 1255 3616 est

98 3651 378 3719 Nihiienimiilenisi
394 3670 527 3717 errorem
542 3653 657 3728 Berisii,
673 3655 722 3734 qui
737 3654 857 3717 aiteram
871 3654 1074 3735 depretionem
1087 3665 1256 3735 aperpetue

99 3752 243 3819 (iseronie
270 3756 453 3836 aliorumque
479 3755 692 3819 consuetudine
717 3756 839 3819 adanam
866 3774 933 3819 ease
957 3756 1081 3830 dixerat,
1108 3756 1167 3819 hoe
1192 3774 1254 3820 uuo

98 3860 226 3939 exempto
241 3857 402 3938 redarguit,
418 3857 497 3938 qnod
513 3865 558 3920 est
571 3858 608 3921 de
624 3877 667 3921 or.
684 3858 717 3933 il,
734 3858 784 3934 78,
805 3857 881 3921 317:
900 3857 991 3922 nihii
1006 3866 1063 3922 est
1076 3857 1112 3921 in
1126 3867 1256 3924 natura

99 3961 253 4023 omnium
270 3976 401 4034 rerum,
417 3960 511 4040 quod
526 3980 563 4022 se
579 3961 784 4024 universum
799 3962 1254 4049 protundat,eoqueexemplo

97 4071 190 4126 tuetur
204 4063 295 4127 etiam
311 4063 390 4144 quod
406 4063 550 4144 seriptum
565 4073 610 4127 est
624 4064 661 4126 do
675 4063 747 4143 legg.
759 4064 782 4138 1,
798 4063 848 4138 23,
863 4065 919 4128 61:
935 4066 993 4145 qui
1009 4067 1166 4143 eoelum,
1180 4076 1255 4132 ter-

96 4181 163 4241 ras,
178 4165 292 4231 maria
306 4183 495 4246 rerumque
510 4167 666 4229 omnium
680 4174 842 4229 naturam
857 4169 1094 4247 perspexerit
1137 4169 1257 4233 Poterat

96 4266 179 4329 etiam
193 4267 329 4349 ptmitus
340 4268 393 4342 uti,
409 4269 486 4333 velut
499 4270 536 4332 do
546 4269 617 4350 legg.
632 4268 666 4343 11,
683 4270 711 4342 7,
729 4269 781 4332 16:
800 4270 900 4333 nesae
919 4268 1038 4333 dioere
1056 4272 1162 4334 uliam
1181 4290 1255 4334 rem

98 4380 283 4446 praestare
295 4379 446 4435 naturae
461 4372 617 4435 omnium
632 4390 758 4435 rerum.
773 4371 859 4434 nord.
874 4371 914 4446 il,
928 4371 983 4447 36,
1001 4373 1077 4435 114:
1095 4382 1254 4435 naturam

98 4486 210 4535 rerum
227 4474 384 4537 omniurn
401 4474 552 4539 evolvas.
590 4473 709 4548 Quintil.
729 4474 751 4534 Ι.
772 4472 808 4535 0.
829 4473 866 4545 V,
884 4474 937 4547 10,
958 4474 1011 4535 15:
1031 4474 1137 4537 debet
1162 4472 1254 4535 enim
