3266 5140
783 476 801 482 „
853 386 914 449 aaa

904 476 979 485 --..-.

303 574 451 654 amplexus
467 573 553 635 verba
568 572 716 635 Ciceronis
737 574 767 634 in
788 575 865 635 hunc
883 574 1004 634 modum
1025 573 1246 652 interpretatur,
1260 580 1293 634 ut
1308 572 1383 634 dicat
1397 573 1456 652 pri-

304 694 384 738 mum
397 676 530 737 invisenti
545 675 601 736 sibi
617 677 688 738 haec
701 676 764 737 loca
781 676 968 756 Sophoclem,
982 694 1084 737 eorum
1102 674 1171 735 olim
1186 674 1319 747 incolam,
1336 673 1373 736 ob
1385 694 1456 735 ocu-

302 777 347 838 los
373 778 494 850 versari,
518 778 622 839 deinde
644 778 700 839 hac
722 778 877 858 Sophoclis
900 779 998 859 specie
1021 777 1199 839 commoveri
1222 797 1254 838 se
1273 776 1309 838 ad
1324 777 1456 838 altiorem

302 881 475 941 memoriam
498 880 674 960 Oedipodis,
698 880 806 960 quippo
828 899 916 960 quem
939 878 984 941 ille
1006 880 1063 941 hnc
1085 878 1247 941 venientem
1271 878 1456 939 nobilissima

302 980 398 1044 tabula
412 982 566 1043 induxerit.
594 983 652 1044 Sed
668 982 788 1044 ollendit
801 1002 849 1044 me
864 982 893 1043 in
908 981 963 1043 hac
977 982 1212 1060 interpretatione
1227 981 1363 1061 primum,
1379 981 1457 1061 quod

302 1083 340 1145 ita
359 1102 421 1146 non
441 1092 519 1146 recte
532 1087 637 1165 species
659 1086 826 1164 quaedam
845 1083 950 1145 dicitur
966 1084 1002 1144 de
1024 1083 1181 1162 Sophocle,
1205 1084 1233 1145 h.
1256 1103 1282 1143 e.
1305 1082 1341 1144 de
1360 1082 1458 1164 specie

304 1185 460 1266 Sophoclis
479 1186 571 1248 modo
592 1196 830 1260 commemorata,
850 1204 935 1266 mam
952 1184 976 1246 si
991 1186 1098 1247 iterum
1112 1185 1230 1266 intelligi
1241 1184 1342 1248 Cicero
1357 1183 1457 1257 volarit,

304 1306 365 1349 non
384 1288 534 1350 indefinito
555 1290 730 1369 pronomine
745 1290 895 1370 quaedem,
911 1289 963 1349 sed
978 1288 1204 1351 demonstrativa
1223 1287 1277 1349 tuo
1290 1285 1333 1349 uti
1347 1285 1457 1347 debuit.

272 1401 286 1449 4
305 1391 379 1453 Nam
394 1390 539 1453 absonum
559 1411 625 1454 esse
644 1392 675 1454 in
693 1392 864 1456 huiusmodi
885 1393 1012 1454 veruodo
1029 1395 1131 1454 acatia
1144 1392 1169 1466 Ι)
1189 1388 1330 1451 indefiniti
1344 1407 1456 1469 prono-

302 1493 393 1555 minis
407 1513 496 1556 usnm
512 1513 583 1556 suus
598 1511 743 1574 quemque
758 1513 864 1555 sensus
881 1493 978 1567 docet,
997 1494 1145 1574 sensitque
1164 1492 1241 1553 haud
1262 1490 1350 1553 dubie
1363 1491 1458 1572 Orop-

303 1596 404 1658 senius
426 1596 502 1676 ipse,
530 1615 620 1676 quum
642 1596 670 1655 in
691 1596 888 1656 convertendo
913 1597 978 1657 loeo
1006 1595 1266 1658 demonstrativum
1291 1611 1458 1674 pronomen

305 1697 501 1759 substituerit:
522 1699 596 1760 dieas
616 1696 798 1770 Trnomdild,
815 1698 898 1778 qnasi
917 1716 979 1760 non
995 1703 1101 1780 specim
1120 1696 1333 1780 quaedamsed
1354 1699 1460 1776 sperem

302 1797 357 1859 illo
374 1798 525 1878 legeretur.
569 1798 678 1860 Deinde
697 1799 722 1860 si
742 1799 876 1861 altiorem
894 1804 1067 1862 moriam
1081 1800 1236 1881 Oedipodis
1254 1818 1289 1860 eo
1303 1816 1393 1861 sensn
1409 1798 1457 1860 Ci-

302 1918 369 1962 cero
385 1901 514 1973 dixisset,
531 1921 589 1982 quo
604 1901 781 1981 Oroysenius
796 1902 904 1975 statuit,
919 1903 955 1964 de
969 1903 1112 1965 memoria
1127 1902 1295 1965 vetustioris
1305 1900 1460 1981 temporis,

303 2004 348 2066 die
358 2002 545 2083 Bmhmruap
559 2004 610 2082 (ita
618 2004 696 2065 enim
704 2004 861 2066 haecaheo
878 2023 1017 2068 conversa
1033 2007 1114 2080 sunt)
1130 2023 1170 2067 uo
1184 2008 1245 2067 aiae
1259 2006 1376 2085 femere
1388 2002 1456 2065 Ver-

301 2104 481 2185 pauperatae,
496 2124 536 2167 aaa
551 2105 685 2186 Oedipus,
697 2115 730 2167 ut
744 2115 908 2186 opponeret
921 2107 998 2168 hanc
1011 2107 1187 2169 memoriam
1201 2105 1284 2168 alteri
1300 2105 1458 2186 Sophoclis

301 2208 462 2270 memoriae
475 2217 613 2287 tanquam
628 2207 784 2270 recentiori
799 2218 827 2269 et
840 2208 939 2269 minus
955 2208 1036 2282 attae,
1047 2208 1119 2269 haee
1133 2206 1294 2289 oppositio,
1309 2225 1377 2269 meo
1392 2206 1459 2287 qui-

301 2309 369 2371 dem
383 2308 506 2383 iudicio,
521 2309 617 2389 paullo
628 2310 713 2371 aliam
729 2309 894 2389 postulabat
914 2308 1026 2388 periodi
1042 2310 1320 2383 conformationem,
1334 2309 1366 2372 in
1381 2309 1460 2371 hunc

302 2412 361 2472 iere
375 2412 513 2473 modum:
526 2412 621 2473 lidum
634 2412 674 2475 od
688 2412 824 2474 altiorem
837 2415 1009 2474 ammoniam
1018 2413 1271 2493 Oedipodis--
1286 2414 1392 2493 species
1405 2410 1459 2472 iile

301 2534 347 2576 me
362 2520 522 2578 commovit.
551 2516 638 2579 Nunc
652 2524 749 2579 autem
764 2516 843 2598 quod
858 2516 955 2596 primo
970 2517 1037 2578 loco
1051 2516 1153 2598 posuit
1163 2534 1233 2577 snae
1247 2530 1392 2595 personae
1405 2513 1458 2575 de·

303 2617 507 2697 signationem,
522 2638 567 2680 me
582 2621 709 2700 qaaidem,
725 2637 815 2699 quum
835 2619 1020 2697 superiorem
1040 2638 1157 2699 (proque
1171 2615 1400 2680 enuntiationem
1420 2615 1458 2677 ah

303 2720 406 2781 eodem
422 2721 598 2800 pronomine
613 2722 797 2793 inchoasset,
818 2739 889 2782 com
903 2740 948 2783 me
961 2725 1072 2802 ipsum,
1092 2723 1165 2783 haec
1178 2721 1243 2800 ipsa
1254 2719 1368 2799 periodi
1384 2735 1457 2780 con·

302 2823 438 2885 sormatio
460 2831 489 2885 et
510 2823 695 2903 pronominis
712 2821 846 2903 repetitio
869 2840 930 2884 non
952 2823 1008 2885 tale
1029 2824 1097 2904 quid
1120 2840 1177 2885 nos
1197 2829 1348 2902 expectare
1369 2820 1457 2895 iubet,

301 2924 380 3004 quod
395 2925 596 3005 superioribus
612 2926 782 3006 oppositum
797 2925 848 3001 sit,
868 2926 919 2987 sed
939 2944 998 3006 quo
1019 2927 1091 2989 haec
1109 2925 1192 3006 qnasi
1206 2924 1416 2986 confirmentur
1429 2932 1459 2985 et

301 3025 416 3105 plenius
431 3035 621 3107 exponantur.
666 3027 782 3089 Dixerat
795 3040 891 3090 autem
906 3039 999 3102 antea,
1014 3047 1047 3090 se
1062 3028 1164 3091 Coloni
1179 3027 1321 3108 adspectu
1337 3025 1456 3107 Sopho·

301 3128 353 3191 ciis
376 3128 559 3190 admonitum
581 3148 662 3204 esse,
685 3130 768 3192 cuius
790 3130 832 3192 rei
854 3149 945 3212 qaum
968 3131 1041 3192 duas
1057 3149 1159 3193 musas
1174 3130 1244 3191 hnic
1260 3128 1318 3209 ipsi
1333 3128 1456 3209 periodo

300 3228 504 3311 imphcuisset‚
524 3233 604 3310 quod
623 3233 669 3293 ille
688 3233 781 3295 incola
803 3233 892 3295 huius
914 3234 970 3295 loci
990 3233 1105 3306 luisset,
1129 3240 1158 3296 et
1176 3232 1255 3313 quod
1270 3231 1334 3313 ipse
1349 3248 1456 3311 magno

301 3349 391 3411 opere
405 3329 486 3392 illum
501 3341 611 3394 amaret
624 3352 718 3414 eoque
729 3335 926 3407 delectaretur,
941 3336 999 3398 iam
1019 3354 1094 3397 nova
1109 3335 1232 3416 periodo
1248 3334 1328 3396 hisce
1342 3333 1455 3397 duabus

300 3433 395 3495 causis
415 3433 531 3496 tertiam
550 3434 629 3498 addit
647 3456 769 3517 eamque
788 3439 943 3518 praecipue
962 3438 1123 3512 efficacem,
1142 3437 1221 3518 quod
1235 3436 1285 3499 hic
1299 3435 1456 3516 ipselocus

300 3536 551 3616 praestantissimo
567 3538 724 3618 Sophoclis
743 3539 871 3601 carmine
889 3538 944 3602 suh
964 3539 1068 3621 Oedipi
1089 3557 1218 3621 persona
1233 3538 1393 3601 celebratus
1408 3537 1456 3600 sit

298 3639 399 3718 ltaque
413 3638 543 3701 Colonus
558 3658 649 3720 quum
664 3641 747 3721 quasi
761 3649 992 3721 repraesentaret
1006 3642 1151 3723 Oedipum
1166 3640 1374 3722 Sophocleum,
1386 3640 1458 3702 haec

298 3741 363 3821 ipsa
377 3741 483 3822 Oedipi
501 3742 613 3821 species
633 3761 695 3804 non
713 3744 810 3822 potnit
827 3744 898 3824 quin
916 3743 1000 3806 etiam
1020 3745 1155 3807 altiorem
1170 3752 1288 3825 poetae,
1311 3742 1361 3824 qui
1375 3740 1455 3804 illum

297 3843 465 3923 loquentem
480 3844 601 3920 induxit,
612 3844 784 3907 memoriam
800 3844 832 3907 in
846 3846 995 3908 Ciceronis
1009 3847 1107 3909 animo
1122 3846 1266 3910 excitarat
1303 3845 1357 3907 Est
1370 3844 1458 3925 igitur

298 3947 371 4008 haec
386 3945 473 4008 altior
487 3947 628 4009 memoria
644 3963 705 4008 non
720 3948 861 4011 memoria
875 3949 1041 4011 vetustioris
1056 3949 1210 4030 temporis,
1225 3966 1299 4027 quae
1309 3948 1455 4027 interpre-

488 4104 596 4111 η--ι--ι

369 4203 391 4268 1)
411 4202 448 4255 lta
458 4204 602 4254 Priscianus
614 4199 695 4266 XVll,
708 4201 724 4252 t
735 4201 860 4268 appellat,
877 4218 949 4270 quana
966 4202 1058 4256 Graeci
1075 4201 1228 4268 grammatici
1241 4200 1375 4274 δευτέραν
1384 4200 1456 4270 γνῶ-

299 4289 455 4352 cradicant,
473 4287 514 4338 uhi
528 4302 569 4337 res
583 4287 631 4337 iarn
647 4293 707 4337 ante
724 4295 916 4340 commemorata
931 4294 976 4340 aut
993 4289 1093 4353 cognita
1109 4289 1199 4340 iterum
1217 4287 1376 4354 proponitur,
1389 4287 1456 4354 quod

297 4374 340 4425 nbi
352 4374 388 4438 tv,
398 4380 442 4427 ant
454 4373 561 4423 amiculo
574 4380 619 4425 aat
630 4373 828 4425 demonstrativo
840 4374 986 4442 pronomine
998 4379 1109 4425 notatur.
