3276 5144
688 483 838 581 ,νο-5-

182 664 452 755 προοπόνοιμονα
459 680 608 746 vocantur,
622 680 657 735 ut
671 693 700 755 p.
709 672 783 752 580,
797 672 849 735 23.
876 672 919 732 Ιο.
935 669 1015 732 ates
1030 688 1060 752 p.
1070 668 1120 746 35,
1136 667 1186 730 35.
1201 666 1335 731 Eustath.

181 774 218 835 ad
232 773 263 835 ll.
279 793 309 854 p.
323 773 374 850 43,
392 773 443 836 33.

265 875 299 937 Ρ.
315 877 387 952 551,
403 878 440 938 9;
471 873 558 961 πρὸς
581 864 632 953 οἷς
650 869 794 961 ὑπάρχει
809 868 830 960 ή
846 865 927 958 αὐτή
943 868 1096 950 σύνταξις
1109 871 1169 934 τοῦ
1183 863 1341 934 ὑπιδόν

180 971 225 1039 τό
247 966 427 1060 ὑπόδρα,
447 968 494 1053 ὥς
513 969 710 1063 ἀμφοτέρων
727 980 792 1042 τῶν
812 970 966 1063 ῥημάτων
983 972 1023 1039 cd
1043 966 1125 1036 αὑτὸ
1146 969 1340 1058 δηλούντων.

182 1077 375 1141 Scribendum
402 1089 448 1143 est
471 1077 525 1163 τῷ
549 1073 715 1164 ὑπόδρα
740 1074 841 1145 ἰδών.
886 1081 949 1142 ΙΙοο
975 1081 1055 1141 enim
1077 1078 1160 1150 dicit,
1186 1077 1342 1157 utriusque

181 1180 316 1243 dictionis
344 1173 477 1244 ὑπιδνόν
505 1190 535 1245 et
566 1173 701 1266 davidque
729 1176 810 1246 λδιόν
844 1183 968 1245 eandem
998 1181 1248 1244 constructionem
1277 1199 1342 1242 essa

180 1292 336 1365 propterea
351 1286 429 1365 quod
440 1286 543 1347 eadem
557 1287 712 1367 utriusque
726 1286 898 1367 significatio
914 1287 960 1347 sit.
989 1279 1082 1365 Πρός
1097 1268 1149 1358 οἷς
1167 1289 1213 1345 est
1226 1284 1245 1345 i.
1261 1303 1290 1365 q.
1306 1288 1343 1345 et

181 1394 385 1466 praeterea,
412 1388 662 1468 quemadmodum
683 1407 711 1470 p.
728 1388 800 1463 537,
818 1389 846 1450 3.
878 1388 950 1460 565,
971 1387 1018 1449 46.
1052 1385 1124 1458 585,
1139 1387 1192 1455 47.
1224 1385 1297 1461 596,
1312 1385 1343 1447 9.

180 1487 306 1550 Additur
326 1489 405 1551 euim
427 1489 485 1553 hoo
506 1500 712 1572 argumentum
733 1492 779 1566 iis,
800 1510 876 1573 quae
896 1497 964 1552 aute
979 1488 1130 1570 proposita
1144 1495 1228 1549 erant
1242 1488 1278 1549 ad
1293 1505 1342 1550 re·

179 1590 332 1653 tutandam
351 1610 455 1657 eorum
473 1594 660 1667 senteutiam,
681 1594 732 1673 qni
746 1585 881 1675 ὑπόδρα
895 1591 1066 1655 adverbium
1086 1609 1151 1653 essa
1165 1597 1342 1672 negaverant

180 1712 216 1755 er
238 1693 327 1757 verbo
346 1696 391 1757 vel
407 1689 496 1778 δρδω
516 1697 561 1758 vel
577 1689 681 1780 δόρνω
702 1715 770 1758 eum
793 1695 1012 1778 praepositione
1033 1694 1154 1756 lactum.
1205 1693 1248 1755 Ad
1269 1694 1343 1756 baec

179 1796 267 1877 igitur
281 1806 454 1877 argumenta
468 1799 580 1861 accedit
594 1799 683 1862 etiam
704 1799 774 1876 boc,
794 1798 874 1880 quod
888 1789 1021 1880 ὑπόδρα
1037 1787 1117 1858 ἰδών
1131 1795 1234 1858 eodem
1251 1794 1341 1858 modo

181 1903 269 1978 alque
287 1890 420 1961 ὑπιδών
439 1901 632 1976 construitur,
654 1901 766 1965 scilieet
785 1903 853 1983 quia
874 1902 977 1964 eadem
995 1898 1151 1980 utriusque
1170 1898 1340 1979 significatio

182 2007 236 2076 est,
252 2001 331 2062 unde
346 2010 480 2083 apertum
495 2005 537 2080 lit,
558 2004 617 2065 vim
633 2004 713 2067 verbi
728 1997 808 2068 λδοόν
823 2004 959 2068 adverbio
974 1994 1109 2086 ὑπόδρα
1123 2001 1221 2064 addito
1235 2000 1341 2063 simili-

179 2109 227 2164 ter
237 2105 405 2185 temperari,
422 2124 510 2185 quam
526 2106 551 2168 si
567 2114 764 2187 componatur
778 2127 846 2170 cum
861 2105 1078 2189 praepositione
1093 2095 1172 2167 ὑπό.

266 2205 299 2267 Ρ.
316 2205 388 2279 552,
404 2206 455 2268 32.
499 2208 634 2292 Disputat
647 2210 819 2291 Apollonius
838 2212 875 2274 de
891 2199 1022 2294 όφελον,
1045 2208 1126 2291 quod
1143 2206 1206 2270 aliis
1223 2206 1343 2289 proprio

183 2307 353 2371 adverbium
372 2327 438 2370 esse
452 2309 612 2386 videbatur,
632 2314 684 2375 sod
705 2322 827 2394 propter
839 2314 967 2377 formam
982 2313 1071 2374 verbo
1091 2311 1217 2373 similem
1244 2303 1342 2384 (κατὰ

183 2406 401 2494 σονοκδρομήν
415 2404 569 2497 ῥήματος)
592 2415 628 2478 ab
642 2416 772 2479 Homero
787 2417 910 2498 aliisque
923 2416 1013 2479 etiam
1027 2433 1081 2496 per
1094 2431 1236 2499 personas
1249 2411 1342 2475 decli-

182 2522 296 2589 natum,
317 2515 380 2577 aliis
395 2523 498 2578 contra
512 2516 610 2599 ipsum
626 2519 748 2582 verbum
763 2540 800 2582 ex
814 2512 961 2604 ὤφειλον
981 2521 1182 2583 decurtatum:
1210 2511 1264 2578 διδ
1282 2509 1342 2578 καὶ

181 2611 242 2702 τήν
258 2618 320 2679 τοῦ
339 2608 584 2705 δπαρομφότοο
604 2615 756 2698 σύνταξιν
776 2615 810 2684 ἐν
828 2615 1099 2705 παραλληλότητι
1120 2611 1201 2682 αὑτὺ
1220 2610 1342 2702 τίθησι

182 2718 342 2790 (Homerus
360 2722 433 2802 scil)
455 2723 505 2809 aqi
524 2713 626 2786 αἵδε.
657 2723 853 2787 Scribendum
873 2728 919 2786 est
938 2717 1024 2785 κατὰ
1041 2716 1101 2806 τήν
1114 2720 1172 2784 τοῦ
1186 2710 1341 2802 όπαρομ-

182 2816 289 2907 φδτοο
304 2818 463 2901 σύνταξιν,
477 2843 511 2888 ac
525 2826 630 2889 deiude
642 2818 703 2889 οὑκ
717 2821 752 2890 όν
766 2819 1044 2911 παραλλήλότητι.
1073 2825 1147 2887 Nam
1162 2818 1197 2887 b
1211 2819 1342 2906 παραλ·

182 2919 338 3011 λήλδτήτι
353 2927 426 3006 (sive
440 2920 478 2990 ἐκ
489 2923 712 3013 παραλλήλου)
729 2920 807 2991 εἴθε
818 2919 979 3012 otiosior
993 2927 1064 3008 poni
1078 2928 1099 2990 ii
1112 2934 1229 2990 tanturn
1244 2926 1341 2988 dicero

181 3034 334 3109 poterant,
354 3028 463 3110 quibus
482 3036 643 3111 utrumque
662 3031 833 3094 adverbium
853 3031 971 3112 optandi
991 3049 1056 3093 esse
1074 3030 1242 3105 videbatur,
1263 3028 1342 3089 velut

181 3131 274 3193 schol.
289 3132 377 3195 Arist.
392 3132 468 3194 Nub.
483 3148 510 3193 v.
527 3131 578 3193 42.
592 3132 683 3194 schol.
700 3133 769 3195 Eur.
784 3131 859 3193 bled.
875 3151 901 3193 v.
921 3133 964 3209 l.;
979 3132 1150 3214 Apollonius
1165 3140 1264 3194 autem
1279 3132 1341 3211 ipso
1419 3212 1421 3215 Ι

181 3233 249 3296 alibi
264 3235 313 3311 (de
327 3242 436 3298 constr.
451 3235 501 3310 ΙΙΙ,
522 3234 563 3297 23
576 3255 604 3318 p.
620 3235 692 3311 249,
714 3235 755 3298 23
769 3239 848 3317 sqq.)
870 3236 977 3296 horum
997 3236 1172 3298 seutentiam
1193 3233 1341 3317 improbat

180 3335 308 3418 ideoque
323 3337 373 3414 (ib.
389 3357 418 3419 p.
435 3336 508 3414 250,
524 3338 557 3417 2)
576 3338 662 3400 bum
678 3331 954 3422 παραλληλόνητα
971 3338 1186 3417 agnoscendam
1206 3355 1271 3399 esse
1285 3354 1341 3398 na·

180 3444 238 3518 gat.
282 3439 467 3520 Quamquam
482 3440 514 3501 iu
527 3440 584 3504 boc
605 3442 641 3503 de
656 3440 798 3505 adverbiis
812 3440 919 3516 libello,
939 3447 1037 3503 ubam
1052 3441 1229 3502 sententiam
1243 3438 1340 3503 verio-

181 3556 245 3601 rem
259 3540 376 3618 iudicet,
390 3558 453 3606 nou
466 3542 573 3605 duone
588 3544 722 3625 exponit:
738 3562 833 3625 nequa
849 3543 879 3606 in
893 3545 1005 3622 lacuna,
1021 3561 1095 3623 quaa
1109 3561 1138 3624 p.
1151 3541 1223 3615 553,
1242 3543 1257 3603 1
1274 3559 1339 3604 ma·
1371 3547 1375 3553 ’

180 3642 287 3704 nilesta
307 3650 361 3717 ast,
381 3644 454 3706 baec
470 3646 614 3725 expositio
635 3646 757 3727 periisse
776 3648 867 3709 videri
885 3654 991 3728 potest
1035 3645 1111 3708 Nam
1132 3644 1220 3708 etiam
1241 3645 1339 3725 paullo

180 3750 262 3826 psat,
284 3762 313 3825 p.
330 3746 407 3821 554,
431 3746 485 3820 16,
509 3746 676 3810 dubitanter
695 3749 833 3830 loquitur.
877 3750 930 3811 Est
948 3756 1048 3812 autem
1068 3749 1156 3810 etiam
1177 3747 1266 3809 huius
1284 3745 1340 3808 loci

179 3847 324 3930 scriptura
345 3853 498 3929 curmpta,
517 3853 552 3910 ut
570 3850 655 3931 plane
672 3851 790 3932 intelligi
805 3860 947 3933 nequeat:
971 3845 1029 3913 καὶ
1044 3841 1089 3925 uic
1103 3844 1229 3935 ἔφαμεν
1244 3842 1279 3912 ἐν
1292 3842 1340 3932 τῷ

179 3940 306 4035 ὄφελον
325 3946 413 4034 πρδς
432 3943 528 4014 ἐνίων
550 3949 635 4014 κατὰ
654 3949 872 4038 σονενδρομήν
890 3949 1057 4035 γεγονέναι
1078 3945 1224 4036 ῥήματος
1244 3944 1278 4013 όν
1292 3952 1340 4035 τῷ

178 4045 297 4140 δφτλος
314 4045 359 4129 ὥς
379 4046 408 4117 si
427 4050 473 4139 μή
493 4051 534 4118 τό
553 4045 694 4139 ὤφειλον
712 4047 1015 4138 ὑποσογκέκοπται.
1045 4052 1203 4135 Scripsisse
1219 4052 1339 4133 Apollo-

179 4157 262 4219 nium
278 4159 382 4220 medo:
405 4150 472 4234 καλ,
496 4150 541 4233 dc
556 4149 691 4243 ἔφαμεν,
712 4153 751 4219 cd
767 4149 889 4243 όφελον
903 4151 1127 4240 [ὑπείληπται]
1146 4149 1232 4238 πρὸς
1246 4145 1340 4217 delos

178 4254 264 4321 nocti
279 4256 500 4345 συνεκδρομήν
515 4255 680 4343 γεγονέναι
696 4253 840 4344 ῥήματος
853 4253 888 4322 ἐν
897 4261 947 4342 τῷ
961 4251 1010 4334 ὑς
1024 4249 1165 4344 doctas
1179 4258 1224 4332 (ΙΙ.
1240 4256 1339 4332 XVIII,

181 4360 231 4425 86.
254 4363 308 4425 Od.
324 4362 430 4440 xxlv,
447 4362 516 4441 30),
538 4354 569 4426 ai
588 4356 633 4445 μή
654 4358 696 4425 vd
717 4352 895 4448 ὤφειλον
915 4353 1218 4443 ὑποοογλέκοπται.
1261 4359 1340 4422 llaec

179 4464 284 4529 saltem
298 4464 417 4546 intelligi
431 4473 558 4548 possunt
572 4473 603 4530 et
617 4466 694 4531 illius
707 4466 765 4531 loci
779 4465 929 4531 contmtui
943 4464 1129 4529 conveniunt.
1143 4498 1186 4511 -
1200 4463 1235 4526 ln
1248 4481 1339 4545 supe·
