3190 5136
783 392 980 493 Aa„

304 578 393 653 tiesa,
417 588 467 642 aut
487 600 560 664 quae
577 583 636 664 ipsi
654 583 757 645 vitiosa
776 584 1025 659 accomodarent,
1049 583 1196 663 corrigere
1213 601 1269 663 pro
1292 593 1381 666 raptu
1400 602 1457 647 suo

303 694 485 760 conarentur,
499 686 589 748 nimis
604 704 692 768 saepe
706 705 741 748 er
756 686 895 749 mediocri
910 695 939 749 et
959 685 1079 749 sanabili
1094 686 1210 749 adnere
1227 686 1310 749 ulcars
1325 690 1460 750 lecerunt

301 789 387 869 longe
401 789 570 869 malignius,
591 797 730 869 tantoque
749 788 785 850 ad
806 788 968 851 curandum
982 787 1142 861 difficilius,
1163 797 1272 868 quanto
1291 789 1396 851 tectius
1411 799 1459 850 est

302 891 462 971 falsamque
476 891 606 954 sanitatis
621 892 748 972 speeiem
763 892 958 971 praesefert.
1002 891 1097 971 Atque
1112 891 1167 953 hae
1182 908 1287 952 omnes
1302 900 1457 971 corrupte-

301 993 393 1055 larum
413 1012 517 1056 musae
536 1012 599 1056 non
617 1012 684 1056 raro
705 994 735 1054 iu
754 1012 815 1056 uno
835 994 997 1074 eodemque
1015 994 1081 1056 loeo
1102 1002 1327 1068 concurrerunt,
1346 1001 1457 1054 utnon

300 1112 392 1157 unum
408 1105 493 1176 atque
508 1095 631 1177 simplex
646 1096 746 1159 vitium
761 1096 893 1171 extiterit
907 1097 959 1158 sed
974 1097 1064 1159 maalta
1079 1096 1156 1158 inter
1170 1116 1203 1159 se
1214 1096 1369 1159 coniuncta
1384 1095 1456 1156 alia·

300 1215 356 1276 que
371 1217 404 1259 ex
421 1197 483 1260 aliis
497 1207 580 1273 nata,
596 1216 721 1278 quorum
742 1198 799 1261 nisi
818 1202 905 1279 caput
927 1208 955 1261 et
974 1200 1085 1261 iontem
1099 1199 1259 1273 detexeris,
1279 1198 1457 1260 medicinam

301 1299 524 1362 frustratentes.
539 1300 674 1362 -llaec
692 1300 780 1380 igitur
800 1302 1030 1382 corruptelarum
1051 1319 1156 1381 genera
1175 1301 1205 1363 in
1221 1299 1352 1380 Aeschyli
1371 1300 1456 1361 codi-

301 1401 382 1463 cibus
403 1403 516 1479 omnia,
535 1410 564 1464 et
583 1402 757 1464 creberrime
777 1403 906 1484 quidem,
928 1402 1106 1484 deprehendi
1124 1402 1209 1483 periti
1229 1421 1290 1464 non
1309 1401 1457 1481 ignorant,

300 1503 425 1582 imperiti
446 1504 569 1567 docendi
590 1514 668 1568 sunt
711 1505 748 1567 Et
765 1513 906 1586 poterunt
926 1505 1023 1568 doceri
1044 1525 1060 1566 e
1078 1505 1264 1585 superiorum
1284 1504 1455 1565 criticorum

301 1607 532 1683 commentariis,
552 1628 587 1670 eo
606 1608 743 1682 maxime,
764 1626 850 1688 wem
866 1627 882 1669 e
897 1607 1055 1669 Godolredi
1070 1606 1230 1669 llermenni
1250 1605 1366 1668 schedis
1385 1616 1458 1667 ante

300 1708 451 1772 biennium
470 1710 507 1772 lt.
527 1710 671 1791 Hauptius
691 1709 795 1782 edidit,
822 1710 852 1771 in
877 1728 935 1789 quo
955 1717 984 1771 et
1003 1709 1137 1771 codicum
1161 1709 1323 1789 scripturas
1347 1727 1457 1770 omnes

300 1822 434 1875 accurate
453 1812 651 1893 consignatas,
672 1820 701 1873 et
720 1829 824 1891 genera
847 1811 985 1872 vitiorum
1005 1812 1176 1892 plerumque
1201 1810 1339 1885 indicata,
1362 1811 1456 1873 multa

299 1914 384 1975 etiam
408 1913 521 1994 egregie
546 1913 697 1974 emendata
718 1911 865 1972 ridebunt.
909 1912 950 1972 Ao
976 1912 1044 1973 licet
1068 1931 1106 1973 ne
1128 1912 1312 1974 llermannus
1335 1914 1455 1994 quidem

299 2014 397 2077 omnia
419 2025 468 2078 aut
489 2013 722 2077 animadverterit
749 2023 799 2076 aut
821 2022 899 2076 recte
920 2015 1096 2090 tractaverit,
1122 2015 1211 2076 nihilo
1234 2014 1332 2077 minus
1354 2024 1456 2076 tamen

298 2117 384 2198 longe
404 2136 507 2179 omnes
525 2136 681 2198 superasse
699 2117 839 2179 dicendus
862 2124 919 2190 est,
944 2117 993 2197 qui
1013 2127 1114 2180 nostra
1134 2116 1276 2180 memoria
1295 2119 1400 2197 partim
1420 2118 1457 2179 in

297 2219 444 2281 Britannia
459 2221 563 2300 partim
583 2221 619 2281 in'
629 2218 782 2281 Germania
796 2219 938 2298 Aeschylo
958 2221 1140 2282 emendando
1162 2237 1282 2300 operam
1298 2220 1455 2282 dederunt.

264 2327 280 2378 o
299 2321 357 2383 Sed
371 2322 458 2384 nobis
473 2340 552 2384 nuno
566 2321 596 2382 in
606 2321 771 2402 Aeschyleis
786 2321 859 2382 locis
874 2321 1031 2383 hactandis
1046 2323 1125 2384 bunc
1140 2322 1274 2384 ordinem
1289 2321 1372 2402 sequi
1388 2322 1456 2401 pla-

298 2431 351 2496 cet,
366 2432 399 2485 ut
421 2444 437 2486 a
459 2423 648 2499 facilioribus,
671 2441 797 2503 quornm
819 2423 942 2503 simplex
957 2424 1120 2504 corruptela
1136 2434 1270 2505 comaque
1284 2423 1454 2486 emendatio

296 2534 350 2600 est,
366 2526 402 2588 ad
418 2526 579 2588 difficiliora
593 2525 768 2605 graviusque
783 2531 920 2605 corrupta
934 2525 1163 2605 progrediemur.

380 2627 607 2708 Promptissima
626 2624 791 2687 emendatio
812 2633 857 2687 est
874 2644 950 2687 vers.
969 2626 1059 2689 1203.
1074 2629 1119 2690 ed.
1134 2628 1249 2703 ileum,
1264 2627 1316 2691 ubi
1331 2628 1454 2702 chorus,

295 2738 452 2810 postquam
467 2728 660 2791 Cassandram
673 2728 780 2790 audivit
794 2728 830 2789 de
845 2745 935 2789 coena
950 2727 1093 2809 Thyestae
1106 2730 1264 2810 liberisque
1279 2730 1313 2792 ad
1326 2747 1454 2791 rucen-

295 2832 365 2893 dum
381 2831 455 2913 patri
470 2830 632 2912 propositis
649 2849 715 2893 vera
729 2829 954 2912 praedicantem,
969 2830 1040 2894 haec
1053 2832 1106 2894 ait:

494 2982 553 3070 τὴν
573 2980 634 3066 μὲν
658 2982 805 3050 Θυέστου
827 2983 927 3049 δαῖτα
948 2978 1113 3050 παιδείων
1135 2985 1236 3069 κρεῶν

494 3084 616 3172 ξυνῆκα
636 3082 695 3150 καὶ
716 3083 878 3173 πέφρικα,
899 3084 958 3149 καὶ
979 3082 1088 3173 φόβος
1108 3083 1145 3169 μ’
1167 3080 1236 3167 ἔχει

494 3181 622 3253 κλύοντ’
644 3180 780 3274 ἀληθῶς
802 3181 897 3253 οὐδὲν
918 3183 1132 3275 ἐξῃκασμένα,

293 3346 370 3420 Quid
390 3353 487 3409 autem
507 3344 670 3425 significare
684 3345 815 3408 dicemus
834 3346 905 3408 haec
919 3336 1013 3408 οὐδὲν
1034 3338 1260 3431 ἐξῃκασμέναῖ
1303 3345 1451 3409 Stanleius

293 3448 420 3528 quidem,
444 3467 534 3529 quum
557 3448 640 3510 vertit
660 3466 730 3509 non
752 3467 791 3509 ex
813 3448 1018 3509 coniectura
1038 3448 1192 3529 prolata,
1216 3437 1310 3510 οὐδὲν
1330 3465 1385 3528 pro
1409 3438 1453 3510 ori

292 3550 402 3615 dictum
421 3569 486 3611 esse
506 3550 620 3624 statuit,
640 3550 727 3613 verbo
743 3541 924 3626 ἕξεικάζειν
938 3558 1034 3611 antem
1052 3569 1115 3611 eam
1136 3548 1377 3629 significationem
1393 3550 1451 3611 tri-

291 3653 367 3726 buit,
389 3670 444 3732 qua
460 3653 584 3733 simplex
599 3652 716 3733 quidem
731 3643 874 3728 εἰκάζειν
889 3650 1008 3724 dicitur,
1027 3658 1060 3712 ut
1074 3652 1113 3713 sit
1129 3652 1372 3715 coniecturam
1389 3671 1450 3715 ca-

291 3772 374 3833 pere
388 3772 428 3815 er
447 3754 544 3814 notis
564 3752 775 3833 quibusdam
795 3763 900 3833 atque
915 3751 1076 3828 indiciis,
1097 3770 1248 3834 nunquam
1263 3763 1362 3816 antem
1377 3753 1450 3816 illud

290 3855 497 3937 compositum.
541 3854 614 3917 Nam
634 3847 814 3931 ἕξεικάζειν
828 3871 944 3933 semper
958 3862 1005 3915 est
1019 3854 1037 3914 i.
1056 3873 1083 3935 q.
1099 3848 1287 3935 ἐξομοιοῦν,
1303 3854 1449 3918 assimi-

288 3957 372 4029 lare,
392 3956 507 4018 simile
527 3958 658 4030 iacere,
673 3948 893 4038 ἐξῃκασμένος
905 3954 924 4015 i.
941 3974 968 4035 q.
989 3946 1120 4035 ὁμοῖος,
1141 3958 1390 4038 quemadmodum
1411 3956 1449 4020 ab

289 4058 430 4139 Aeschylo
448 4059 527 4139 Sept.
548 4066 601 4121 otr.
617 4056 709 4119 Theb.
726 4075 751 4117 r.
769 4054 830 4117 426
850 4055 960 4117 ladmen
981 4056 1058 4119 loris
1078 4058 1184 4121 dieitur
1208 4049 1302 4123 οὐδὲν
1327 4053 1448 4143 ἐξῃκα-

289 4152 406 4240 σμένον
415 4149 1449 4245 μεσημβρινοῖσιθάλπεσιντοῖςἡλίουςΙοοοοοοοοοοιοοἰιοίΙο

290 4262 498 4325 meridianis
519 4261 616 4325 Solis
635 4259 827 4324 caloribus.
847 4294 890 4305 -
910 4260 1064 4324 Sobtitzius
1082 4270 1194 4338 autem,
1214 4265 1265 4345 qui
1282 4264 1381 4326 locum
1403 4264 1448 4327 sic

289 4364 443 4447 conuertit:
469 4371 583 4427 metus
612 4381 666 4426 me
687 4370 850 4443 occupat,
875 4381 956 4427 aera
978 4370 1012 4425 te
1044 4363 1176 4441 dicere,
1201 4357 1294 4428 haud
1321 4365 1446 4429 couie·
