3178 5136
655 440 718 508 237

113 633 218 707 suasit,
231 633 446 713 verissimeque
458 651 515 713 pro
529 630 630 707 Collis,
643 649 730 712 quem
742 630 926 711 Neapolitani
938 630 1130 710 adsciverant,
1145 631 1268 697 θοίίίοοι

112 735 249 818 reposuit
269 735 395 799 laudetis
413 734 535 798 Diodor.
554 734 629 809 Xlll,
650 733 700 796 83.
735 734 838 796 Athen.
852 733 873 808 l,
889 736 908 795 5
922 751 952 814 p.
969 736 998 796 4.
1028 735 1120 797 Voler.
1134 737 1207 799 blax.
1221 736 1267 809 lV,

112 840 139 914 8,
151 849 207 902 ext
225 839 257 914 2,
273 858 310 901 ex
325 838 431 919 qnibm
446 838 519 901 locis
533 836 741 918 cognoscimus
755 836 915 910 bominem,
929 844 963 898 ut
972 837 1075 899 Valerii
1087 838 1182 901 verbis
1193 847 1267 913 utar,

113 943 214 1024 opibus
231 942 429 1015 excedentem,
444 940 497 1003 sed
509 940 601 1002 multo
613 939 699 1002 etiam
711 938 809 1001 animo
822 956 910 1019 mum
921 938 1027 1002 divitiis
1037 939 1268 1021 locupletiorem,

112 1064 285 1127 semperque
299 1045 330 1107 in
346 1043 492 1124 uomodo
505 1043 606 1123 potins
621 1059 709 1122 quam
731 1041 762 1103 in
782 1041 980 1104 contrahenda
998 1043 1122 1123 pecunia
1141 1062 1268 1124 oocupa-

113 1156 177 1221 tum,
199 1148 275 1210 adeo
289 1155 325 1209 ut
337 1147 445 1208 domus
460 1147 522 1208 eius
538 1144 622 1226 quasi
640 1143 781 1224 quaedam
796 1142 1011 1207 munificentiae
1031 1146 1146 1208 cilicina
1168 1147 1268 1208 crede-

112 1259 194 1312 remr.
232 1248 365 1311 Cimonis
379 1247 581 1311 liberalitatem
596 1246 769 1310 Plutarchus
789 1254 1001 1309 commemorat
1019 1246 1067 1310 rit.
1098 1247 1170 1310 Cim.
1185 1266 1209 1310 c.
1229 1250 1267 1311 10

112 1360 138 1414 et
149 1351 241 1414 Corn.
257 1350 333 1431 Nep.
350 1369 374 1412 ο.
390 1352 426 1426 4;
445 1367 540 1430 neque
555 1348 655 1412 Niciae
675 1355 726 1411 sut
740 1347 854 1429 Scopae
874 1348 987 1411 divitiae
1006 1357 1035 1412 et
1054 1350 1267 1429 magnificentia

112 1454 253 1517 obscurae
272 1461 343 1515 sunt
354 1458 362 1496 ¹
374 1454 414 1529 θ).
448 1451 663 1513 Adversativanr
684 1451 854 1530 particulam
874 1459 944 1532 post
961 1448 1047 1514 κατὰ
1065 1446 1187 1538 σοφίαν
1204 1453 1267 1515 edi-

112 1558 200 1619 tiones
216 1573 280 1617 non
297 1553 413 1626 babent,
432 1553 563 1615 videlicet
578 1560 629 1615 aut
650 1551 772 1614 deletam
792 1552 821 1614 in
840 1571 952 1635 papyro
972 1563 1022 1617 aut
1039 1555 1265 1619 describentium

111 1678 207 1723 errore
221 1656 475 1740 praetermissam:
490 1672 560 1716 nam
575 1672 674 1717 sarem
688 1672 722 1717 ea
735 1654 827 1716 oratio
838 1672 900 1717 nou
911 1674 1002 1736 posse
1014 1656 1135 1720 videtur.
1159 1650 1266 1721 odoe-

109 1756 199 1843 se'por
219 1760 257 1823 ad
276 1754 393 1842 κτῆσιν
413 1764 442 1819 et
460 1753 576 1841 χρῆσιν
594 1756 739 1837 pertinere
758 1765 888 1838 apparet.
917 1759 958 1822 lle
982 1768 1151 1840 postremae
1174 1760 1265 1841 partis

110 1862 252 1925 sententio
264 1861 295 1922 iu
307 1857 475 1939 Goettlingii
485 1857 675 1939 explicatione
687 1859 849 1940 acquiesco,
864 1842 1101 1942 Theophrastum
1111 1862 1266 1943 praecipue

110 1964 227 2045 eiusque
242 1954 340 2043 βίους
354 1980 379 2022 s.
393 1959 486 2021 libros
500 1954 579 2044 περὶ
592 1950 676 2040 βίων
690 1961 796 2041 respici
812 1962 966 2037 credentis,
987 1983 1077 2044 quum
1092 1967 1264 2045 praesertim

111 2066 216 2128 abhoc
230 2062 376 2125 eiusmodi
391 2061 598 2135 bberditatem,
613 2062 689 2142 quali
704 2064 808 2126 Cimon
822 2065 926 2145 aliique
940 2066 987 2127 usi
1003 2075 1079 2142 sunt,
1094 2067 1124 2128 in
1140 2066 1212 2129 libro
1227 2068 1264 2129 de

110 2170 212 2231 dutus
226 2165 376 2230 landatmn
392 2182 459 2227 esse
473 2164 574 2225 Cicero
588 2172 721 2241 osteum
737 2166 773 2229 de
788 2166 871 2229 Ollio
886 2167 920 2242 ll,
938 2168 986 2230 ld.

188 2271 409 2333 Percensentm
419 2284 510 2346 porro
526 2266 729 2329 anilodemo
744 2268 798 2329 alia
810 2275 949 2349 quaestus
969 2287 1089 2349 genera,
1111 2289 1184 2351 qnae
1203 2289 1264 2334 non

109 2375 165 2437 sint
178 2371 349 2455 probanda:
365 2360 575 2451 γελοιότατον
589 2364 627 2433 dd
640 2364 697 2432 καὶ
710 2364 751 2432 vd
764 2363 916 2455 πορίζειν
930 2362 992 2456 ἀφ’
1007 2363 1153 2457 ἱππικῆς
1166 2370 1267 2435 καλὸν

110 2469 256 2540 οίοοθοι.
299 2472 414 2536 Scilicet
431 2470 601 2533 huiusmodi
625 2481 793 2553 quamtum,
816 2473 1048 2554 alleuophonte
1072 2494 1174 2539 oecon.
1196 2476 1224 2551 3,
1245 2476 1264 2539 8

108 2579 198 2641 obiter
210 2583 493 2647 commemoratum,
513 2573 560 2635 olii
574 2575 701 2638 tortasse
715 2585 785 2656 post
798 2576 878 2639 bunc
895 2577 988 2657 magis
1005 2577 1090 2640 diam
1111 2597 1264 2641 commen·

107 2682 251 2743 umus
288 2677 424 2741 Proxima
438 2676 524 2737 verbu
540 2686 677 2758 corrupta
692 2687 775 2740 snut:
789 2674 830 2740 sd
844 2673 903 2740 daci
917 2698 965 2742 πο
979 2714 1022 2724 -
1036 2714 1078 2725 -
1093 2677 1173 2766 ικῆς,
1187 2675 1266 2743 dod·

106 2773 425 2866 icordpwaligope‘rorr,
442 2769 502 2840 oria
514 2767 696 2864 [εῇίκληρον
710 2776 750 2843 τὸ
762 2771 792 2843 d’
804 2774 843 2857 ἐξ
852 2772 1055 2865 ἀμφοτέρων,
1066 2774 1166 2844 αὐτὸν
1176 2776 1264 2864 ἔνορ-

107 2888 232 2968 yobrru,
249 2874 396 2965 μανικόν.
423 2881 565 2944 lasaronii
581 2883 818 2964 supplementum
834 2880 1032 2968 ποριστικῆς
1045 2883 1151 2946 merito
1163 2883 1265 2946 Goett-

107 2988 209 3069 lingins
224 2986 352 3068 respuit3
367 2984 432 3065 ipse
445 2981 636 3069 πωλητικῆς
650 2985 814 3066 proposuit,
830 2984 976 3066 eliquanto
988 2994 1066 3049 certe
1076 2986 1265 3068 probabilius.

106 3090 160 3153 Sed
176 3088 302 3152 offendit
315 3106 364 3149 me
376 3097 476 3149 umen
489 3087 622 3153 nonnihil
634 3088 804 3170 asyndeton,
816 3089 895 3168 quod
907 3089 978 3151 milri
990 3089 1265 3171 perincommodum

107 3202 134 3255 et
146 3212 163 3254 a
173 3191 340 3255 Philodemi
353 3208 420 3267 nso,
436 3196 576 3271 quantum
589 3187 705 3270 pidem
717 3208 752 3251 ex
762 3189 810 3251 bis
821 3190 992 3269 lrngmentis
1004 3192 1143 3270 cognosci
1158 3201 1265 3273 potest,

107 3294 232 3358 alimum
248 3312 316 3356 esse
329 3293 451 3355 videtur.
481 3292 563 3354 lianc
577 3291 615 3353 ob
630 3309 747 3354 causam
764 3308 824 3353 non
838 3286 879 3354 τὸ
896 3287 956 3354 διὰ
970 3312 1019 3355 πο
1031 3327 1089 3369 -,
1106 3293 1157 3355 sed
1170 3290 1211 3355 sd
1225 3287 1263 3356 dd
1281 3303 1314 3355 33

108 3386 178 3461 sind
198 3395 355 3478 legurdnm
375 3414 442 3457 esse
460 3394 600 3470 arbitror3
619 3394 656 3457 de
674 3392 795 3456 nomine
809 3401 906 3457 antem
923 3395 1088 3475 supplendo
1108 3396 1266 3476 quominus

109 3508 170 3562 tuto
181 3498 287 3562 eoniici
298 3497 401 3580 possit
416 3496 514 3559 obstat
525 3497 687 3576 corruptela
703 3495 732 3579 in
748 3497 912 3576 praedicato
928 3490 1149 3583 οὐκ-ννληρον.
1180 3499 1266 3562 Prio-

110 3618 156 3663 res
176 3603 319 3675 editores,
339 3619 430 3681 quum
456 3590 609 3683 ebrippm
627 3599 801 3674 scriberent,
821 3600 879 3663 hoc
893 3601 961 3681 qiud
982 3599 1143 3680 significare
1162 3602 1266 3664 vellent

110 3720 169 3766 non
184 3704 359 3776 docuerunt,
372 3702 431 3763 nisi
445 3703 521 3763 torte
536 3700 702 3781 Goettliugii
718 3700 892 3765 sententiam
907 3721 941 3765 cx
956 3702 1099 3785 appositis
1114 3703 1151 3765 ab
1163 3723 1198 3766 co
1211 3703 1265 3766 Cu-

110 3807 185 3869 tonis
202 3806 303 3870 verbis
325 3804 458 3885 colligere
477 3803 552 3878 licet,
573 3803 609 3865 de
633 3802 668 3865 li.
694 3801 728 3865 lt.
749 3822 813 3884 cap.
831 3805 862 3866 1:
882 3815 924 3867 est
944 3805 1093 3868 cistercium
1113 3816 1266 3887 proestare

178 4099 218 4163 ib)
236 4099 274 4151 lle
286 4096 358 4150 Nicia
369 4097 402 4149 ei.
416 4098 542 4150 Plutarch.
556 4097 579 4149 in
593 4098 625 4149 ci.
638 4099 683 4149 vis
697 4114 719 4149 c.
731 4097 747 4147 3
759 4106 786 4149 et
800 4098 844 4161 11,
862 4105 888 4150 et
904 4114 984 4167 comp.
1001 4099 1055 4152 llic
1074 4116 1095 4151 c.
1108 4100 1192 4152 Crass.
1205 4117 1228 4152 e.
1243 4102 1265 4153 1.

113 4180 205 4251 Supte
216 4190 246 4235 ut
257 4184 343 4235 divitia
356 4190 383 4235 st
394 4183 517 4249 magnifici
529 4199 577 4233 non
590 4198 649 4234 roro
661 4183 753 4234 mentio
767 4184 806 4234 lit:
819 4185 863 4235 ssd
876 4184 999 4236 incertum
1011 4185 1170 4253 plerumque,
1183 4193 1266 4236 utrum

114 4269 236 4335 mtiqnior
247 4269 426 4334 intelligendus
439 4269 480 4333 sit,
494 4268 626 4319 Simonidis
638 4268 758 4335 nequalia,
771 4283 801 4318 sn
814 4269 902 4335 minor,
914 4271 954 4336 qui
965 4271 1025 4321 circ.
1035 4268 1084 4320 100
1098 4286 1112 4320 ο
1126 4270 1184 4321 Chr.
1194 4270 1265 4319 vixit.

116 4349 152 4403 111.
162 4351 276 4406 Perizon.
288 4354 319 4405 nd
330 4353 386 4407 Aet
397 4351 429 4407 V.
441 4352 472 4405 Η.
484 4351 541 4419 ΧΠ,
556 4352 567 4403 1
582 4369 607 4420 p.
621 4351 667 4403 111
681 4353 720 4404 cd.
733 4351 813 4405 liiihu.
850 4352 935 4421 Spnld.
953 4354 984 4405 ud
1001 4354 1106 4421 Quintil.
1123 4353 1168 4417 xl,
1187 4352 1212 4418 2,
1226 4352 1265 4402 ib.

116 4433 221 4489 boseth.
231 4439 262 4491 nd
274 4438 345 4491 Pind.
357 4439 432 4507 eyn.
445 4438 513 4505 oxpl.
525 4455 549 4505 p.
560 4437 619 4488 stt.
