3154 5138
652 466 713 530 385

108 676 200 738 quum
216 655 349 737 generale
366 663 456 728 esset,
471 653 588 727 ceteris,
603 672 676 735 quae
691 654 845 733 singularia
861 662 955 727 erant,
974 654 1051 715 baud
1071 651 1159 714 dubie
1176 670 1262 732 prae-

106 761 241 832 missum,
258 758 294 820 ab
308 756 525 838 interpretibus,
540 774 666 836 quorum
682 765 741 816 tres
757 755 853 836 paullo
869 764 934 817 ante
944 774 960 817 a
972 754 1109 817 Cicerone
1120 752 1263 816 nominati
1280 758 1296 807 4

106 872 192 934 sunt,
207 861 238 923 S.
254 870 283 921 et
297 860 329 920 L.
346 858 415 922 belii
431 867 460 920 et
472 858 506 919 L.
521 857 644 931 Acilius,
665 858 696 919 in
714 877 779 920 eam
800 859 975 920 sententiam
990 865 1140 937 acceptum
1155 868 1215 929 est,
1230 864 1263 917 ut

106 964 140 1026 ad
161 962 365 1042 sepulcrorum
385 958 575 1040 potissimum
595 970 731 1039 sumptus
752 979 786 1023 ac
800 960 1042 1041 magnificentiam
1057 958 1203 1038 pertinere
1217 958 1263 1019 di·

106 1074 215 1139 carent,
231 1063 313 1125 cuius
327 1062 506 1125 mentionem
522 1061 630 1125 diserte
644 1063 749 1124 tactam
764 1062 795 1124 in
809 1063 871 1142 lege
885 1081 946 1124 non
962 1082 1029 1123 esse
1044 1062 1108 1141 ipsa
1115 1059 1264 1122 Ciceronis

106 1168 193 1230 rerba
208 1165 380 1228 ostendunt:
397 1164 476 1239 „Sed
492 1164 588 1236 credo,
601 1165 721 1238 Quinte,
739 1174 772 1226 ut
791 1165 877 1227 oeteri
896 1173 1042 1245 sumptus,
1056 1162 1100 1225 sie
1114 1162 1200 1225 etiam
1215 1180 1264 1224 se·

106 1270 276 1351 pulcrorum
298 1270 451 1347 (sumptus
472 1266 551 1343 scil.)
572 1268 692 1328 modurn
712 1277 789 1329 reete
808 1266 930 1347 requiri:
947 1285 1022 1347 quos
1037 1266 1115 1327 enim
1130 1264 1166 1327 ad
1181 1283 1265 1326 sum-

106 1381 174 1451 ptus
191 1386 347 1451 progressa
364 1368 420 1430 iam
436 1368 491 1429 ista
506 1387 553 1430 res
570 1368 617 1443 sit,
633 1369 662 1430 in
677 1368 707 1430 C.
723 1367 818 1447 Figuli
835 1369 970 1449 sepulcro
986 1369 1077 1429 vides.
1101 1367 1160 1428 Sed
1176 1366 1263 1428 credo

106 1474 260 1535 minimam
287 1470 356 1532 olim
376 1470 460 1531 istius
480 1470 522 1531 rei
542 1471 634 1533 luisse
653 1469 854 1550 cupiditatem3
873 1469 1001 1549 alioquin
1020 1469 1109 1530 multa
1134 1476 1265 1530 extarent

107 1574 242 1654 exempla
263 1572 439 1634 maiorum.“
482 1572 534 1634 llis
557 1572 623 1634 dein
646 1572 744 1634 statim
767 1571 984 1652 subiunguntur
1005 1570 1065 1645 illa,
1088 1588 1161 1650 quae
1175 1587 1263 1650 supra

106 1675 333 1757 adscripsimus:
358 1674 508 1749 „Nostrae
526 1674 643 1754 quidem
663 1673 734 1753 legis
760 1673 934 1753 interpretes
948 1678 1020 1732 -“.
1064 1672 1152 1734 Recte
1176 1671 1264 1750 igitur

106 1782 237 1840 lecemnt
252 1777 460 1850 Gotbolredus,
476 1776 632 1838 Potherius
647 1775 747 1850 etalii,
762 1774 811 1855 qui
826 1776 902 1837 hanc
916 1794 1034 1856 quoque
1047 1775 1139 1854 legem
1155 1774 1185 1835 in
1201 1773 1263 1835 col·

105 1882 261 1943 lectionem
276 1886 463 1958 receperunt,
483 1879 530 1940 bis
551 1880 676 1941 tortasse
695 1877 789 1939 verbis
807 1878 875 1939 olim
891 1884 1076 1956 conceptam:
1087 1875 1225 1957 Sumptus
1239 1888 1265 1937 et

106 1984 215 2046 luctum
232 2001 250 2042 a
265 1983 385 2043 11111111
399 1984 531 2041 monebat
545 1986 610 2042 iure
622 1990 776 2042 removeto.

192 2084 250 2146 Sed
271 2100 334 2145 111
353 2082 382 2144 id
404 2100 483 2144 nunc
502 2101 585 2162 agere
605 2082 798 2155 instituimus,
812 2088 845 2141 ut
860 2080 1064 2160 praetermissa
1080 2100 1096 2141 a
1110 2079 1263 2141 llirlrsenio

106 2188 228 2266 aliisque
246 2186 408 2264 fragmenta
430 2185 651 2264 conquiramus:
671 2183 729 2245 hoc
746 2184 845 2263 potius
864 2181 1067 2244 demonstrare
1082 2179 1262 2254 conabimur,

106 2306 200 2350 unum
222 2304 288 2348 esse
310 2285 346 2347 ab
369 2286 507 2347 omnibus
530 2293 693 2367 receptum,
708 2285 785 2366 quod
806 2283 990 2345 eximendum
1007 2282 1053 2343 sit.
1098 2281 1261 2361 Repetitum

107 2401 204 2452 autem
223 2389 281 2450 boc
303 2406 421 2468 quoque
440 2388 636 2467 fragmentum
657 2394 701 2448 est
720 2407 755 2448 ex
769 2387 872 2448 eodem
888 2385 1036 2447 Ciceronis
1051 2383 1126 2445 libro
1141 2384 1177 2446 dc
1191 2384 1262 2463 legi-

106 2492 161 2553 bus
177 2510 240 2571 cap.
259 2490 426 2565 teneo,
444 2490 509 2552 1111
529 2508 668 2569 perquam
688 2496 828 2569 corrupto
848 2506 942 2568 neque
961 2508 976 2548 a
995 2506 1143 2567 quoquam
1168 2487 1263 2550 adbuc

106 2591 297 2674 probabiliter
318 2591 361 2653 vel
376 2591 530 2653 emendato
543 2591 588 2652 rel
603 2591 757 2670 explicato,
777 2591 828 2651 sed
850 2589 1026 2662 certissima,
1046 2599 1080 2650 ut
1093 2589 1179 2650 nobis
1196 2590 1261 2670 qui-

106 2695 173 2756 dem
204 2694 329 2759 ridetur.
359 2702 387 2754 et
413 2692 543 2755 taciturna
564 2692 724 2754 mutatione
750 2691 890 2753 sanando.
933 2690 1066 2770 Scriptus
1091 2698 1187 2751 autem
1215 2690 1263 2752 bic

106 2799 190 2860 locus
205 2797 236 2857 11
252 2796 360 2858 lloseri
375 2795 501 2857 editione
516 2803 561 2857 est
576 2795 633 2856 boe
646 2794 750 2856 modo:

208 2898 266 2960 lllla
282 2898 340 2959 iam
356 2897 527 2979 significatio
542 2905 599 2971 est,
619 2896 711 2959 laudis
728 2903 898 2957 ornamenta
913 2894 948 2956 ad
965 2902 1099 2956 mortuos
1119 2894 1263 2974 pertinere

209 2999 288 3079 quod
303 3019 444 3063 eoronam
459 3000 562 3062 virtute
577 3008 688 3081 partam
704 3007 732 3061 et
747 2998 781 3073 ei,
793 2997 841 3077 qui
853 2996 1025 3078 peperisset,
1038 2997 1138 3058 eteius
1150 2995 1264 3076 parenti

208 3102 274 3164 sine
289 3103 390 3164 fraude
404 3121 470 3164 esse
484 3103 528 3164 lex
544 3101 712 3183 impositam
728 3101 820 3163 iubet:
837 3101 921 3162 credo
931 3099 1029 3178 (codd.
1040 3098 1186 3161 nonnulli:
1200 3116 1264 3160 orc-

210 3206 313 3285 doqce)
333 3206 409 3284 quod
428 3214 492 3266 eret
504 3206 682 3285 factitatum,
698 3216 730 3265 ut
744 3206 799 3265 rrrra'
808 3202 900 3284 pluro
913 3202 1016 3282 fierent
1034 3201 1150 3282 lectique
1162 3199 1265 3282 plures

209 3288 422 3379 stmmrentum
443 3307 526 3385 idpuc
546 3306 647 3382 (codd.
667 3304 812 3366 nonnulli:
833 3305 864 3365 id
882 3306 1008 3385 111111)
1029 3322 1064 3365 rte
1083 3304 1178 3384 fieret,
1206 3302 1265 3382 lepc

209 3417 340 3470 sonetum
355 3418 403 3470 est.
448 3408 512 3481 Qua
533 3407 563 3468 11
583 3407 643 3486 lege
662 3426 753 3488 quum
774 3415 851 3468 esset
865 3406 963 3468 NEVE
978 3406 1104 3468 avttvlt
1120 3405 1264 3476 enolto,

211 3528 300 3590 quam
314 3511 442 3572 humane
457 3510 561 3589 excipit
576 3511 661 3572 altera
677 3509 738 3581 lex,
755 3508 847 3583 Qvot
860 3507 959 3570 AVRO
975 3506 1124 3570 llldNTES
1140 3504 1266 3567 VlNCTl

208 3612 369 3686 ESCVNT,
389 3612 461 3673 AST
480 3612 522 3673 lbl
540 3613 614 3674 Cl'll
633 3610 718 3673 teto
739 3610 920 3673 SEPELlRE
936 3609 981 3671 SE
996 3608 1142 3670 l'ttnvtttt
1158 3608 1265 3670 testu.

111 3716 223 3776 'lotum
249 3714 345 3777 locum
371 3714 578 3795 apponendum
606 3714 785 3786 censuimus,
811 3732 869 3792 quo
896 3711 1007 3773 facilius
1033 3718 1198 3791 appareret,
1218 3708 1265 3771 illa

109 3816 210 3890 rerba,
230 3836 305 3896 quac
325 3816 451 3896 obliquis
471 3816 560 3878 literis
580 3816 781 3889 distinximus,
802 3815 886 3876 credo
902 3848 943 3857 —
958 3823 1090 3874 sonetum
1105 3822 1158 3885 est,
1173 3830 1266 3892 neque

111 3938 178 3981 cum
192 3918 302 3999 prioris
323 3917 536 3980 enunciationis
556 3937 649 4000 neque
670 3939 736 3981 cum
756 3916 929 3999 posterioris
949 3915 1091 3977 sententia
1111 3924 1265 3996 1111111-

112 4021 208 4084 iuncta
224 4039 299 4082 esse.
343 4019 481 4082 Permisit
492 4021 569 4082 enim
584 4020 628 4082 lex
645 4040 785 4084 11111111
805 4019 910 4081 virtute
930 4026 1042 4097 partam
1062 4026 1091 4077 et
1109 4017 1135 4077 ei
1150 4015 1199 4096 qui
1214 4035 1266 4096 pe-

112 4124 238 4204 perisset
257 4131 286 4184 et
304 4122 366 4184 eius
386 4123 500 4202 parenti
522 4123 550 4183 iu
565 4126 666 4184 tunore
680 4123 802 4205 imponi.
847 4122 878 4182 ld
895 4139 950 4200 qua
966 4119 1080 4181 ratione
1094 4119 1269 4200 permiserit,

111 4224 233 4306 explicat
247 4225 358 4299 Cicero,
373 4242 463 4302 quum
479 4223 718 4303 significationem
738 4225 814 4286 banc
832 4242 898 4285 esse
913 4223 942 4284 b.
957 4242 982 4283 e.
998 4220 1154 4300 significari
1169 4221 1224 4281 bac
1237 4237 1269 4280 ro

112 4326 194 4401 dicit,
213 4326 305 4388 laudis
328 4333 500 4388 ornamenta
514 4327 550 4388 ad
565 4334 699 4387 mortuos
715 4344 832 4406 quorpre
847 4324 1000 4404 pertinere.
1030 4323 1123 4384 Aliam
1138 4330 1268 4401 praeter·

112 4447 146 4491 ea
164 4427 309 4491 radonem
329 4426 397 4490 addi
415 4444 503 4489 nemo
524 4427 680 4499 desideret,
700 4445 796 4507 neque
814 4426 878 4487 istis
904 4442 977 4503 quae
991 4424 1083 4484 modo
1105 4419 1269 4497 designavi-

154 4528 203 4592 lll.
1027 4526 1067 4584 25
