3190 5136
843 418 904 483 112

299 604 386 677 Quod
400 610 499 665 autem
512 603 544 666 in
557 604 689 685 Epapho,
703 604 780 667 lovis
794 616 824 667 et
837 606 888 668 Ius
902 606 970 681 lilio,
984 606 1141 687 quidquam
1153 607 1251 670 inesse
1264 618 1357 688 nogat,
1371 609 1451 688 quod

298 705 468 767 similiorem
484 704 539 767 diis
554 706 712 781 hominem,
728 726 813 788 qnam
829 709 960 788 mamus
975 709 1079 783 alium,
1099 708 1217 789 prodat:
1232 710 1453 790 respondebunt

297 825 351 886 pro
363 825 412 868 me
423 806 567 870 Pindarus
578 816 608 870 et
618 808 728 883 Cicero,
744 826 870 890 quorum
886 810 966 883 alter,
980 811 1063 873 Nem.
1075 810 1111 885 X,
1122 813 1151 885 5,
1163 810 1268 874 multas
1279 812 1310 875 in
1320 812 1451 893 Aegypto

297 909 427 972 civitates
447 910 483 972 ab
498 911 621 992 Epapho
642 910 774 975 conditas
789 930 856 973 esso
874 919 1009 987 testatur,
1028 914 1115 986 alter,
1134 913 1172 975 ae
1190 933 1222 976 re
1241 914 1321 995 pubi.
1342 915 1355 977 1
1374 934 1399 977 c.
1421 916 1452 989 7,

296 1012 407 1077 nullam
422 1031 488 1074 esse
502 1031 574 1088 roro,
588 1014 619 1075 in
633 1030 689 1094 qna
703 1014 827 1093 propius
841 1014 878 1075 ad
893 1015 1017 1077 deorum
1032 1033 1140 1078 numen
1155 1016 1247 1079 virtus
1262 1016 1380 1078 accedat
1394 1017 1451 1078 hu·

295 1133 392 1189 mana,
413 1133 502 1196 quam
517 1114 644 1178 civitates
660 1125 710 1178 aut
724 1115 849 1178 condere
862 1134 969 1191 novas,
985 1126 1034 1178 aut
1050 1136 1221 1181 conservare
1236 1118 1293 1180 iam
1308 1120 1450 1183 conditas.

295 1217 394 1298 ltaque
415 1217 441 1279 si
456 1218 597 1298 Epaphus
616 1218 704 1280 rudes
724 1228 810 1299 atque
829 1228 958 1298 agrestes
977 1219 1113 1282 homines
1132 1221 1163 1282 in
1178 1222 1308 1302 Aegypto
1325 1240 1451 1303 conpre-

295 1320 379 1399 pavit,
394 1320 468 1382 civili
482 1322 619 1383 societate
638 1320 800 1394 coniunxit,
818 1320 929 1401 legibus
944 1329 1030 1402 atque
1048 1322 1188 1385 institutis
1203 1342 1220 1385 a
1235 1323 1346 1386 imitate
1363 1342 1450 1387 revo-

295 1423 379 1496 cavit,
399 1424 471 1497 hoc,
491 1423 611 1504 opinor,
631 1440 669 1484 ne
684 1423 868 1486 hermannus
883 1423 1009 1503 quidem,
1029 1425 1160 1504 quamam
1174 1425 1327 1504 magnifice
1341 1426 1378 1488 cle
1391 1427 1449 1488 hu-

293 1542 381 1587 mana
395 1534 498 1588 natura
512 1526 625 1599 sentiat,
641 1524 794 1587 cuiuslibet
807 1525 937 1587 hominis
953 1526 1043 1587 luisse
1058 1526 1226 1599 contendet,
1241 1528 1292 1589 sed
1307 1528 1384 1602 eius,
1399 1529 1450 1609 qni

292 1626 399 1689 virtuto
413 1634 442 1689 et
452 1627 593 1706 sapientia
605 1627 727 1689 eximius
744 1636 836 1689 esset:
851 1633 980 1689 veterum
991 1647 1071 1703 vero,
1085 1628 1218 1709 Aeschyli
1230 1628 1351 1709 eiusque
1366 1630 1450 1692 simi·

291 1729 364 1791 lium
384 1747 438 1791 seu
456 1728 549 1809 pietas
568 1748 622 1792 seu
641 1729 810 1809 superstitio
830 1730 931 1809 perlici
951 1729 1016 1792 talia
1036 1730 1094 1791 nisi
1115 1730 1212 1792 clinno
1232 1730 1373 1793 instinctu
1387 1749 1449 1793 non

291 1849 382 1910 posse
406 1831 553 1907 credebat,
579 1831 703 1911 ideoque
727 1831 822 1910 legum
850 1831 1108 1913 institutorumque
1131 1832 1255 1896 civilium
1281 1832 1408 1913 origines
1432 1852 1449 1895 a

292 1932 357 2009 diis,
371 1934 473 1996 utiam
485 1933 655 2014 supradixi,
670 1933 830 2013 repetebat:
848 1932 924 1995 unde
935 1942 1055 2013 apparet
1064 1934 1219 2015 Epaphum
1234 1952 1267 1995 re
1276 1952 1343 1996 vera
1354 1952 1449 1997 unum

292 2053 396 2097 eorum
411 2036 511 2110 luisse,
528 2035 585 2115 qui,
600 2036 716 2097 illorum
732 2035 850 2116 quidem
866 2034 983 2109 iudicio,
1000 2034 1089 2097 divini
1102 2044 1131 2098 ot
1145 2037 1269 2099 deorum
1284 2035 1335 2098 lilii
1348 2035 1449 2099 haberi

291 2137 429 2199 deberent
439 2144 448 2181 ¹
459 2138 500 2213 θ).

375 2240 536 2302 Dicendum
551 2238 659 2319 aliquid
673 2238 760 2300 etiam
781 2239 818 2300 dc
832 2238 971 2302 Alcmena
991 2247 1044 2301 est.
1087 2240 1285 2321 Reprehendit
1302 2239 1381 2301 enim
1400 2259 1449 2302 me

291 2340 487 2416 hermannus,
503 2342 584 2422 quod
598 2342 675 2403 hanc
688 2340 831 2401 volentem
846 2359 912 2402 cum
926 2340 994 2402 love
1014 2341 1208 2404 concubuisse
1223 2341 1357 2404 finxerim
1374 2359 1447 2403 eon-

292 2451 334 2506 tra
348 2443 534 2506 notissimam
550 2442 684 2517 labulam,
700 2460 774 2522 quae
788 2442 936 2523 deceptam
951 2458 1017 2505 esse
1031 2451 1131 2506 narrat
1145 2443 1240 2506 mariti
1255 2444 1447 2524 Amphitmo·

290 2546 336 2606 nis
352 2546 449 2625 specie
463 2566 480 2608 a
494 2545 562 2607 love
582 2553 741 2625 assumpta.
785 2545 848 2624 Ego
867 2564 937 2606 vero
957 2545 1028 2607 nihil
1043 2545 1081 2606 aa
1094 2545 1230 2608 Alcmena
1245 2545 1304 2607 dixi
1318 2546 1375 2607 nisi
1390 2547 1448 2606 hoc

291 2665 392 2722 unum,
408 2648 500 2710 lauisse
514 2666 579 2710 eam
593 2654 776 2727 postremam
791 2647 957 2710 mortalium
973 2645 1143 2720 mulierum,
1158 2667 1230 2728 quas
1244 2647 1353 2727 iupiter
1366 2666 1447 2709 ama-

289 2749 376 2824 verit,
396 2750 639 2830 Aeschylumpue,
660 2768 751 2829 quum
767 2757 796 2811 et
808 2750 922 2824 Ionem,
941 2767 1016 2829 prae
1029 2748 1124 2829 prima
1139 2750 1235 2824 luerit,
1251 2760 1280 2812 ct
1293 2751 1448 2812 Alcmenae

289 2851 382 2913 illium
397 2852 549 2915 Herculem
565 2852 595 2913 in
610 2851 787 2914 Prometheo
802 2851 961 2925 induxerit,
978 2850 1065 2913 simul
1078 2852 1208 2931 primum
1227 2851 1342 2915 initium
1358 2870 1447 2932 gene-

288 2954 447 3017 randorum
463 2974 479 3017 a
493 2955 561 3016 love
575 2954 701 3015 heroum
718 2953 753 3015 ad
769 2954 883 3032 generis
898 2952 1019 3015 hnmani
1034 2953 1171 3028 salutem,
1189 2962 1217 3015 ct
1232 2954 1368 3017 ulbmum
1383 2955 1447 3017 eius

288 3058 330 3119 rei
355 3057 636 3137 saluberrimumque
658 3053 830 3116 hominibus
855 3057 980 3117 lrnctum
1004 3056 1206 3136 proposuisse.
1261 3055 1447 3120 hermannus

289 3168 403 3233 antam,
425 3159 537 3240 opponi
557 3177 574 3219 a
592 3176 640 3219 me
653 3158 822 3220 Alcmenam
840 3157 905 3219 Ioni
924 3165 958 3219 ut
971 3157 1104 3220 clumam
1119 3158 1231 3238 primae
1243 3159 1357 3233 ridens,
1371 3160 1449 3222 hanc

242 3276 272 3326 Π
291 3281 387 3325 meam
401 3261 544 3341 temporis
560 3259 810 3340 comparationem
823 3277 878 3321 suo
890 3260 1028 3323 arbitratu
1044 3259 1130 3323 etiam
1145 3262 1182 3323 ad
1193 3260 1324 3323 animum
1333 3260 1448 3322 utrius·

289 3384 347 3445 que
369 3364 471 3438 traxit,
494 3371 540 3436 ut,
566 3361 813 3442 quemadmodum
837 3362 949 3442 primae
972 3372 1136 3442 postrema,
1160 3363 1204 3425 sic
1227 3363 1313 3426 etiam
1336 3363 1447 3425 nolenti

289 3467 389 3528 volens
405 3471 614 3546 opponeretur.
643 3463 818 3539 Hermanni,
831 3464 960 3545 iuquam,
975 3473 1019 3527 est
1033 3465 1105 3527 hacc
1118 3466 1278 3547 oppositio,
1292 3482 1353 3527 non
1368 3483 1448 3527 mea:

288 3568 360 3630 mihi
374 3576 407 3630 ut
421 3585 486 3628 eam
499 3566 654 3641 tribueret,
668 3567 745 3629 haud
761 3567 847 3629 dubie
862 3566 960 3647 aliquo
978 3585 1079 3629 errore
1093 3569 1202 3630 iactum
1216 3576 1263 3630 est
1277 3567 1359 3631 lacils
1372 3584 1447 3629 con·

289 3669 439 3744 donando,
453 3668 512 3731 nisi
526 3667 660 3731 adiuncta
674 3677 754 3731 esset
768 3669 855 3731 etiam
870 3668 1044 3731 criminatio.
1077 3669 1152 3732 Nam
1167 3678 1323 3752 postquam
1338 3688 1386 3732 me
1400 3669 1447 3732 ‹ti-

289 3782 402 3835 centem
414 3772 491 3845 locit,
508 3773 658 3853 quodnon
670 3770 738 3846 (liri,
754 3770 913 3851 captiosa
927 3789 976 3833 me
992 3771 1131 3834 fallacia
1146 3771 1175 3834 id
1187 3772 1296 3835 dixisse
1307 3780 1446 3835 autumat

287 3876 492 3949 Abstinuisaet,
507 3873 617 3948 vehem,
632 3873 689 3934 hoo
704 3892 808 3954 genere
822 3874 981 3954 pugnandi,
995 3881 1037 3947 et,
1057 3873 1083 3935 si
1097 3893 1145 3937 me
1159 3876 1286 3938 relatam
1302 3874 1447 3956 cupiebat,

286 3978 464 4058 inspexisset
481 3976 583 4038 saltem
604 3976 780 4050 accuratius,
800 3974 868 4057 quid
887 3975 1029 4055 seriptum
1049 3996 1065 4038 a
1084 3994 1133 4038 mc
1153 3985 1283 4040 autnon
1302 3978 1446 4058 scriptum

357 4151 397 4218 19)
415 4151 504 4203 Celsus
520 4166 560 4218 ap.
573 4151 644 4215 Oris.
661 4159 709 4203 etr.
725 4149 793 4200 Cels.
809 4148 831 4213 1,
848 4148 881 4198 tt
898 4165 922 4215 p.
941 4149 1042 4202 ittet.
1055 4149 1164 4203 hm:
1181 4152 1210 4203 ol
1226 4151 1344 4205 παλαιοὶ
1353 4148 1448 4222 μῦθοι

285 4241 393 4308 Περσεῖ
406 4238 453 4289 καὶ
460 4233 596 4307 Ἀμφίονι
612 4236 657 4287 καὶ
673 4232 776 4301 Αἰακῷ
792 4234 838 4284 καὶ
855 4235 954 4286 Μίνωι
970 4238 1054 4289 θείαν
1074 4234 1188 4307 σπορὰν
1208 4240 1364 4308 νείμαντες,
1383 4227 1448 4307 [οἷς]

286 4320 350 4376 οὐδ’
364 4319 459 4381 αὐτοῖς
476 4317 692 4391 ἐπιστεύσαμεν,
710 4314 787 4389 ὅμως
798 4315 946 4378 ἐπέδειξαν
957 4315 1049 4373 αὐτῶν
1064 4321 1121 4383 [nou
1133 4319 1246 4386 ἑαυτῶν]
1258 4319 1327 4394 ἔργα
1336 4317 1448 4392 μεγάλα

285 4410 332 4461 καὶ
342 4403 495 4478 θαυμαστὰ
507 4403 618 4471 ἀληθῶς
630 4421 659 4458 τε
669 4401 741 4475 ὑπὲρ
752 4396 916 4475 ἄνθρωπον,
929 4403 976 4456 ἵνα
985 4401 1026 4475 μὴ
1038 4398 1178 4458 ἀπίθανοι
1189 4404 1303 4459 δοκοῖσι.
