3276 5144
156 679 283 761 λέξεσιν
291 674 340 765 [ori
350 675 452 763 μόνον
461 681 535 759 ταῖς
546 673 617 745 ἀπὸ
628 677 814 767 συμφώνου,
825 672 908 744 ἀλλὰ
921 677 987 762 καὶ]
1001 683 1076 758 ταῖς
1090 673 1162 745 ἀπὸ
1174 675 1320 768 φωνῆεν·

156 806 213 862 τος
228 779 433 868 ἀρχομέναις.
477 786 510 848 ln
525 787 667 867 exemplis
683 788 796 849 litterae
818 791 830 854 ξ
850 786 1030 867 pleonastice
1049 785 1164 848 additae
1184 791 1320 848 comme·

157 898 292 953 moratur
306 890 395 953 etiarn
412 881 492 965 ἕεις,
511 897 547 951 ut
560 897 699 972 appareat
715 889 904 971 Apollonium
921 889 957 950 de
971 890 1027 951 bac
1040 889 1136 950 forma
1150 904 1213 950 non
1229 888 1320 969 magia

157 1010 248 1076 quam
262 1001 377 1055 ceteros
391 992 600 1073 grammaticos
615 992 645 1069 ὗ)
666 992 824 1065 dubitasse,
847 1011 936 1072 quarn
956 1009 1051 1073 nuper
1063 991 1108 1052 vir
1122 992 1237 1065 doctus,
1259 991 1320 1053 Leo

156 1095 299 1176 bleramus,
324 1096 356 1157 in
372 1093 483 1156 llubnii
498 1095 613 1176 Sylloge
627 1094 700 1167 vill,
721 1094 789 1168 129,
805 1112 928 1175 prorsus
943 1094 1140 1156 damnandam
1156 1101 1186 1156 et
1201 1092 1320 1155 Hesiodi

156 1217 284 1272 veroum,
306 1198 337 1259 in
353 1215 411 1277 quo
427 1216 462 1259 ea
476 1196 590 1276 legitur,
612 1196 722 1278 Theop.
740 1198 810 1270 145,
833 1196 910 1259 baud
931 1197 1018 1259 dubie
1038 1196 1173 1277 spurium
1188 1204 1238 1259 aut
1252 1215 1320 1259 cor·

156 1312 278 1383 ruptum
293 1319 357 1362 esse
372 1300 535 1363 affirmarit
581 1299 612 1361 ld
629 1301 700 1361 mibi
716 1300 850 1362 nondum
866 1300 977 1381 liquere
992 1300 1097 1373 fateor,
1119 1316 1215 1377 neque
1230 1298 1320 1379 origi·

156 1422 226 1467 uem
242 1404 375 1467 vocabuli
394 1422 469 1477 eam,
492 1421 581 1484 quam
597 1401 730 1484 Meyerus
752 1402 877 1485 probare
898 1411 1031 1475 conatur,
1053 1409 1114 1464 tam
1130 1412 1240 1464 certam
1255 1421 1319 1463 ecce

156 1516 239 1588 puto,
255 1517 359 1568 utnon
370 1506 455 1568 liceat
466 1506 553 1567 etiarn
567 1505 651 1567 aliam
665 1506 858 1579 comminisci,
873 1506 995 1586 stirpem
1008 1506 1073 1567 dico
1084 1504 1320 1585 pronominalem

156 1609 290 1683 candem,
310 1609 389 1671 unde
409 1605 438 1682 ἵ,
455 1601 490 1671 ἕο
511 1619 541 1669 et
557 1616 652 1671 cetera
674 1617 740 1670 orta
760 1609 886 1688 sunt,⁶)
905 1625 980 1688 quae
1003 1609 1073 1669 olim
1089 1625 1158 1669 cum
1174 1606 1320 1687 digamma

155 1712 344 1795 pronuntiata
364 1730 429 1773 esse
442 1710 521 1773 inter
535 1729 639 1773 omnes
655 1718 779 1773 constat.
802 1710 939 1773 Ceterum
961 1711 1031 1772 illud
1049 1701 1115 1784 ἕεις
1128 1719 1245 1789 praeter
1259 1708 1318 1771 lle·

156 1814 274 1877 siodum
289 1833 350 1877 non
365 1816 454 1876 modo
469 1815 494 1877 ia
508 1814 670 1895 usurparit,
691 1814 774 1875 cuius
790 1823 836 1874 cst
850 1813 1030 1896 epigramma
1046 1812 1077 1874 in
1093 1811 1212 1872 llutbol.
1227 1811 1318 1872 Palat.

157 1916 219 1990 Vll,
245 1915 302 1978 alr
334 1915 449 2000 (χῶρος
464 1909 552 1991 ἕεις),
575 1916 626 1977 aed
652 1916 743 1977 etiarn
767 1915 931 1997 Hipponax,
959 1915 1104 1996 siquidem
1130 1914 1320 1996 probabiliter

158 2016 354 2090 Hermannus‚
374 2018 467 2079 Elem.
484 2017 576 2078 doctr.
600 2024 687 2078 metr.
703 2035 732 2097 p.
752 2017 822 2089 143,
844 2018 932 2078 buius
952 2016 1138 2090 versiculum,
1159 2017 1319 2079 aStobaeo

159 2119 259 2181 Floril.
275 2118 379 2192 ΧΧΙΧ,
397 2121 437 2181 42
453 2127 611 2189 servatum,
625 2119 668 2181 sic
682 2118 870 2181 scribendum
886 2120 1026 2182 coniecit:
1046 2115 1162 2199 χρόνος
1182 2112 1219 2180 δὲ
1240 2138 1320 2201 φεν-

158 2217 243 2304 pecu
257 2239 296 2283 oe
309 2212 391 2306 μηδ’
405 2215 472 2296 ἕεις
486 2213 595 2304 ἀργός.
639 2221 701 2283 Nec
715 2223 776 2284 acio
792 2239 831 2284 an
845 2223 921 2304 apud
937 2221 1144 2303 Empedoclem
1160 2221 1320 2284 Schneide-

157 2324 252 2387 winus
267 2323 384 2403 (Pbilol.
400 2323 447 2400 vl,
463 2343 492 2404 p.
512 2325 594 2400 161.)
609 2332 688 2387 reete
702 2324 852 2405 scripserit
865 2325 1013 2410 Σφαῖρος
1028 2318 1103 2398 ἕεις.

243 2427 276 2490 Ρ.
293 2427 354 2489 565
372 2427 504 2506 loquitur
524 2425 698 2507 Apollonius
719 2428 754 2489 de
774 2427 918 2489 adverbiis
937 2427 968 2488 in
988 2425 1006 2494 ἁ
1024 2426 1074 2501 iia,
1100 2444 1175 2507 quae
1199 2433 1320 2507 propter

157 2524 462 2610 συνέμπτωσινεεηι
471 2528 635 2610 pluralibus
644 2529 854 2592 adiectirorum
870 2529 983 2611 generis
998 2529 1097 2591 neutri
1110 2529 1200 2592 etiam
1215 2529 1319 2591 eodem

155 2640 246 2714 atque
258 2633 333 2694 baec
346 2640 470 2695 accentu
484 2631 682 2713 proferantur,
704 2638 739 2694 ut
753 2627 871 2707 πυκνά,
896 2625 999 2707 δεξιά,
1018 2625 1117 2694 καλάς
1141 2630 1256 2704 πίστις
1271 2625 1317 2706 δὲ,

157 2733 266 2814 inquit,
293 2736 355 2796 τοῦ
380 2730 441 2818 τὴν
468 2728 701 2812 συνέμπτωσιν
725 2735 785 2796 τοῦ
811 2727 908 2796 τόνου
937 2727 1130 2818 ἐπικρατεῖν
1149 2731 1213 2795 τῶν
1234 2753 1318 2815 πρε-

157 2832 313 2916 κειμένων
334 2829 569 2920 ἐπιρρημάτων
595 2831 636 2899 τὸ
662 2832 870 2920 βαρυνθῆναι
891 2831 931 2898 τὸ
954 2831 1062 2898 πυκνά
1085 2829 1242 2922 ἐνδεῆσαν
1262 2837 1320 2898 τοῦ

157 2943 175 3007 i
196 2939 279 3013 (be.
304 2940 331 3001 ai
355 2939 406 3000 liat
430 2933 548 3017 πύκα),
575 2933 667 3001 καθὸ
688 2931 830 3014 ἐξέκλινε
850 2934 909 3021 τήν
931 2930 1133 3023 ὁμοφωνίαν.
1175 2939 1253 3001 Haec
1277 2939 1320 3002 cic

158 3040 339 3114 dictasunt,
361 3060 395 3103 ac
413 3040 439 3103 ci
455 3050 593 3104 accentus
615 3041 819 3104 adverbiorum
840 3059 909 3103 cum
930 3041 1077 3104 adiectiris
1098 3044 1320 3123 congruentiam

157 3143 215 3206 boc
230 3142 365 3223 exemplo
381 3143 568 3224 comprobari
583 3144 660 3217 velit,
682 3162 770 3224 qnam
786 3161 842 3205 neo
857 3163 931 3225 opua
945 3144 1036 3207 luisse
1051 3145 1249 3227 comprobari,
1265 3163 1321 3208 uec

157 3265 244 3327 posse
268 3247 326 3309 boc
351 3247 486 3328 exemplo
511 3247 629 3328 probari
654 3247 846 3309 manifestum
872 3254 925 3309 eat.
969 3248 1097 3329 Apparet
1121 3248 1211 3327 igitur
1232 3247 1320 3310 verba

157 3348 375 3430 transponenda
389 3367 470 3411 ease:
492 3344 551 3432 τὴν
573 3343 804 3428 συνέμπτωσιν
826 3348 868 3426 (b
887 3367 912 3410 e.
929 3352 1150 3429 congruentiam
1166 3350 1320 3413 adverbio·

157 3464 225 3512 rum
247 3468 315 3512 cum
335 3451 495 3526 adiectiris)
521 3444 712 3535 ἐπικρατεῖν
733 3445 791 3512 τοῦ
809 3444 908 3513 τόνου
940 3452 982 3527 (b.
999 3471 1025 3513 e.
1046 3460 1200 3515 recemum
1219 3472 1320 3535 regere

157 3558 246 3631 atque
260 3552 385 3626 efficere,
400 3557 435 3614 ut
448 3552 486 3615 ab
499 3553 624 3615 aliorum
639 3554 670 3616 in
684 3559 702 3620 ὰ
717 3552 915 3616 decinentium
930 3553 1060 3632 analogia
1074 3555 1213 3632 recedat).

244 3653 277 3715 P.
292 3653 364 3727 566,
381 3653 438 3715 21:
459 3648 493 3717 ἐν
515 3641 544 3739 ᾧ
566 3650 785 3741 ὁιειλήρναμεν
806 3651 864 3719 καὶ
884 3651 962 3737 περὶ
976 3657 1034 3718 τοῦ
1052 3644 1145 3742 palca
1164 3651 1222 3719 καὶ
1244 3676 1321 3719 πε-

158 3769 264 3818 oar-e.
307 3755 502 3818 Scribendum
521 3752 580 3819 καὶ
600 3757 674 3820 τοῦ
695 3749 772 3821 ἅτε.
802 3776 873 3822 narn
893 3758 929 3821 de
949 3758 995 3821 bia
1009 3758 1125 3822 duobus
1139 3758 1250 3822 dictum
1264 3759 1322 3822 luit

157 3854 277 3941 pora.
822 3862 825 3867 ⁴

244 3961 278 4023 Ρ.
295 3961 375 4037 567,
398 3956 514 4024 31ιτὸ
538 3960 557 4029 ἆ
578 3961 736 4047 σημαῖνον
757 3954 901 4048 adpicta
920 3964 971 4049 τῷ
992 3954 1089 4026 εἶπα.
1228 3964 1321 4029 Dubi-

157 4065 215 4128 tari
235 4082 297 4127 uou
315 4071 424 4146 potest,
447 4064 519 4147 quin
533 4065 701 4129 Callimachi
720 4066 804 4130 locuo
824 4067 928 4130 citnlua
948 4067 1038 4130 luerit
1057 4068 1146 4143 idem,
1167 4067 1218 4151 qui
1232 4067 1321 4131 etiarn

158 4200 361 4214 m

162 4308 164 4311 .
230 4249 256 4313 5)
273 4249 331 4303 Vid.
343 4250 480 4304 Herodian.
501 4267 534 4303 π.
554 4245 656 4325 propp.
667 4265 692 4318 p.
705 4251 745 4319 18,
758 4250 1136 4319 compunccionem
1149 4250 1248 4306 Patbol.
1260 4249 1292 4305 al.
1306 4252 1321 4305 l

177 4332 236 4384 .o0
279 4372 285 4385 .

159 4348 176 4400 p
227 4348 311 4483 diqcl.
332 4436 396 4487 quaa
416 4423 525 4476 diximue
542 4423 569 4476 ln
586 4418 689 4477 Hoelari
704 4424 787 4478 nbrtri
806 4398 908 4494 sylloge
919 4422 1047 4476 Zeitcebr.
1059 4421 1076 4474 l.
1088 4424 1113 4475 d.
1126 4422 1284 4477 Wimanacb.
1296 4425 1321 4476 d.

159 4503 271 4570 Spraobc
285 4504 297 4556 l
312 4520 337 4571 p.
348 4507 398 4560 258
410 4523 449 4575 ιιι.

212 4587 260 4652 lv.
1080 4592 1120 4656 17
