3284 5152
364 1610 369 1618 -
447 1534 637 1636 uellent
660 1534 716 1633 tt
746 1520 972 1633 EURIPIDIS
1002 1536 1153 1633 toltit
1184 1538 1313 1633 PdIlT.
1344 1538 1405 1634 IV.

431 1790 531 1866 Quum
546 1796 614 1854 ante
628 1789 740 1871 ailquot
753 1806 847 1853 runos
861 1788 972 1854 scholia
983 1797 1083 1854 nostra
1094 1792 1127 1855 in
1138 1791 1284 1873 Euripidis
1295 1789 1396 1853 Ionem
1408 1789 1509 1871 pulli·

347 1910 416 1958 care
429 1893 660 1965 institueremus,
675 1893 829 1958 eonsilium
845 1901 910 1956 erat
924 1912 977 1974 per
990 1895 1176 1958 occasionem
1192 1895 1386 1976 scriptionum
1401 1893 1508 1957 accde·

346 1996 508 2066 niearum,
530 2015 606 2079 quaa
625 2009 726 2060 ternae
746 1994 905 2076 quotannis
925 1995 1011 2059 uobis
1031 1997 1162 2060 edendae
1179 2006 1264 2066 sunt,
1285 2014 1407 2059 omnem
1428 1996 1508 2059 illam

346 2098 476 2164 leimam
492 2099 630 2181 deinceps
644 2103 838 2182 pertractaret
857 2097 923 2170 scd,
943 2109 978 2161 ut
991 2101 1053 2163 lieri
1066 2100 1156 2173 solet,
1172 2100 1249 2161 inter
1263 2099 1317 2161 alia
1334 2098 1404 2161 turi
1418 2109 1508 2180 atque

348 2203 457 2267 diversi
476 2203 593 2284 generis
611 2203 708 2267 studia
729 2220 799 2265 mou
817 2201 906 2264 οιὶιιιι
927 2202 981 2266 alia
1003 2221 1037 2265 sa
1050 2203 1136 2265 uobis
1150 2210 1322 2284 argumenta
1337 2202 1510 2265 obtuleruut

346 2303 517 2369 budusmodi
531 2307 749 2389 scriptiunculis
763 2318 846 2390 apta,
866 2307 946 2371 unde
959 2306 1070 2369 lactum
1086 2310 1146 2378 ost,
1161 2316 1196 2367 ut
1209 2304 1375 2367 incohatam
1390 2304 1510 2386 Euripi·

340 2407 420 2471 'ds-ae
444 2407 559 2473 temo
580 2410 797 2474 anarmtioncm
817 2410 1028 2493 aliquantisper
1047 2425 1268 2489 reponeremus.
1303 2406 1390 2469 Nunc
1408 2418 1509 2470 autem

339 2511 488 2593 quoniam
504 2512 575 2576 nihil
590 2512 621 2574 in
636 2520 777 2596 promptu
790 2522 847 2586 est,
863 2514 941 2595 quod
957 2522 1008 2576 aut
1023 2512 1117 2593 magis
1132 2528 1188 2573 nos
1201 2515 1301 2573 teneat
1311 2515 1363 2573 aut
1372 2529 1509 2574 commo·

348 2612 415 2677 dios
436 2614 555 2677 tractari
577 2616 684 2697 pomi,
708 2618 745 2681 ad
765 2617 868 2679 Ionem
888 2617 1079 2689 revertimur,
1100 2631 1252 2695 quumque
1271 2625 1424 2694 postremo
1444 2616 1510 2677 loeo

347 2716 492 2799 parodunt
508 2716 572 2778 aius
588 2717 702 2782 tabulae
716 2719 959 2788 enarraverimus,
974 2734 1054 2780 nunc
1068 2715 1104 2780 acl
1121 2714 1249 2797 priosum
1261 2714 1426 2796 epieodium
1438 2732 1510 2796 pro-

347 2819 513 2902 gredimur,
540 2818 619 2899 quod
646 2829 762 2884 constat
779 2821 860 2885 louis
884 2837 953 2884 cum
973 2820 1084 2884 Creusa
1101 2816 1233 2900 moxque
1252 2818 1360 2883 lterum
1380 2818 1511 2882 duorum

348 2939 417 2986 cum
434 2919 532 2984 Xutho
547 2920 693 2985 divortiis.

404 3026 407 3033 '
433 3022 643 3087 Aduenientem
652 3026 792 3090 &ansam
801 3025 986 3108 conspicatus
995 3022 1048 3088 Ion
1057 3023 1103 3088 lais
1112 3023 1208 3088 verbis
1216 3022 1382 3109 alloquutus,
1394 3042 1422 3087 r.
1432 3021 1510 3087 tta:

547 3127 580 3189 Γ
578 3121 747 3211 ινναιότης
767 3145 836 3204 σοι,
858 3124 916 3192 καὶ
937 3122 1072 3206 τρόπων
1093 3120 1268 3210 τεκμήριον

549 3225 589 3293 τὸ
612 3221 714 3316 σχῆμ’
735 3225 822 3307 ἔχεις
842 3222 928 3305 rdd',
950 3222 1025 3312 ἥτις
1046 3216 1077 3291 cI
1100 3221 1190 3300 ποτ’,
1212 3215 1240 3289 ὦ
1263 3223 1367 3307 yc‘uut.
1616 3272 1617 3319 3

348 3327 380 3394 in
401 3348 459 3413 qua
477 3330 653 3395 allocutione
673 3332 782 3416 aliquid
804 3333 974 3397 offensionis
989 3331 1097 3396 habeat
1112 3331 1211 3394 statim
1229 3333 1301 3395 llaec
1313 3332 1407 3414 prium
1422 3331 1513 3396 uerba

349 3426 538 3517 γενναιότης
555 3451 629 3508 σοι,
651 3453 728 3517 quaa
746 3436 896 3500 subaudIri
919 3434 1040 3498 terbum
1055 3433 1273 3498 substantivum
1289 3434 1449 3517 postulant
1478 3433 1514 3497 ld
1616 3494 1617 3497 ,

347 3552 411 3599 uon
425 3534 653 3611 desideraretur,
674 3538 699 3600 si
715 3539 857 3621 scriptum
872 3546 952 3601 esset
966 3538 1119 3613 Γινναῐος
1135 3524 1164 3598 si
1179 3555 1244 3612 τις.
1261 3537 1513 3618 quemadmodum
1616 3524 1617 3591 I

348 3636 501 3702 Ilobraeus
520 3638 628 3701 suasit:
649 3657 719 3704 nam
739 3660 792 3704 eoa
813 3639 948 3722 quidem,
970 3638 1021 3721 qui
1041 3636 1171 3720 pomata
1189 3637 1240 3713 sle
1258 3657 1298 3702 ov
1318 3650 1370 3703 aut
1385 3636 1514 3718 peseto

348 3732 405 3805 roi
424 3757 466 3803 oo
487 3751 722 3823 proposuerunt,
741 3743 870 3805 relutara
885 3757 946 3803 non
961 3759 1036 3821 opus
1050 3749 1106 3804 eat.
1137 3741 1290 3817 Γινναῖος
1303 3760 1410 3823 genere
1423 3739 1515 3804 lemi-

348 3840 421 3905 uiuo
445 3840 532 3903 habet
546 3842 700 3924 Euripides
719 3843 807 3905 etiam
828 3843 860 3904 in
876 3842 984 3905 llecult.
999 3862 1026 3905 t.
1042 3842 1121 3907 592:
1144 3826 1347 3927 drystetnut
1365 3863 1425 3925 μοι
1444 3861 1515 3921 yar·
1615 3910 1616 3913 Ἴ

349 3945 451 4020 reios.
495 3944 703 4008 Boissottadius
729 3940 957 4029 γενναιότητος
976 3947 1080 4027 reponi
1102 3948 1207 4021 voluit,
1232 3947 1321 4028 idque
1347 3945 1516 4010 metuamus

350 4044 473 4121 movit,
487 4056 577 4129 atquc
598 4047 720 4128 iusuper
737 4046 827 4110 etiam
849 4064 904 4130 pro
921 4041 978 4110 eoi
997 4041 1130 4127 τρόπων
1151 4050 1269 4131 sempsit
1288 4049 1351 4111 tois
1372 4044 1516 4129 τρόπων,
1615 4042 1616 4097 ἶ

351 4147 440 4230 Atqui
462 4149 574 4213 articuli
595 4149 714 4229 quidem
735 4149 880 4214 inserendi
902 4168 963 4215 non
977 4150 1050 4213 satis
1064 4171 1180 4233 gratem
1197 4169 1314 4215 musam
1331 4152 1422 4214 luisse
1436 4151 1518 4213 dice·

351 4267 438 4314 mus:
460 4251 559 4332 potuit
573 4250 652 4312 enim
670 4247 897 4338 γενναιότητος
909 4247 966 4315 καὶ
980 4248 1114 4331 τρόπων
1127 4274 1181 4336 per
1194 4255 1317 4335 liguram
1333 4254 1405 4327 dici,
1426 4271 1517 4335 quam

351 4350 516 4434 hendiadpn
530 4352 713 4433 grammatici
728 4364 848 4429 vocant,
865 4373 921 4437 qua
943 4353 1051 4437 aliquid
1068 4356 1146 4438 quod
1161 4357 1197 4420 ad
1214 4357 1368 4420 notionem
1384 4354 1522 4419 vocabuli

350 4454 516 4521 ιωιιιιιιιιι
529 4454 725 4521 definiendam
739 4458 883 4542 pertinet,
901 4456 1028 4539 ideoque
1041 4475 1096 4540 per
1109 4459 1285 4541 genitimm,
1307 4477 1396 4544 quem
1411 4457 1520 4522 delini-
1614 4512 1615 4515 ,
