3290 5142
654 491 803 593 *ffl-

148 681 332 763 eandemque
351 682 528 745 sententiam
548 700 619 746 mox
638 681 684 745 his
707 678 804 747 verbis
825 679 945 761 repetit:
968 699 1009 744 ex
1032 679 1153 743 tribus
1178 679 1311 761 primis

149 784 346 865 generibus
372 785 480 867 longe
504 792 673 868 praestat
704 802 781 848 men
814 783 1000 847 sententia
1030 783 1188 863 regium,
1212 782 1311 862 regio

150 893 274 950 autem
290 887 361 968 ipsi
376 888 647 969 praestabitid,
664 888 757 968 quod
771 894 827 950 est
846 894 1046 968 aequatum
1065 894 1103 948 et
1124 892 1311 966 tempera·

149 996 226 1051 tum
241 989 417 1054 extribus
436 991 588 1072 optimis
610 991 664 1053 rei
685 991 854 1074 publicae
874 988 1060 1069 modioli).
1087 988 1154 1051 Non
1173 1005 1248 1068 opus
1268 993 1314 1049 est

149 1090 235 1172 plura
248 1094 351 1156 afferre
365 1094 398 1156 in
408 1094 534 1157 eandem
548 1094 726 1157 sententiam
741 1093 903 1175 disputata3
918 1093 970 1154 sed
984 1090 1073 1154 unius
1083 1097 1184 1153 tamen
1198 1107 1312 1164 eornm,

151 1193 247 1274 quiin
268 1194 313 1257 his
333 1196 413 1259 libris
432 1196 469 1259 de
488 1213 521 1260 re
540 1195 656 1278 publica
677 1195 879 1277 colloquentes
897 1194 1093 1269 inducamtur,
1114 1195 1165 1277 Sp.
1180 1191 1315 1254 llumrnii

149 1294 290 1360 iudicium
305 1300 541 1379 praetermittere
554 1299 705 1374 nolumus,
720 1299 772 1379 qui
793 1297 839 1360 rel
857 1315 993 1378 regnum,
1011 1297 1041 1359 la
1062 1317 1089 1359 e.
1110 1302 1198 1363 unius
1218 1295 1315 1376 imps-

151 1396 240 1473 n‘um,
260 1419 293 1463 se
312 1402 399 1466 mallo
418 1403 575 1484 profitetur
588 1416 684 1484 ‘quiam
707 1401 832 1463 liberum
852 1400 995 1482 populum
1011 1400 1073 1463 sire
1089 1398 1314 1464 democratiam:

151 1500 237 1582 eique
252 1503 350 1585 Scipio
365 1504 409 1568 sic
422 1505 596 1578 assentitur,
618 1509 669 1577 nt,
686 1502 819 1584 quamrb
833 1502 975 1583 populare
990 1502 1148 1584 imperium
1167 1501 1256 1563 etiam
1271 1499 1316 1562 le-

152 1603 219 1665 nius
233 1603 359 1667 fortasse
373 1622 463 1686 quam
478 1624 495 1667 a
510 1604 651 1669 llummic
667 1605 738 1669 lerri
757 1623 846 1687 posse
866 1610 1001 1679 moneat,
1021 1612 1123 1668 tamen
1142 1605 1257 1669 nullum
1277 1603 1315 1667 ds

151 1705 245 1768 tribus
259 1705 315 1768 illis
329 1707 484 1788 generibus
498 1727 565 1771 esse
579 1707 730 1782 concedat,
743 1706 823 1788 quod
837 1707 877 1770 sit
890 1706 1075 1789 probandum
1090 1709 1191 1771 minus
1200 1709 1213 1750 ⁸
1222 1709 1261 1787 7).
1271 1738 1316 1752 -

152 1806 201 1869 Sic
213 1808 303 1888 igitur
317 1819 429 1872 veteres
444 1810 486 1872 illi
499 1810 676 1885 iudicabant,
691 1827 752 1873 non
766 1812 902 1874 homines
916 1811 1035 1892 privati,
1056 1829 1118 1874 non
1138 1810 1316 1888 scholastici,

152 1925 214 1971 non
227 1909 384 1973 umbratici
398 1911 543 1986 doctores,
558 1913 612 1975 sed
626 1913 773 1994 principes
792 1931 864 1977 snae
883 1913 925 1976 rei
943 1913 1077 1994 publicae
1097 1914 1129 1976 in
1147 1915 1209 1977 sola
1228 1921 1319 1995 amaa

152 2011 271 2093 pulvere
285 2014 435 2077 exercitati
446 2014 602 2096 multoque
614 2032 715 2078 rerum
730 2033 788 2078 usu
801 2016 948 2089 instructi,
962 2016 1015 2096 qui
1025 2015 1095 2097 quid
1107 2034 1238 2097 quaeque
1253 2017 1317 2085 ior-

154 2133 203 2177 ma
217 2114 406 2198 reipublicae
420 2118 490 2180 boni
504 2136 539 2180 ao
552 2116 622 2179 mali
636 2117 758 2181 haberet
770 2135 832 2181 non
847 2118 1043 2200 praeiudicata
1057 2119 1184 2198 quadam
1194 2135 1251 2181 noc
1260 2117 1318 2180 nisi

153 2237 191 2281 er
205 2219 286 2283 libris
300 2222 405 2285 heusta
418 2221 558 2303 opinione
572 2228 743 2298 statuerent,
757 2221 810 2285 sed
824 2221 1002 2304 experientia
1015 2221 1154 2301 magistra
1164 2221 1319 2301 cognoris·

155 2330 230 2385 sent
260 2323 379 2405 flosque
391 2341 497 2387 omnes
511 2324 544 2387 in
557 2344 593 2387 eo
608 2324 776 2405 conspirare
791 2323 936 2399 videmus,
951 2332 1002 2399 ut,
1025 2324 1050 2386 si
1065 2341 1124 2386 una
1137 2322 1260 2404 simplex
1274 2320 1318 2384 rei

155 2425 287 2506 publicae
301 2426 398 2489 forma
410 2427 538 2508 optanda
548 2427 597 2501 sit,
613 2444 736 2508 regnum
752 2427 856 2489 oetcms
866 2427 1043 2507 praeierant,
1060 2427 1204 2508 optimam
1216 2432 1318 2487 autam

156 2526 280 2590 cintatis
294 2529 537 2591 constitutionem
552 2548 618 2592 eam
633 2538 783 2601 censeant,
798 2529 830 2592 in
850 2547 907 2611 qua
927 2546 1052 2610 regnum
1072 2530 1111 2591 sit
1129 2528 1318 2610 optimatium

157 2631 344 2706 auctoritate,
365 2631 466 2713 populi
487 2631 620 2694 libertate
639 2632 768 2695 mixtum
794 2640 824 2694 et
848 2639 1062 2713 temperatum:
1089 2632 1173 2695 cuius
1198 2631 1319 2713 quidem

158 2733 385 2813 temperamenti
400 2732 451 2814 qui
465 2733 572 2797 modus
587 2753 621 2797 ac
634 2736 709 2798 ratio
725 2734 773 2809 sit,
789 2741 819 2796 et
838 2742 955 2797 restem
974 2752 1013 2797 an
1032 2752 1117 2798 secus
1131 2735 1232 2797 Cicero
1253 2751 1319 2796 earn

158 2833 201 2896 rei
214 2834 346 2914 publicae
359 2835 498 2910 formam,
514 2854 588 2915 quae
602 2836 715 2899 Romae
734 2835 791 2898 brit
809 2835 951 2918 proximis
966 2844 1033 2899 ante
1053 2837 1220 2918 Scipionem
1240 2842 1318 2898 tern-

158 2935 294 3018 poribus,
311 2938 444 3000 omnium
462 2939 573 3020 optime
596 2946 791 3021 temperatam
814 2939 907 3002 luisse
932 2938 1119 3021 pronuntiet,
1143 2956 1250 3018 magna
1274 2944 1320 3000 est

161 3039 302 3119 quaestio,
318 3040 370 3102 sed
384 3040 421 3103 ab
435 3039 492 3104 hoc
506 3042 571 3105 loco
586 3042 688 3105 abana
707 3042 775 3103 Non
789 3042 869 3117 enim
879 3041 900 3104 ii
910 3059 1025 3116 summ,
1040 3041 1092 3120 qui
1102 3041 1229 3114 illorum,
1244 3056 1320 3120 quos

160 3141 249 3204 modo
265 3141 409 3217 diximus,
424 3144 656 3207 umbraticorum
676 3144 832 3207 doctorum
851 3145 1004 3225 exemplo,
1024 3143 1160 3206 idoneam
1177 3141 1264 3204 nobis
1284 3140 1321 3202 de

159 3241 330 3307 huiusmodi
344 3244 566 3325 quaestionibus
579 3244 757 3307 decernendi
769 3246 940 3310 facultatem
954 3265 1136 3326 arrogemus,
1152 3244 1204 3307 sed
1219 3243 1320 3306 audire

159 3345 309 3408 malumus
324 3364 384 3420 eos,
400 3363 527 3425 quorum
541 3347 572 3408 in
585 3346 644 3410 hoc
657 3365 763 3429 genere
778 3349 963 3430 prudentiam
979 3366 1037 3410 usu
1049 3365 1151 3409 rerum
1162 3355 1275 3426 partam
1291 3352 1320 3408 et

160 3447 371 3529 experimentis
386 3448 608 3529 comprobatam
624 3450 797 3524 viderimus,
820 3450 851 3512 in
871 3449 978 3531 quibus
997 3449 1070 3530 quin
1090 3448 1236 3511 veteribus
1256 3448 1320 3521 illis,

161 3568 289 3632 quorum
304 3551 464 3614 sententias
479 3552 793 3627 commemoravimus,
814 3552 988 3634 praecipuus
1003 3551 1123 3632 quidam
1139 3549 1221 3613 locus
1246 3549 1321 3613 assi-

159 3654 292 3736 gnandus
306 3654 345 3717 sit
358 3670 447 3717 nemo
462 3654 546 3718 lacile
560 3654 696 3735 ambigat

246 3755 309 3820 lloe
322 3764 422 3821 autem
436 3764 570 3838 tempure
586 3763 737 3820 uteorum
757 3757 1000 3831 admoneremur,
1019 3755 1132 3819 factum
1155 3762 1200 3817 est
1215 3755 1321 3836 Regis

160 3861 270 3925 unius
297 3860 427 3942 optimi
454 3860 611 3934 memoria,
640 3878 727 3940 quem
754 3878 847 3942 quum
872 3878 968 3941 nuper
991 3859 1134 3922 amissum
1160 3859 1321 3940 lugeamus,
1397 3906 1400 3915 .

160 3962 251 4025 subiit
275 3970 343 4025 ante
370 3965 469 4025 omnia
497 3980 599 4025 earum
626 3981 726 4025 rerum
747 3962 927 4034 recordatio,
948 3962 1055 4043 quibus
1074 3961 1185 4043 patriae
1203 3966 1322 4025 nostrae

160 4071 287 4140 statum,
309 4066 518 4148 aliquantisper
536 4064 632 4147 pravis
656 4065 866 4128 seditiosorum
890 4065 1046 4128 hominurn
1072 4064 1224 4127 conatibus
1242 4064 1324 4126 labs-

160 4170 313 4244 tactatum,
325 4170 435 4252 erigere
455 4175 485 4231 et
504 4169 612 4232 certius
634 4187 667 4230 ac
686 4168 818 4232 stabilius
837 4169 869 4232 in
888 4173 1040 4250 posterum
1059 4167 1184 4230 lundare
1203 4168 1323 4231 annims

162 4280 218 4347 cst,
234 4292 269 4335 ea
282 4272 326 4337 rei
339 4273 473 4355 publicae
487 4272 584 4337 iorma
599 4271 767 4347 condenda,
783 4290 857 4352 quae
871 4272 908 4334 ad
922 4270 1017 4346 iliani,
1034 4289 1124 4354 mam
1138 4270 1324 4335 consentiens

230 4476 463 4547 samaram.
766 4473 1155 4617 naturamnaturaim.
