3290 5142
699 439 852 537 A

186 626 292 691 deinde
311 633 442 710 myrtum
463 627 666 709 numnquam
687 627 783 693 obiter
802 628 932 694 adderet
966 629 1175 713 Negllgentiam
1196 632 1346 715 quendum

186 732 275 794 etiam
295 731 328 794 in
341 733 399 794 boc
413 730 516 814 aliquis
530 731 715 808 criminetur,
738 734 817 815 quod
831 741 900 816 post
914 719 938 795 di
951 725 1079 817 σαίρεις
1092 753 1119 797 v.
1138 736 1199 796 115
1213 735 1250 797 de
1263 735 1346 800 lauro

187 834 315 909 dictum,
338 851 418 897 nnnc
437 834 474 897 de
493 842 590 916 myrto
610 853 638 897 v.
664 834 719 896 121
745 823 767 922 ᾇ
781 828 888 919 σαίρω
902 836 1020 900 dicitur:
1041 837 1094 900 sed
1111 837 1230 901 calidius
1245 844 1346 902 nmen

186 954 275 1018 qnam
296 935 471 1016 prudentius
491 954 542 999 eos
562 936 655 1018 egisse
670 937 810 1010 arbitror,
831 938 882 1019 qui
895 938 964 1002 talia
976 939 1098 1002 tolerari
1111 925 1175 1001 nou
1187 957 1277 1021 posse
1290 939 1346 1003 rati

185 1038 317 1102 criticm
341 1054 427 1101 sunm
452 1037 620 1101 facultatem
646 1039 677 1100 in
698 1040 882 1103 emendando
902 1041 968 1104 loco
986 1058 1123 1104 exercere
1143 1041 1241 1104 conati
1263 1047 1344 1105 sunt.

184 1142 227 1205 dc
240 1141 408 1204 Badbamns
423 1140 558 1221 quidem,
580 1148 614 1203 ut
627 1141 710 1222 prius
723 1141 795 1204 illud
808 1134 937 1227 σαίρεις
949 1142 1118 1217 tolleretur,
1133 1142 1213 1225 quod
1227 1144 1343 1206 comi·

185 1263 263 1307 cum
284 1243 340 1306 sibi
354 1242 445 1306 rideri
458 1242 512 1315 ait,
533 1243 577 1305 sic
590 1242 678 1306 scribi
693 1244 800 1307 voluit:
822 1235 920 1306 ἆεσῖν
935 1245 1061 1326 Φοίβου
1077 1241 1226 1324 mede
1241 1242 1342 1331 δρεφ·

184 1337 277 1410 dsic'
289 1337 358 1408 ὑπὸ
368 1345 460 1420 ναοῖς
469 1338 585 1430 κήπων
596 1338 634 1421 ἐξ
642 1337 831 1424 ἀθανάταν,
842 1366 918 1429 quas
928 1348 1157 1430 ipsoconrertit:
1170 1348 1345 1432 decerpta

184 1468 299 1533 propo
318 1449 455 1531 templa
476 1448 700 1513 sacellorum
715 1449 852 1512 Phoebi
866 1470 910 1513 er
923 1451 1196 1514 immortalibus
1211 1450 1341 1515 bortis.

184 1552 263 1616 llaec
283 1552 330 1614 vix
347 1551 433 1633 digna
452 1559 523 1614 sunt
542 1568 616 1632 quae
634 1550 811 1614 refutentur.
841 1552 917 1616 Nam
932 1571 970 1617 ne
985 1555 1022 1618 ds
1036 1554 1167 1617 mirificis
1181 1553 1237 1616 illis
1251 1554 1344 1630 ναοῖς

183 1650 348 1735 θομελᾶν,
369 1653 593 1718 sacellorum
608 1654 775 1737 templis,
798 1656 908 1731 dicam,
930 1657 1000 1739 quid
1014 1657 1158 1720 leobinus
1172 1656 1230 1719 boc
1243 1656 1345 1720 nomi·

183 1758 282 1821 nauso
298 1747 319 1818 d
334 1790 375 1802 -
391 1752 601 1841 dprpbeioa‘l
622 1774 691 1820 nam
711 1761 892 1823 constructio
912 1767 992 1823 certe
1011 1759 1171 1840 genitivum
1187 1755 1248 1832 σᾶς
1265 1755 1342 1839 dpe-

184 1853 333 1946 ρθείσας
353 1858 528 1942 postulabat.
558 1860 640 1923 nllus
661 1861 779 1942 quidam
799 1862 930 1937 criticus,
946 1862 978 1924 in
995 1861 1099 1924 dunel.
1119 1859 1220 1942 pbilol.
1241 1859 1344 1923 lxxv

183 1982 213 2046 p.
226 1963 299 2039 470,
314 1964 391 2025 banc
401 1961 638 2026 emendationem
649 1965 818 2045 proposuit:
834 1954 890 2045 ὅγ’
906 1952 1114 2049 (domnaldo,
1126 1949 1345 2039 ὦκσλίίστας

185 2060 407 2149 προπόλευμα
434 2058 563 2149 δάφνας
589 2056 708 2146 byrris
730 2066 857 2146 Φοίβου
884 2062 1048 2146 depulsio,
1073 2058 1191 2148 κείρω
1219 2054 1253 2127 σ’
1275 2057 1343 2128 ὑπὸ
1447 2052 1450 2056 ’

184 2168 292 2245 ναοῖς,
324 2165 380 2230 ἵνα
412 2163 559 2251 δρόσος
589 2164 723 2250 τέγγεν
754 2159 788 2233 α’
821 2159 912 2253 ἱεροὶ
938 2164 1058 2253 ῥιπὰν
1084 2158 1204 2232 dodon
1231 2163 1345 2250 παγάν

184 2265 381 2356 ίκπροιεῖσα
406 2292 466 2348 -3
492 2271 683 2354 sequentibus
702 2277 802 2363 autem
825 2272 921 2336 verbis
942 2264 1102 2355 μυρσίνας
1121 2261 1213 2353 {spois
1234 2263 1344 2356 φόβαν

185 2375 255 2458 quid
271 2374 334 2438 lleri
347 2380 379 2437 et
392 2375 471 2437 unde
486 2374 567 2438 bunc
579 2376 778 2440 accusativum
792 2376 921 2457 pendere
935 2375 1035 2449 vellet,
1055 2374 1154 2438 dicere
1167 2372 1342 2458 supersedit.

184 2477 255 2541 tlibi
274 2477 373 2540 omnia
391 2478 423 2541 iu
444 2478 603 2552 hocloco,
624 2478 693 2541 boot
711 2495 772 2543 non
792 2477 956 2561 probanda,
978 2485 1058 2540 certe
1077 2481 1178 2539 tamen
1194 2494 1345 2541 sanaem

184 2598 360 2663 persuasum
379 2588 438 2655 est,
461 2588 578 2664 prester
595 2598 690 2644 uuum
710 2581 888 2645 versiculum
912 2579 970 2643 118
989 2574 1050 2641 σὰν
1068 2570 1204 2642 deveas
1219 2572 1345 2660 παμσίνε

184 2701 255 2748 nam
270 2684 347 2747 hunc
360 2682 493 2748 adiectiri
506 2683 635 2747 formam
650 2673 795 2759 α’ίνναον,
812 2702 866 2765 pro
882 2674 1011 2757 σῖίναον,
1027 2682 1131 2764 utique
1145 2681 1345 2747 damnandam

186 2806 252 2851 esse
267 2787 455 2850 llermannus
475 2788 511 2851 ad
532 2787 561 2849 b
581 2788 600 2849 l.
621 2796 651 2850 et
665 2786 765 2850 Fixius
784 2787 815 2850 in
830 2786 865 2849 ll.
882 2787 984 2868 Stepb·
999 2784 1129 2849 thecam.
1145 2786 1159 2848 l
1173 2805 1203 2866 p.
1219 2785 1283 2849 760
1295 2784 1343 2848 od

185 2890 282 2953 bidot.
304 2874 474 2972 plenissime
488 2891 739 2954 demonstrarunt
769 2889 957 2954 Hermannus
972 2890 1060 2971 igitur
1073 2884 1132 2969 μᾶς
1147 2883 1208 2949 τᾶν
1222 2878 1345 2951 deveo

186 2988 298 3075 παγσίν
311 2994 499 3058 scribendum
514 2993 621 3068 suasit3
636 2993 744 3067 Firius,
760 3001 794 3057 ut
808 2994 904 3056 solent
917 2994 980 3056 lere
991 2990 1082 3055 culini
1093 2991 1129 3054 ad
1139 2988 1346 3072 enusquisque

185 3098 369 3163 coniecturas
382 3095 595 3179 periclitandae,
611 3114 700 3178 quam
715 3095 751 3159 ad
762 3095 928 3178 probandas
939 3095 1047 3158 alienas
1058 3093 1257 3177 promptiores
1269 3111 1344 3167 esse,

141 3270 143 3275 ,
186 3194 286 3283 ρνεάν
304 3219 358 3282 pro
379 3195 438 3282 γᾶς
451 3195 512 3262 τᾶν
526 3232 567 3245 -
581 3198 671 3263 scribi
685 3198 797 3274 meluit,
813 3198 1084 3281 obsequentemque
1097 3197 1200 3261 babuit
1213 3197 1344 3261 flnctuu-

185 3320 265 3383 ssum.
291 3300 354 3386 Ego
368 3303 537 3366 Hermanno
551 3302 686 3366 assentiri
701 3301 778 3364 malo
794 3303 839 3364 vel
852 3308 975 3384 propter
987 3302 1110 3365 verbum
1125 3293 1344 3382 ἐκπροϊεῖσαι,

186 3404 265 3486 quod
286 3404 329 3468 sic
347 3406 497 3488 aptissime
518 3423 588 3470 cum
607 3401 669 3486 γᾶς
689 3404 821 3468 construi
839 3411 970 3487 apparet.
1000 3396 1106 3478 Γαίας
1129 3396 1242 3484 παγάν
1255 3401 1344 3465 etiam

185 3507 283 3590 puqu
297 3507 372 3572 inira
387 3508 443 3571 dici
457 3527 483 3571 v.
503 3509 562 3570 141
577 3509 641 3590 ipse
655 3507 843 3571 dermannus
858 3508 981 3581 monuit,
996 3505 1181 3587 contulitque
1195 3513 1345 3586 praeterea

185 3598 310 3695 ὄμβρον
335 3604 458 3689 χθονός
482 3611 560 3693 epud
580 3610 759 3693 Sophoclem
778 3610 850 3675 Osd.
872 3611 933 3674 Col.
955 3629 982 3672 v.
1003 3609 1074 3673 687.
1108 3600 1221 3671 ‘Pecto
1241 3624 1295 3688 per
1312 3624 1345 3672 εε

176 3713 306 3795 ,quidem
320 3731 380 3777 non
395 3714 545 3795 ineptum3
559 3713 611 3777 sed
626 3714 685 3776 dno
700 3714 773 3776 baec
782 3712 910 3795 epitheta
921 3708 1019 3798 ροτσίν
1028 3702 1147 3775 ἀέναον
1156 3708 1345 3774 unooninn-

184 3826 266 3898 geret
279 3816 434 3898 Euripides
448 3818 529 3880 nulla
543 3834 631 3880 causa
644 3825 721 3892 crat,
742 3824 830 3897 atque
845 3815 892 3879 ille
905 3815 969 3899 ipse
984 3834 1085 3880 versus
1103 3814 1163 3877 122
1179 3833 1216 3878 er
1230 3811 1345 3895 lllppo·

185 3920 261 4001 lyto,
281 3938 371 4002 quem
385 3920 484 3983 Firius
503 3920 586 3995 citat,
606 3916 714 4000 πέτρα
733 3954 776 3966 -
795 3913 895 4003 ρντάν
908 3914 1021 4002 παγὰν
1035 3915 1230 4003 προϊεῖσα
1250 3935 1344 4000 κρη-

185 4018 302 4102 μνῶν,
329 4023 576 4087 llermanuianam
601 4021 759 4096 lectionem
784 4018 845 4104 γᾶς
870 4057 909 4068 -
926 4016 1123 4104 ἐκπροϊεῖσα
1137 4020 1345 4110 commendans

185 4132 293 4205 potest.
308 4162 352 4173 -
365 4125 502 4190 Proxima
517 4126 614 4199 umba,
631 4144 706 4206 quas
721 4125 752 4187 in
766 4124 914 4189 codicibus
929 4125 973 4188 sio
987 4124 1097 4205 scripta
1110 4129 1190 4198 sunt,

429 4221 636 4310 acceptiores
657 4219 716 4307 ἅμ’
736 4216 849 4313 ἠελίου
870 4222 1007 4310 πτέρυγι
1027 4227 1107 4313 θοῇ,

186 4348 205 4393 ε
225 4327 383 4393 Μσ111ιῖεεο
397 4338 427 4393 ε1
440 4332 475 4393 G.
491 4330 642 4395 ltindortlo
657 4329 753 4407 (lletr.
768 4329 874 4392 Assclu
890 4329 983 4410 Sopb.
999 4330 1069 4394 Eur.
1084 4349 1113 4412 p.
1130 4328 1206 4410 2111)
1220 4346 1276 4411 pro
1289 4326 1343 4391 tri·

185 4438 283 4499 metro
296 4432 423 4499 iambico
437 4433 596 4511 habentur,
612 4434 733 4516 quodsi
747 4431 907 4517 probatu,
921 4432 953 4498 in
967 4440 1071 4516 quoru
1084 4432 1155 4498 sede
1169 4437 1344 4514 mapaestus
