3222 5148
654 458 806 557 ..Q-

147 642 216 707 bem
230 642 375 724 omgitare
389 650 419 706 et
432 644 569 729 pessimis
583 644 696 710 artibus
711 660 900 727 eorrumpere
920 643 1031 716 solent,
1052 641 1124 705 nihil
1143 641 1236 722 magis
1250 657 1306 704 ne·

146 745 307 810 cessarium
328 764 393 809 esso
411 754 546 828 apparet,
569 766 660 830 quam
680 768 746 811 esso
768 748 801 810 in
819 765 851 808 re
870 745 987 828 publica
1000 744 1142 808 maiorem
1158 745 1322 827 quandam¹

144 856 323 930 potestatem
344 848 384 910 ita
404 859 618 931 comparatam,
640 857 675 914 ut
697 851 759 934 ipsa
782 847 880 911 omnis
899 865 1005 929 expers
1026 847 1196 911 oraminis
1210 865 1308 933 neque

146 949 339 1030 optimatibus
358 970 415 1013 nec
433 952 616 1016 multitudini
636 953 702 1035 plus
723 969 818 1034 aequo
837 951 939 1013 favens
959 958 1009 1013 aut
1023 950 1150 1013 obnoxia
1163 949 1237 1013 nibil
1250 948 1309 1011 nisi

145 1050 259 1115 bonum
274 1054 426 1136 publicum
440 1062 582 1136 sequatur
596 1055 684 1136 idque
702 1073 740 1116 ne
760 1061 812 1117 aut
831 1053 1020 1135 popularium
1033 1051 1153 1114 libidine
1166 1070 1200 1113 ao
1213 1059 1310 1113 teme-

145 1154 231 1216 ritate
246 1163 297 1217 aut
309 1156 435 1219 tortasse
450 1156 638 1238 optimatium
656 1156 748 1218 nimia
771 1156 898 1236 quadem
918 1155 1053 1218 cautione
1072 1161 1103 1216 et
1124 1154 1310 1216 cunctatione

143 1256 279 1320 laedatur
293 1258 455 1340 provideat.
477 1259 515 1320 Et
527 1269 572 1321 est
587 1258 720 1340 proiecto
735 1247 836 1322 rerum
851 1257 1033 1339 publicarum
1050 1264 1221 1319 nostrarum
1236 1271 1309 1318 con·

148 1358 220 1421 ditio
236 1360 391 1435 eiusmodi,
407 1369 441 1423 ut
455 1361 524 1442 quid
541 1379 659 1443 quoque
673 1367 808 1441 tempore
822 1364 874 1423 aut
887 1359 981 1440 possit
993 1358 1056 1422 lieri
1071 1365 1123 1421 aut
1136 1376 1257 1421 neccsse
1270 1357 1310 1421 sit

148 1460 185 1523 ad
199 1470 308 1526 statum
323 1481 425 1525 earum
441 1474 492 1526 aut
505 1464 651 1526 tuendum
673 1471 724 1528 aut
744 1464 979 1526 conservandum
1000 1468 1052 1524 aut
1073 1459 1310 1543 promovendum

147 1563 225 1626 haud
241 1564 325 1627 iacilc
338 1574 418 1629 recte
433 1566 524 1628 statui
538 1565 575 1628 ab
590 1565 625 1628 iis
640 1565 748 1647 possit,
770 1565 821 1647 qui
841 1565 937 1628 obiter
955 1572 1071 1626 tantum
1094 1572 1123 1626 et
1142 1581 1196 1645 per
1217 1563 1311 1625 inler-

148 1665 221 1728 valla
235 1668 272 1729 ad
286 1686 352 1731 eam
367 1669 516 1741 accedant,
532 1668 633 1749 quales
647 1676 718 1730 suut
731 1666 802 1738 iere,
818 1665 869 1748 qui
883 1666 919 1729 ad
935 1651 1053 1728 comitia
1064 1665 1152 1728 certis
1164 1664 1312 1745 tempori-

146 1766 203 1830 bus
218 1778 426 1844 convocantur,
442 1771 628 1852 maximeque
642 1770 799 1852 populares
814 1768 865 1839 illi,
880 1768 931 1849 qui
946 1767 1157 1849 aliquantisper
1171 1772 1311 1849 quaestus

149 1869 196 1931 sui
210 1870 313 1951 reique
328 1870 477 1935 familiaris
493 1891 563 1934 cura
582 1873 711 1952 seposita
732 1889 852 1953 operam
874 1870 1087 1933 mercenariam
1107 1869 1232 1955 publicis
1253 1887 1311 1931 no-

148 1970 235 2049 gotiis
250 1970 434 2051 impendunt,
450 1974 502 2035 sed
516 1973 553 2035 ab
568 1992 603 2035 eo
617 1980 745 2045 tantum,
766 1972 817 2053 qui
831 1971 905 2034 nibil
919 1972 997 2035 aliud
1013 1977 1087 2053 agat,
1108 1971 1219 2036 nullam
1234 1971 1310 2035 ritae

148 2089 220 2135 suae
233 2082 348 2152 partem
362 2092 379 2135 a
394 2093 426 2136 re
440 2074 556 2154 publica
571 2076 733 2138 seiunctam
747 2074 867 2148 babeat,
890 2091 951 2136 nou
971 2074 1027 2137 sibi
1045 2074 1097 2137 sed
1118 2075 1161 2137 rei
1179 2074 1312 2156 publicae

148 2194 182 2236 se
201 2184 303 2238 natum
322 2194 387 2239 esse
409 2177 531 2253 sentiat,
554 2178 725 2258 omniaque,
749 2194 942 2259 quaecunque
963 2176 999 2239 ad
1022 2176 1110 2239 huius
1129 2176 1256 2240 salutern
1279 2194 1314 2239 ao

150 2276 323 2357 dignitatem
337 2279 513 2362 pertineant,
528 2279 589 2342 sive
603 2281 634 2343 in
648 2281 771 2343 civitatis
785 2280 878 2363 ipsius
893 2280 1104 2343 constitutione
1114 2279 1217 2342 sivein
1227 2278 1312 2341 variis

149 2399 217 2443 cum
233 2380 339 2444 exteris
355 2381 518 2444 eiulatibus
532 2381 577 2444 vel
591 2382 671 2466 pacis
685 2383 731 2443 rel
749 2383 817 2447 belli
837 2383 1016 2458 rationibus,
1037 2383 1261 2464 circumspicere
1282 2387 1312 2443 et

149 2482 315 2563 pervidere,
336 2484 520 2548 imminentia
536 2484 612 2548 mala
627 2491 657 2548 et
670 2485 799 2566 pericula
814 2486 904 2549 etiam
920 2505 936 2548 e
951 2487 1112 2569 longinquo
1126 2484 1312 2555 animadver-

150 2593 213 2647 tere
227 2594 258 2647 et
272 2604 331 2665 quo
346 2587 435 2649 modo
451 2587 486 2649 iis
508 2587 623 2651 occurri
641 2596 692 2649 aut
713 2588 810 2651 resisti
831 2590 924 2673 possit
942 2591 1097 2670 providere
1118 2587 1311 2665 consueverit,

150 2686 363 2751 Talemautem
375 2689 562 2769 reipublicae
574 2690 810 2773 procurationem
823 2707 971 2771 nusquam
982 2691 1090 2754 certius
1101 2691 1213 2779 sperari
1224 2708 1313 2773 possa

150 2798 272 2872 apparet
285 2790 342 2852 nisi
355 2791 387 2852 in
400 2809 501 2873 reguo,
517 2793 542 2854 si
558 2793 677 2874 quidem
692 2811 744 2855 rex
759 2793 799 2853 sit
813 2794 934 2855 nomine
954 2811 1009 2854 suo
1029 2793 1108 2855 baud
1127 2796 1213 2875 plane
1234 2793 1312 2856 indi.-

150 2908 236 2972 gnus.
258 2891 296 2953 Et
306 2892 403 2967 babet,
415 2895 530 2975 opinor,
542 2895 599 2957 hoc
613 2896 712 2976 ipsum
727 2894 803 2975 regis
817 2911 927 2956 nomen
941 2894 1018 2955 bano
1032 2895 1101 2970 rim,
1117 2911 1192 2974 quae
1206 2912 1312 2976 quem·

151 2992 195 3055 ris
209 3010 270 3054 non
284 2992 370 3073 plone
384 2982 537 3076 perversae
551 2996 658 3058 mentis
679 2997 832 3059 bominem
855 2996 943 3059 etiam
965 2996 1054 3058 officii
1068 2996 1139 3076 regii
1153 2996 1313 3059 admonere

151 3093 264 3168 debeat,
280 3100 315 3158 ut
328 3097 372 3158 rei
386 3098 518 3178 publicae
532 3116 564 3160 se
578 3116 736 3180 personam
751 3117 852 3180 gerere
864 3098 1033 3160 meminerit
1043 3117 1167 3179 eamque
1178 3109 1212 3161 ut
1223 3117 1313 3180 quam

149 3197 245 3279 possit
259 3198 420 3261 rectissime
435 3216 537 3280 gerere
552 3199 659 3281 cupiat,
674 3218 750 3283 quae
763 3219 821 3273 res,
838 3201 978 3282 quonism
994 3200 1088 3265 maior
1101 3207 1147 3262 est
1161 3218 1250 3282 quatu
1266 3200 1313 3263 cui

150 3300 240 3362 unius
255 3300 385 3363 bominis
400 3302 521 3365 facultas
537 3303 672 3365 sulficere
686 3304 792 3384 possit,
814 3321 935 3387 operam
956 3302 1038 3365 dabit
1055 3309 1090 3364 ut
1104 3321 1156 3365 eos
1170 3301 1227 3365 sibi
1240 3320 1312 3365 oon·

153 3401 277 3464 siliarios
291 3410 321 3463 et
336 3403 489 3466 ministros
504 3405 650 3485 adiungat,
671 3424 798 3486 quorum
814 3405 896 3477 fides,
918 3404 1058 3489 probitas,
1073 3406 1238 3486 prudentia,
1253 3406 1313 3467 sol·

152 3502 235 3564 lertia
252 3505 378 3566 maxime
392 3513 544 3588 perspecta
566 3507 619 3580 sit,
642 3512 672 3568 et
694 3507 743 3585 qui
766 3525 870 3569 omnes
889 3506 919 3568 id
940 3524 1033 3567 unum
1054 3506 1109 3568 sibi
1129 3507 1313 3597 propositum

153 3603 290 3677 habeant,
301 3614 335 3668 ut
345 3607 388 3668 rei
398 3608 531 3688 publicae
542 3609 710 3683 inserviant,
723 3626 903 3689 omnemque
914 3625 999 3671 suam
1010 3625 1110 3670 rerum
1121 3609 1313 3690 gerendarum

154 3705 325 3769 facultatem
339 3708 400 3790 regi
415 3710 606 3773 commodent
625 3729 716 3791 seque
736 3712 821 3793 quasi
841 3711 986 3792 quaedam
999 3710 1205 3791 supplementa
1219 3713 1314 3792 regiae

154 3825 298 3891 personae
313 3810 410 3873 addita
424 3831 489 3874 esse
504 3812 704 3875 meminerint

240 3910 290 3974 Sic
304 3912 392 3992 igitur
405 3915 565 3977 constituta
580 3916 623 3977 rei
637 3915 769 3999 publicae
783 3915 879 3978 iorrua
893 3933 961 3978 rere
975 3912 1033 3974 dici
1046 3914 1155 3994 poterit
1169 3912 1315 3976 extribus

153 4013 318 4097 generibus,
334 4015 478 4098 populari,
493 4017 691 4100 optimatium,
707 4018 846 4099 regioque
857 4018 982 4099 imperio
995 4017 1085 4078 mixta
1098 4021 1127 4078 el
1138 4022 1314 4102 temperato:

154 4135 280 4199 eamque
299 4118 542 4180 constitutionem
557 4127 625 4181 anto
640 4119 753 4201 aliquot
766 4139 860 4182 annos
875 4120 952 4203 apud
972 4136 1027 4181 nos
1048 4119 1164 4182 fundari
1182 4128 1315 4205 coeptam

155 4236 248 4299 quum
264 4237 344 4282 nuno
357 4221 494 4284 homines
508 4231 559 4284 aut
573 4221 699 4302 improbi
714 4232 764 4284 aut
776 4222 906 4305 imperiti
921 4239 981 4283 non
992 4222 1132 4303 perlicere
1142 4223 1316 4305 firmiusque

155 4321 296 4398 stabilire,
311 4323 363 4385 sed
379 4342 571 4406 corrumpere
585 4344 620 4387 ac
633 4343 755 4406 prorsus
769 4326 800 4388 in
814 4324 995 4388 contrarium
1017 4334 1186 4387 convertere
1205 4343 1316 4388 conen-

155 4424 305 4584 turquuis
325 4443 387 4489 non
406 4427 450 4490 vir
469 4425 567 4491 bonus
587 4428 756 4510 patriaeque
770 4446 873 4492 amans
888 4428 998 4491 horum
1011 4427 1107 4587 iuroqi
1119 4428 1316 4491 resistendum

238 4562 247 4582 0
1101 4528 1115 4587 l
