3276 5144
779 454 961 564 ΗΝ,

266 656 393 739 speciem
410 673 478 739 prae
493 675 526 718 se
539 655 615 718 ferre
630 654 787 720 dicemus?
822 656 930 729 Immo,
944 654 1042 736 iuquit
1055 655 1193 731 Kritzius,
1210 657 1330 731 „anime
1346 659 1429 722 dolor

266 758 430 833 simulatur,
446 761 472 823 si
487 758 552 841 quis
565 760 640 834 silet,
656 759 727 822 iocis
742 767 831 840 atqua
845 757 942 819 verbis
957 758 1039 819 laetis
1053 758 1191 833 abstinet,
1208 760 1369 842 voluptates
1384 761 1431 823 in-

267 863 414 935 termittit,
439 862 534 925 tristia
548 862 716 943 quuitur‘:
743 862 823 942 quod
845 860 975 942 quidest
994 860 1071 922 aliud
1097 879 1186 941 quarn
1202 861 1333 924 animum
1350 881 1430 926 nunc

266 983 328 1027 non
342 984 408 1027 esse
422 966 565 1039 animum,
581 965 633 1026 sed
648 963 798 1047 silentium
815 964 928 1044 aliaque
942 963 1082 1026 tristitiae
1097 962 1179 1043 sigua
1193 964 1284 1026 animi
1298 966 1432 1031 habitum

267 1064 502 1131 dissimulantia?
518 1068 707 1129 -Fuerunt
728 1068 817 1129 etiam
839 1066 890 1147 qui
910 1066 946 1128 ad
967 1066 1089 1146 figuram
1106 1060 1142 1128 ‘aa
1164 1061 1222 1128 διὰ
1245 1064 1337 1129 dabir
1358 1087 1433 1130 non-

267 1171 412 1251 Iugerent,
439 1170 549 1232 scilieet
571 1171 649 1250 quod
673 1188 771 1232 reram
794 1169 882 1231 huius
905 1169 1015 1246 figurae
1038 1169 1097 1230 va
1111 1187 1146 1231 ac
1159 1178 1294 1231 naturam
1310 1189 1433 1254 prorsus

267 1275 412 1355 planeque
427 1272 609 1353 ignorabant,
634 1292 708 1353 quae
723 1271 854 1334 adhiberi
868 1288 929 1333 non
945 1277 1051 1351 petest,
1074 1272 1130 1333 nisi
1144 1271 1205 1345 uhi,
1222 1290 1298 1352 quas
1313 1292 1367 1353 per
1380 1294 1433 1336 eu·

267 1375 368 1457 puIam
382 1377 611 1457 coniunguntur,
626 1375 715 1437 etiam
731 1392 762 1436 re
776 1374 841 1456 ipsa
856 1375 898 1436 sie
912 1373 990 1435 inter
1003 1392 1036 1434 se
1052 1374 1207 1437 coniuncta
1221 1383 1299 1447 sunt,
1314 1382 1349 1437 ut
1360 1395 1432 1459 pns-

172 1533 189 1556 ,
268 1478 307 1540 sit
320 1478 442 1540 alterius
454 1477 582 1540 nominIs
598 1477 663 1539 leco
680 1475 768 1538 etiam
782 1477 926 1556 genitivus
941 1484 993 1538 aut
1006 1475 1182 1539 adiecIIvum
1197 1477 1345 1540 substitui
1371 1480 1433 1541 Ita·

268 1600 325 1662 que
340 1580 455 1643 animus
471 1581 627 1660 vultusque
642 1598 696 1660 par
718 1571 753 1641 ἓν
775 1574 834 1641 διὰ
856 1577 1035 1641 duriatum
1057 1579 1179 1641 demum
1201 1580 1257 1641 diei
1272 1588 1382 1661 posset,
1405 1581 1431 1643 si

269 1683 365 1746 vultus
380 1682 446 1745 taIIs
461 1690 548 1755 esset,
572 1683 665 1763 qualis
680 1681 749 1743 huic
762 1682 862 1744 anInm
877 1682 1057 1755 conveniret,
1079 1699 1140 1743 nou
1156 1688 1254 1744 autem
1269 1698 1359 1756 nunc,
1381 1683 1433 1746 uhi

268 1785 304 1847 ab
318 1785 417 1847 animo
434 1785 530 1847 vuitus
547 1785 679 1847 diuersus
693 1785 780 1866 eique
803 1785 969 1847 contrarius
992 1790 1046 1845 est.
1091 1785 1269 1867 Corruptum
1284 1786 1373 1866 igitur
1387 1786 1434 1849 lu-

269 1906 337 1951 cum
353 1907 418 1949 esse
433 1888 586 1950 fatendum
608 1895 663 1961 est,
685 1887 813 1968 fassique
835 1887 947 1949 dudum
971 1892 1041 1948 sunt
1063 1887 1116 1949 viri
1137 1888 1374 1969 prudentissimi:
1397 1908 1435 1952 ex

269 1989 533 2065 emendationibus,
549 2009 623 2071 quas
638 1990 685 2053 alii
700 1991 769 2052 alias
784 1990 1039 2063 commendarunt,
1053 1989 1139 2052 nebu
1152 2007 1212 2052 una
1223 1990 1351 2053 maxime
1361 2009 1434 2071 pro-

269 2092 372 2156 babilia
387 2094 508 2165 videtur,
531 2112 608 2174 quae
622 2094 723 2155 nescio
739 2092 786 2155 cui
801 2093 831 2153 in
847 2101 978 2156 mentem
993 2093 1086 2154 veuit:
1110 2111 1284 2155 sermone
1306 2094 1433 2155 ruitu-

271 2214 352 2274 que.
398 2196 440 2259 uf.
457 2196 533 2257 Ann.
549 2197 594 2269 vl,
611 2196 664 2269 50,
687 2195 869 2257 deTiberio:
893 2213 1059 2257 sermone
1080 2212 1119 2255 ae
1140 2195 1244 2258 vultu
1266 2195 1433 2276 quamvis

269 2298 510 2361 manifestam
527 2298 777 2361 deiectionem
792 2296 946 2377 tegebat.

356 2399 451 2464 Serib.
468 2400 716 2482 Gryphisuuldiae
732 2401 760 2463 d.
775 2400 894 2462 XXVIII
908 2400 976 2462 Iun.
991 2398 1187 2463 nuceum.
