3284 5152
813 569 841 575 „-
862 478 962 574 161,-

395 665 429 728 ln
449 666 544 750 epodo
564 669 667 731 tertiae
686 668 826 750 strophae
846 668 959 731 stasimi
973 668 1095 731 secundi
1108 687 1135 730 v.
1151 668 1211 731 481
1229 669 1301 733 baec
1315 670 1465 751 leguntur:

508 763 618 833 Πόλιν
640 765 748 855 διήκει
767 765 840 832 θοοὶ

510 865 616 952 βάξις,
639 866 670 935 οἱ
692 865 724 935 d'
747 867 913 955 ἐτητύμως

509 974 559 1049 τίς
581 963 671 1038 οἶδεν
691 966 715 1059 ἤ
734 995 790 1038 τοι
810 970 907 1037 θεῖόν
928 968 1000 1038 ἐστι
1021 970 1066 1057 μη
1088 969 1222 1059 ψύθος,·

307 1074 483 1138 Aduerbium
503 1066 683 1159 ἐτητύμως,
704 1079 782 1158 quod
803 1078 834 1139 iu
855 1077 911 1139 bac
925 1077 1044 1159 quidem
1059 1078 1217 1140 verborum
1232 1084 1381 1143 structura
1394 1078 1466 1145 terri

307 1192 370 1238 non
390 1195 478 1260 posse
498 1186 633 1262 apparet,
654 1182 763 1244 durato
784 1189 944 1261 praeeunte
958 1180 989 1242 iu
1003 1180 1178 1243 adieeumm
1193 1172 1352 1263 ἐτήτυμος
1367 1191 1465 1246 mutn-

305 1284 388 1353 tum,
410 1298 444 1343 ac
463 1278 567 1345 deinde
587 1302 642 1364 pro
662 1273 770 1367 ἤτοι,
796 1283 867 1345 item
887 1300 948 1345 non
967 1283 1104 1356 terendo,
1130 1300 1146 1343 a
1166 1282 1314 1364 plerisque
1333 1274 1354 1367 η’
1373 1304 1422 1360 τι,
1448 1304 1464 1348 a

307 1381 530 1446 Schneidewiuo
550 1375 618 1447 εἴτε
637 1386 780 1468 scriptum
799 1393 856 1458 est,
877 1394 911 1453 ut
930 1392 1077 1448 struotma
1096 1384 1234 1447 evaderet
1252 1385 1338 1448 baec:
1359 1388 1411 1461 τίς
1431 1379 1465 1449 d'

307 1471 406 1560 older,
430 1477 461 1548 si
482 1479 652 1570 ἐτήτυμος,
674 1476 698 1571 ἢ
720 1491 784 1564 (aut
805 1480 885 1564 εἴτε)
907 1482 955 1571 μή
976 1508 1011 1549 τι
1032 1486 1129 1549 θεῖον
1149 1482 1267 1572 ψύθος
1288 1481 1369 1551 ἐστι’.
1398 1490 1465 1553 Pla·

306 1606 372 1651 oere
385 1588 444 1650 boc
458 1588 494 1651 iis
508 1595 626 1652 tantum
641 1592 753 1672 potuit,
774 1591 826 1671 qui
840 1608 977 1673 perversa
991 1590 1183 1653 collocatione
1197 1591 1360 1670 negationis
1374 1586 1421 1677 μή
1434 1594 1466 1655 in

304 1688 439 1772 Aeschyli
454 1691 585 1755 versibus
600 1709 661 1754 uon
677 1693 910 1756 offenderentur:
931 1693 982 1772 qui
996 1701 1097 1756 autem
1111 1692 1288 1774 Aeschylum
1302 1695 1390 1756 verba
1404 1712 1465 1759 non

303 1810 440 1877 perverse
454 1795 506 1858 sed
521 1803 602 1858 recte
616 1803 705 1878 atque
720 1797 823 1859 ordine
838 1796 994 1859 collocasse
1008 1804 1139 1869 censent,
1155 1796 1268 1858 hicum
1283 1790 1329 1880 μή
1344 1797 1465 1860 sieaute

302 1889 421 1978 ψύθος
439 1914 502 1960 non
520 1898 688 1981 positurum
704 1899 795 1961 luisse
808 1898 983 1979 intelligent,
1003 1898 1059 1960 nisi
1074 1899 1163 1960 etiam
1178 1899 1237 1960 vim
1252 1900 1414 1979 negationis
1428 1900 1464 1963 ad

303 1998 361 2060 hoo
380 1999 554 2063 vocabulum
573 2002 720 2084 pertinere
735 2002 857 2083 eiusque
871 2001 1112 2081 significationem
1127 2000 1229 2063 tollere
1243 2010 1332 2081 atque
1347 2002 1377 2063 in
1391 2020 1464 2065 eou-

301 2101 426 2163 trarium
450 2111 620 2166 convertere
646 2104 740 2167 vellet.
778 2099 842 2188 Mq*
864 2099 981 2187 ψύθος
999 2110 1098 2165 autem
1119 2103 1191 2184 quid
1210 2108 1255 2165 est
1275 2103 1352 2166 aliud
1375 2122 1463 2186 mam

301 2195 483 2286 ύτύτυμονῗ
503 2205 622 2269 Rectius
640 2206 729 2287 igitur
748 2207 846 2269 locum
867 2225 883 2267 a
905 2225 953 2269 me
968 2205 1157 2268 emendatum
1172 2224 1238 2268 esse
1251 2214 1324 2289 puto
1340 2207 1370 2268 in
1385 2208 1464 2271 bunc

302 2305 441 2368 modum:
466 2298 505 2370 ού
527 2299 561 2370 δ’
582 2303 749 2394 ἐτητύμως
769 2329 821 2383 τις
842 2295 941 2381 οἶδεν,
963 2299 985 2392 ἤ
1005 2329 1039 2370 τι
1061 2302 1160 2371 θοῖύτ
1181 2302 1280 2385 ἔστιν,
1303 2299 1461 2393 ἢψύθος.

301 2407 376 2470 Nam
397 2402 564 2492 ἐτητύμως
579 2403 702 2474 εἰδέναι
717 2412 789 2492 quin
803 2418 883 2473 recte
899 2412 1027 2484 dicatur,
1049 2429 1137 2473 nemo
1151 2411 1310 2482 dubitabit,
1332 2412 1464 2493 dixitque

299 2509 343 2573 sic
357 2510 518 2592 Aeschylus
533 2513 622 2574 etiam
637 2514 713 2576 intra
728 2533 755 2574 v.
775 2513 871 2574 1297:
888 2504 918 2574 οἱ
941 2502 973 2573 d'
996 2506 1274 2595 inaestimatam
1289 2509 1348 2575 τὸν
1363 2507 1464 2597 αὐτῆς

301 2599 417 2676 οἶσθα.
447 2614 541 2676 Porro
561 2607 600 2677 ού
619 2615 650 2677 in
668 2609 700 2677 si
718 2634 808 2697 quam
829 2615 913 2678 laoile
932 2615 1082 2695 corrumpi
1097 2616 1229 2694 potuerit
1249 2623 1384 2696 apertum
1400 2628 1461 2693 est3

300 2708 392 2777 ἐστὶν
404 2706 427 2800 ἤ
441 2734 495 2798 pro
512 2709 583 2779 ἐστὶ
597 2711 644 2800 μή
659 2719 746 2781 annius
763 2719 889 2789 litterae,
912 2734 998 2799 apro
1013 2737 1053 2796 μ,
1074 2717 1237 2779 mutatione
1252 2726 1383 2791 constat,
1406 2736 1463 2801 qua

299 2819 514 2901 permutatione
543 2820 617 2882 nibil
644 2821 828 2902 frequentius
854 2828 915 2895 est3
950 2819 1077 2901 denique
1102 2807 1226 2903 iia-d
1255 2839 1309 2902 pro
1336 2828 1460 2885 utrum

298 2939 406 2996 -an,
421 2929 455 2985 ut
469 2923 546 3007 apud
562 2922 726 2986 Homerum
742 2925 881 3007 frequens
896 2928 949 2995 est,
965 2922 1007 2984 sic
1021 2922 1110 2984 etiam
1126 2922 1279 3002 stragicis,
1295 2924 1324 2984 in
1336 2924 1460 2987 eborieis

299 3024 480 3106 pracsertim,
492 3042 553 3086 non
564 3025 690 3087 menum
703 3045 778 3100 esso,
791 3027 857 3087 lieet
867 3025 1053 3087 Hermannus
1065 3024 1250 3106 obloquatur,
1263 3026 1334 3088 satis
1346 3036 1459 3090 eertum

299 3133 355 3188 est.
385 3126 487 3207 Neque
501 3126 530 3188 id
546 3128 659 3207 negavit
674 3129 922 3199 Schneidewinus,
937 3146 1031 3208 quum
1045 3128 1283 3189 emendationem
1299 3148 1396 3191 meam
1411 3148 1460 3191 ro·

298 3227 557 3304 mareotidem,
572 3230 623 3292 sed
639 3239 754 3294 tantum
769 3230 865 3293 θεῖον
878 3230 982 3310 utique
999 3247 1066 3292 oum
1082 3223 1197 3312 ψύθος
1210 3230 1457 3312 coniungendum,

298 3346 377 3405 nou,
397 3337 432 3393 ut
452 3351 507 3412 eqo
526 3333 619 3407 volui,
641 3334 667 3395 ei
682 3332 892 3416 opponendum
913 3332 1004 3394 fauisse
1018 3332 1178 3394 contendit
1209 3333 1357 3396 Numnam
1373 3335 1461 3415 igitur

297 3426 332 3494 τὶ
353 3431 451 3494 θεῖον
470 3434 581 3516 absque
600 3436 782 3499 substantivo
801 3436 857 3497 dici
874 3435 1006 3518 potuisse
1020 3431 1167 3515 negabat?
1187 3435 1218 3496 ld
1235 3437 1355 3516 quidem
1369 3454 1458 3499 nemo

299 3534 410 3596 credet.
447 3536 492 3597 An
517 3556 626 3601 vanum
645 3540 746 3623 potius
768 3556 857 3617 quam
878 3555 979 3600 rerum
1000 3555 1153 3612 rumorem
1173 3537 1209 3599 ad
1231 3537 1302 3600 deos
1324 3547 1457 3603 auctores

297 3637 486 3701 referendum
498 3639 590 3703 luisse
602 3637 798 3726 opinabatm?
818 3640 911 3702 Huius
923 3639 1070 3720 opinionis
1081 3659 1172 3720 quam
1184 3658 1301 3703 causam
1313 3641 1457 3713 habuerit,

297 3739 345 3802 alii
365 3741 498 3804 viderint.
527 3744 671 3824 Equidem
692 3746 762 3807 satis
782 3745 876 3807 babeo
890 3741 1115 3805 Homerioorum
1132 3742 1243 3821 aliquot
1257 3746 1391 3807 locorum
1405 3746 1456 3807 ad-

298 3845 463 3918 monuisse,
482 3845 519 3908 de
539 3837 638 3930 ύοομ,
661 3848 737 3909 lovis
755 3848 848 3909 missu
867 3862 929 3907 non
949 3844 1021 3906 falsa
1041 3845 1092 3906 sed
1114 3863 1180 3906 aera
1195 3846 1364 3910 bominibus
1379 3866 1458 3910 nun·

297 3946 398 4023 tiante,
413 3949 446 4012 ll.
460 3949 496 4023 ll,
514 3948 564 4010 93.
580 3949 635 4010 Od.
650 3947 673 4023 l,
689 3949 811 4021 28211,
828 3948 900 4010 216.
912 3946 1013 4018 xxiv,
1029 3947 1100 4009 213.
1127 3948 1177 4011 Sic
1186 3948 1263 4029 apud
1276 3949 1456 4012 Herodotum

299 4068 416 4131 quoque
432 4048 492 4123 vll,
512 4050 639 4113 lirano
655 4052 771 4114 somnio
787 4052 947 4132 opponitur
960 4049 1045 4123 illud,
1062 4050 1093 4111 iu
1108 4068 1166 4130 quo
1181 4052 1289 4131 aliquid
1305 4052 1394 4114 divini
1408 4054 1455 4127 sit,

296 4144 331 4213 ci
344 4153 406 4214 τοῦ
419 4144 517 4214 θείου
531 4144 675 4232 μετέχον.
705 4155 820 4217 Fallunt
833 4153 954 4235 quidem
968 4169 1182 4234 nonnunquam
1197 4154 1244 4215 dei
1258 4155 1411 4229 homiues,
1427 4157 1455 4218 id

298 4255 376 4333 quod
397 4253 427 4315 in
447 4253 543 4317 Persis
563 4255 671 4318 chorus
691 4258 844 4338 profitetur
863 4276 890 4317 r.
906 4255 1031 4335 iilsqq„
1051 4255 1102 4318 ubi
1124 4251 1302 4343 δολόμητιν
1322 4251 1458 4323 ἀπάταν

296 4354 382 4417 θοοῦ
396 4356 480 4431 (11ο11;
496 4374 604 4438 nempe
618 4377 681 4429 eos,
697 4378 772 4439 quos
787 4366 908 4440 propter
921 4358 1108 4421 insolentiam
1123 4365 1175 4420 aut
1189 4359 1371 4440 impietatem
1383 4363 1455 4425 ode-

296 4468 368 4520 runt
386 4466 417 4521 et
436 4478 535 4521 errore
555 4461 693 4540 deceptos
712 4461 743 4522 in
761 4463 920 4541 perniciem
940 4459 1070 4523 incidere
1084 4461 1200 4537 volunt3
1219 4462 1340 4542 Amlros
1356 4474 1452 4527 autem
