3154 5138
866 451 929 516 314

317 661 379 725 per
399 641 572 723 quandam
592 640 900 721 significationem
923 639 1009 703 haec
1032 641 1139 704 docet
1160 640 1295 704 tributa
1319 639 1473 703 nomina.

315 745 485 809 Admodum
504 745 619 826 placere
634 744 731 825 primo
747 743 889 826 adspectu
901 751 1003 824 potest
1015 742 1150 807 Lambini
1165 742 1328 807 emendatio
1344 743 1475 807 insitas

315 854 599 929 praeceptasque
612 846 854 927 cognitiones,
865 847 1134 927 quampraescrtim
1147 846 1277 909 insitas
1288 845 1474 910 iultaffeano

316 951 416 1015 codiee
431 950 576 1030 scriptum
590 966 657 1011 esse
669 947 814 1011 Manutius
830 955 967 1024 testetur,
985 949 1017 1011 in
1031 948 1140 1012 Hliensi
1154 956 1252 1012 autem
1267 949 1355 1012 etiam
1373 966 1475 1030 prae·

317 1061 454 1137 ceptae,
474 1070 651 1133 1111111111
666 1050 869 1132 praepositum
884 1050 977 1126 alteri,
995 1051 1115 1130 legatur.
1144 1051 1182 1113 Ht
1195 1051 1274 1114 bunc
1288 1052 1406 1131 quidem
1421 1071 1475 1115 co·

316 1157 411 1220 dicem
425 1154 566 1230 Davisius,
580 1154 714 1217 Lambini
728 1152 961 1216 emendationem
975 1153 1164 1216 Heindortlus
1178 1164 1321 1235 sequutus
1335 1162 1389 1229 est,
1403 1154 1477 1217 nibil

316 1270 416 1322 motus
430 1257 558 1321 Emestii
572 1255 766 1332 dubitatione,
783 1256 841 1336 qui,
856 1273 946 1336 quum
961 1265 1170 1337 praeceptas
1184 1257 1330 1338 probaret,
1344 1256 1476 1319 insitas

316 1372 414 1425 tamen
432 1360 559 1442 probare
577 1358 685 1433 noluit,
711 1357 864 1439 quouiam,
889 1377 963 1439 quae
981 1359 1012 1420 in
1030 1358 1189 1438 theogonia
1208 1359 1329 1423 Hesiodi
1349 1369 1420 1422 sunt
1437 1360 1477 1424 de

315 1465 396 1538 love,
413 1463 527 1525 lunone
545 1468 575 1523 et
594 1460 711 1532 ceteris,
731 1477 794 1522 non
810 1467 909 1522 essent
924 1479 959 1523 er
973 1459 1059 1523 insita
1074 1460 1251 1541 cognitione.
1278 1461 1386 1524 Hiram
1404 1479 1478 1524 sane

316 1565 469 1629 iudicium:
493 1564 575 1644 quasi
590 1580 666 1636 non,
688 1581 763 1643 quae
776 1540 930 1645 praecepta
946 1562 1088 1643 cognitio,
1108 1562 1210 1625 eadem
1224 1562 1311 1625 etiam
1325 1563 1413 1627 insita
1427 1563 1478 1639 sit,

317 1688 353 1731 ex
367 1666 486 1749 Epicuri
500 1665 632 1728 doctrina
647 1663 683 1727 de
697 1657 868 1749 προλήψει
884 1663 945 1725 sive
958 1663 1178 1746 anticipatione,
1197 1664 1236 1727 de
1249 1684 1307 1746 qua
1320 1673 1398 1728 rede
1411 1665 1479 1728 dis-

316 1779 451 1853 putatum
470 1777 516 1831 est
534 1768 571 1830 ab
589 1767 623 1830 E.
643 1765 806 1829 Reiuholdo
826 1766 857 1827 iu
877 1764 974 1828 libello
995 1764 1176 1842 academico,
1194 1767 1281 1829 lenae
1302 1785 1370 1831 anu.
1393 1767 1480 1833 teto

317 1873 405 1936 edito.
430 1871 530 1952 imque
543 1877 702 1949 utrumque
717 1874 767 1929 aut
781 1866 899 1947 probari
914 1874 964 1929 aut
977 1866 1078 1948 respui
1094 1867 1256 1948 oportebat
1283 1869 1364 1945 Quae
1374 1879 1478 1933 autam

317 1974 506 2038 Heindordus
524 1971 653 2034 Emestii
672 1968 845 2032 dubitationi
866 1967 1019 2049 opposuit,
1041 1968 1228 2033 satisfacere
1250 1989 1312 2034 non
1336 1984 1479 2053 possunt.

318 2077 428 2156 „Quasi
443 2081 534 2139 voro“
555 2073 649 2155 inquit
667 2088 746 2148 ,non
765 2071 822 2133 bos
841 2070 924 2151 ipsos
944 2071 1030 2146 deos,
1051 2072 1101 2153 qui
1119 2072 1206 2153 11111
1226 2074 1403 2151 colerentur,
1421 2096 1481 2158 pe·

317 2177 557 2261 aucupationem
572 2175 707 2257 cognitos
721 2173 891 2236 hominibus
913 2173 1083 2237 existimarit
1096 2174 1271 2256 Epicurus.“
1299 2176 1387 2258 Atqui
1405 2178 1479 2253 boa,

318 2282 368 2364 qari
381 2282 467 2361 vadgo
488 2280 671 2353 colebantur,
691 2277 763 2339 deos
778 2275 814 2338 ab
829 2274 946 2357 Epicuri
962 2276 1022 2340 deis
1037 2275 1215 2340 adumbratis
1233 2286 1264 2340 et
1282 2296 1480 2361 monogram-

317 2385 389 2459 mis,
409 2384 459 2465 qui
474 2401 539 2445 cum
555 2400 611 2444 suo
625 2380 709 2462 quasi
724 2397 850 2459 corpore
865 2387 893 2441 et
907 2378 990 2459 qraasi
1005 2380 1147 2459 sanguiue
1161 2380 1250 2443 otiosi
1263 2381 1294 2442 11
1309 2380 1482 2445 intennun-

317 2488 374 2550 diis
389 2485 538 2566 degebant,
552 2492 615 2548 toto
631 2483 718 2557 caelo,
731 2490 764 2545 ut
778 2483 868 2557 aium,
884 2481 1017 2544 diversos
1033 2481 1123 2544 luisse
1137 2492 1265 2563 apparet,
1281 2484 1482 2564 quamobrem

317 2590 399 2652 illos
419 2587 522 2666 ipsos
542 2587 615 2648 deos
632 2585 789 2668 populares
814 2603 869 2666 per
886 2583 1123 2665 anticipationem
1143 2584 1278 2666 cognitos
1297 2604 1365 2649 essa
1383 2602 1482 2650 nemo

316 2691 480 2772 Epicureus
500 2688 671 2750 Heindorfio
692 2687 884 2761 concesserit,
903 2687 956 2750 sed
976 2685 1075 2769 potius
1093 2687 1210 2750 insitam
1230 2696 1485 2771 praeceptumque

317 2793 514 2876 cognitionem
530 2790 654 2853 deorum
669 2790 744 2870 radgi
759 2791 908 2854 erroribus
924 2798 954 2852 et
966 2796 1119 2870 poetarum
1139 2792 1313 2853 commentis
1332 2790 1484 2855 obscura·

316 2907 376 2961 mm
391 2906 421 2960 et
435 2902 605 2976 corruptam
620 2911 695 2955 esse.
721 2892 840 2955 Rectius
854 2893 952 2974 itaque
962 2891 1149 2956 Heindorlius
1164 2891 1208 2956 sic
1218 2892 1353 2956 dixisset:
1364 2892 1486 2969 ,Quasi

317 3017 385 3062 vero
405 3017 468 3061 non
486 2998 518 3059 in
536 2995 616 3076 vulgi
636 2994 841 3075 opinionibus,
861 2995 993 3076 quamvis
1013 2994 1110 3070 111111,
1132 2996 1193 3058 hoc
1210 3003 1309 3059 nmen
1327 3015 1362 3058 ar
1386 2997 1487 3061 insita

315 3108 526 3183 praeceptaque
538 3096 704 3178 cognitione
717 3105 843 3171 maneat,
859 3105 891 3159 ut
904 3097 980 3159 beati
994 3096 1040 3158 dci
1053 3105 1083 3160 et
1093 3097 1274 3161 immortales
1284 3098 1487 3163 habeantur.“

316 3203 416 3284 Neque
438 3211 537 3264 tamen
562 3201 621 3262 boc
645 3199 792 3262 sufficeret
814 3199 851 3263 sd
874 3200 1082 3263 removendam
1100 3200 1229 3287 Emestii
1252 3200 1486 3265 dubitationem.

316 3305 390 3368 Nam
401 3304 523 3368 candem
538 3303 614 3365 illam
625 3301 661 3364 de
671 3300 734 3364 deis
745 3301 990 3383 anticipationem,
1006 3309 1039 3366 ut
1049 3302 1124 3365 beati
1135 3313 1165 3367 et
1174 3303 1355 3368 immortales
1366 3316 1490 3381 essem,

317 3407 396 3470 Zeno
410 3424 472 3470 nou
487 3405 586 3468 minus
602 3422 691 3486 quam
706 3412 758 3466 aut
767 3404 913 3485 Epicurus
927 3412 977 3467 aut
990 3405 1120 3487 populus
1135 3406 1285 3486 probabat,
1300 3426 1396 3489 neque
1410 3428 1490 3472 ean

317 3510 437 3574 tedebat
450 3509 570 3572 Hesiodi
585 3507 835 3589 interpretatione,
850 3507 902 3571 scd
913 3507 1119 3570 tantummodo
1134 3507 1213 3583 illos,
1228 3509 1277 3590 qui
1292 3509 1329 3571 ab
1343 3509 1490 3575 Hesiodo

316 3613 407 3688 loris,
427 3611 564 3687 lunonis,
584 3612 687 3673 Vestae
700 3609 870 3672 nominibus
885 3609 1115 3691 appellarentur,
1132 3610 1235 3674 beatos
1249 3619 1279 3674 et
1293 3612 1491 3678 immortales

317 3716 497 3795 omninoque
505 3714 576 3776 deos
584 3712 788 3792 essenegabat
812 3712 913 3792 ltaque
928 3712 999 3775 mibi
1013 3711 1083 3775 illud
1098 3712 1227 3776 insitas
1242 3725 1493 3797 praeceptas·

317 3835 415 3899 quea
435 3825 615 3890 correctore,
635 3833 698 3877 non
715 3815 836 3878 indocto
857 3814 975 3896 quidem
993 3815 1056 3891 illo,
1075 3816 1240 3899 prolectam
1260 3834 1328 3879 esse
1346 3817 1493 3884 videtur:

295 3920 459 4000 'vrdgatam
483 3927 582 3982 autem
606 3920 785 3999 reliquorum
811 3917 945 3981 codicum
965 3918 1099 3982 omnium
1118 3919 1275 3983 bettonem
1300 3922 1494 3987 serrandum

317 4022 409 4096 duco,
437 4023 648 4102 usitatasque
676 4030 706 4083 et
731 4030 920 4102 perceptas
946 4021 1129 4102 cognitiones
1158 4040 1225 4084 uon
1243 4022 1359 4085 dimo
1384 4042 1494 4090 sensu

263 4134 294 4187 21
318 4124 410 4188 dictas
425 4123 614 4206 intonaretur,
636 4142 723 4205 quam
738 4143 797 4205 quo
812 4122 1001 4197 11111136,
1016 4123 1054 4185 91
1072 4134 1101 4186 et
1114 4124 1152 4186 de
1165 4122 1250 4186 Hinn.
1264 4123 1314 4198 ΙΙΙ,
1328 4124 1396 4199 25
1414 4144 1498 4193 usn

315 4235 483 4308 percepta
507 4225 595 4289 ruba
618 4226 762 4289 dicuntur.
808 4226 922 4309 Nempe
944 4234 977 4289 ut
995 4226 1081 4290 rerln
1101 4246 1158 4290 usu
1175 4234 1313 4308 peccpta
1336 4245 1371 4290 ea
1396 4238 1496 4309 1111,

316 4349 443 4411 quornm
458 4329 516 4391 rim
536 4347 593 4391 usu
606 4337 637 4391 et
655 4329 865 4392 consuetudine
877 4329 1018 4410 loquendi
1037 4328 1259 4411 perdidicimus,
1279 4328 1318 4391 ita
1332 4347 1397 4393 usu
1412 4352 1497 4413 pu-

316 4442 416 4514 ceptae
430 4450 496 4506 seu,
516 4431 596 4513 quod
616 4430 720 4494 eodem
738 4432 826 4507 redit,
845 4431 966 4495 usitatae
981 4442 1011 4495 et
1028 4440 1184 4514 perceptae
1203 4430 1391 4512 cognitiones
1408 4435 1448 4499 ln
1465 4459 1496 4502 e.
