3178 5136
783 446 982 544 „jii-

304 630 471 718 poetasse
484 624 507 720 ἢ
520 630 579 698 καὶ
592 627 763 719 πατρώϊός
777 624 851 697 ἐσσι
866 627 978 708 ξεῖνος.
1014 632 1067 694 His
1081 630 1222 711 exemplis
1236 628 1346 692 secedit
1360 646 1460 708 pam-

303 739 478 802 maticorum
493 738 664 809 auctoritas,
683 737 761 799 vetut
779 736 886 816 Odyss.
908 736 959 807 tv,
981 734 1042 795 712
1061 734 1111 795 ubi
1131 733 1217 813 vulgo
1233 731 1384 795 scribitur:
1400 721 1460 792 oda

305 828 373 903 οἶδ’
400 832 435 904 ei'
456 832 509 914 τίς
532 860 590 920 μιν
611 835 693 914 θεὸς
718 827 838 922 ὤρορεν
862 827 902 919 ἠὲ
931 830 989 897 καὶ
1019 826 1118 898 αὐτοῦ
1145 828 1257 915 θυμός
1282 827 1460 918 ἑφορμήθη

305 933 380 1021 ’ipsu
401 936 579 1019 isileibes,
601 941 802 1003 Aristarchum
826 931 848 1023 ἤ
869 960 922 1013 τις
943 939 1099 1018 scripsisse
1124 936 1236 999 scholia
1264 937 1329 999 cod
1358 934 1460 997 Ambr.

305 1046 364 1108 Pal.
380 1044 457 1107 Heri
473 1045 588 1116 docent,
603 1044 762 1123 eademque
775 1031 797 1127 ἤ
812 1061 867 1122 pro
883 1032 914 1103 ei
928 1040 1058 1120 positum
1077 1039 1109 1100 in
1131 1037 1301 1101 huiusmodi
1326 1036 1462 1099 enuntia·

304 1147 342 1208 tis
368 1147 539 1209 indirectam
565 1146 823 1224 interrogationem
844 1151 895 1205 aut
917 1142 1130 1204 dubitationem
1153 1140 1328 1205 habentibus
1353 1139 1463 1201 diserte

306 1256 472 1329 agnoscunt
486 1250 521 1312 ad
537 1250 563 1322 1,
582 1250 652 1310 175.
667 1248 719 1323 111,
736 1248 786 1308 72.
805 1247 875 1308 172.
919 1246 1019 1325 Neque
1037 1244 1181 1307 rationem
1197 1243 1312 1305 obstare
1327 1242 1463 1313 arbitror,

306 1351 450 1430 siquidem
464 1342 487 1435 ἥ
499 1350 644 1432 primitivo
659 1349 870 1430 significatione
880 1366 943 1409 non
958 1340 1187 1422 διαζευκτικόν
1201 1353 1247 1407 est
1265 1345 1316 1407 sed
1339 1338 1464 1428 ἐρωτη-

305 1446 460 1534 ματικόν,
483 1458 513 1514 et
529 1460 640 1514 mutato
660 1460 773 1514 tantum
792 1460 916 1513 scoentu
934 1470 968 1512 er
987 1438 1007 1533 ἦ
1025 1458 1138 1523 ortum,
1161 1449 1190 1510 id
1211 1449 1291 1528 quod
1305 1448 1370 1528 ipse
1385 1447 1460 1509 Hor-

306 1574 434 1618 mannus
449 1555 582 1635 agnoscit
596 1554 667 1617 diss.
684 1554 721 1615 de
734 1553 828 1633 ellipsi
843 1564 872 1615 et
886 1553 1048 1634 pleonasm.
1065 1552 1175 1631 Opusc.
1194 1553 1208 1611 1
1226 1570 1257 1630 p.
1272 1550 1343 1611 209.
1374 1549 1463 1623 Quod

307 1659 332 1721 si
347 1660 385 1721 ita
400 1666 457 1732 est,
473 1658 558 1720 etiam
575 1657 604 1718 in
620 1656 719 1736 priore
733 1655 904 1718 bimembris
917 1654 1127 1717 enuntiationis
1139 1652 1272 1717 membro
1287 1670 1349 1714 non
1363 1652 1464 1714 nunus

306 1768 384 1823 recte
399 1778 487 1841 quam
502 1760 531 1821 in
547 1758 711 1840 posteriore
726 1766 867 1839 ponetur,
888 1777 922 1820 ac
936 1777 974 1818 ne
988 1777 1005 1818 s
1020 1756 1145 1837 simplici
1166 1755 1284 1835 quidem
1298 1755 1464 1833 interroga-

307 1864 387 1925 tione
406 1862 544 1924 indirecta
563 1861 722 1924 arcendum
740 1860 809 1934 erit,
829 1859 1077 1939 quemadmodum
1096 1858 1201 1937 Odyss
1223 1857 1300 1932 xvi,
1319 1856 1377 1918 138
1394 1846 1464 1917 ἀλλ’

308 1954 367 2046 iiye
387 1983 448 2043 μοι
468 1956 549 2025 τόδε
570 1955 646 2025 εἰπὲ
666 1956 725 2025 καὶ
747 1954 905 2043 ἀτρεκέως
926 1956 1111 2037 κατάλεξον,
1133 1951 1157 2043 ἢ·
1176 1955 1234 2021 καὶ
1249 1955 1387 2042 Λαέρτῃ
1404 1949 1465 2019 αὖ·

305 2060 364 2149 τὴν
379 2059 456 2129 ὁδὸν
469 2056 606 2147 ἅγγελος
627 2055 734 2139 iidem
745 2058 805 2126 'ubi
819 2070 917 2126 tamen
932 2063 1002 2125 olim
1017 2072 1046 2123 et
1060 2056 1090 2125 ei
1109 2071 1137 2123 et
1151 2050 1173 2147 ἦ
1188 2081 1305 2142 quoque
1319 2061 1464 2141 scriptum

307 2167 399 2229 fuisse
418 2166 510 2229 schol.
531 2166 610 2229 Harl.
632 2166 806 2229 ostendunt:
825 2172 855 2226 et
873 2164 951 2228 iliad.
971 2165 1041 2238 Vnt,
1063 2166 1131 2225 111.
1152 2155 1242 2249 ὄφρα
1263 2159 1321 2226 καὶ
1334 2158 1466 2247 Ἕκτωρ

260 2272 262 2276 ’
308 2260 436 2333 εἴσεται
456 2259 479 2353 ἢ
500 2263 560 2331 καὶ
579 2262 660 2346 ἐμὸν
675 2261 754 2351 δόρυ
768 2260 922 2349 μαίνεται
941 2261 975 2329 ἐν
990 2261 1191 2353 παλάμῃσιν,
1214 2266 1464 2347 quemadmodum

308 2388 363 2451 pro
384 2371 459 2450 vulg.
483 2363 513 2432 si
535 2363 594 2431 aci
608 2370 789 2432 seboliomm
804 2370 974 2433 auctoritate
989 2370 1163 2448 Spitznerus
1177 2369 1305 2450 scripsit.
1333 2368 1464 2447 Tragiois

308 2490 377 2535 vero
392 2470 497 2551 poetis,
513 2479 546 2533 nt
560 2470 592 2532 in
606 2470 668 2533 aliis
683 2470 773 2533 rebus
788 2471 898 2545 maritis,
909 2472 948 2533 itu
962 2471 994 2532 in
1008 2472 1067 2533 boc
1080 2463 1229 2556 quoqueip'
1237 2471 1393 2552 particulae
1406 2489 1465 2533 usu

309 2574 530 2652 interrogativo,
549 2573 654 2636 licebat
672 2573 750 2635 baud
769 2572 855 2635 dubie
874 2592 891 2635 a
910 2573 1017 2653 vadguri
1037 2593 1108 2635 suae
1129 2574 1232 2636 astatis
1251 2572 1466 2635 consuetudine

308 2675 444 2738 recedere
461 2683 491 2738 et
509 2675 547 2738 nd
565 2677 717 2756 epicorum
737 2677 903 2757 exemplum
925 2676 1087 2738 orationem
1114 2678 1312 2739 conformare:
1336 2674 1466 2737 librariis

308 2784 407 2840 autem
430 2777 556 2857 pronior
575 2779 706 2857 proiecto
724 2777 826 2859 lapsus
841 2778 878 2840 ab
899 2768 919 2861 ἤ
940 2778 977 2839 ad
999 2770 1031 2840 si
1043 2797 1130 2859 quam
1146 2786 1246 2841 contra
1260 2778 1322 2841 fuit
1351 2780 1466 2853 Quam-

309 2878 413 2940 obrem
428 2879 515 2941 etiam
535 2879 566 2939 in
581 2879 640 2941 hoc
653 2879 770 2941 Medeae
788 2897 875 2941 versu
894 2889 923 2940 et
937 2880 1103 2961 ubicmque
1123 2882 1154 2944 in
1173 2881 1317 2944 siradibus
1336 2881 1466 2959 tragico-

309 2997 376 3041 rum
395 2979 467 3041 locis
487 2970 510 3062 ἤ
528 2999 583 3060 pro
598 2972 631 3043 si
651 2980 714 3043 iibri
729 2989 779 3044 aut
800 3000 905 3044 omnes
923 2991 974 3045 eut
987 2983 1123 3046 meliores
1140 2986 1280 3057 stimant,
1303 2983 1468 3047 mmadone

308 3080 514 3143 abstinendum
528 3081 592 3142 erit.

393 3183 466 3244 Vere
481 3181 558 3244 487:
575 3174 624 3263 dp
646 3176 691 3258 ὡς
712 3178 801 3269 φίλῳ
823 3181 884 3269 γὰρ
906 3178 978 3250 b'm
999 3206 1057 3252 σοι
1077 3182 1292 3269 κοινώσομαι,

574 3280 717 3349 δοκοῦσα
738 3282 797 3368 μὲν
817 3280 853 3349 τί
874 3283 958 3369 πρός
979 3308 1016 3371 ys
1037 3287 1098 3354 σοῦ
1119 3284 1259 3374 πράξειν
1279 3287 1402 3369 καλῶς,-

573 3378 665 3466 tipus
686 3380 727 3465 δ’,
750 3382 933 3474 ἐρωτηθεὶς
954 3387 1015 3473 γὰρ
1036 3384 1175 3470 αἰσχίων
1195 3392 1302 3477 φανεῖ.

257 3502 264 3513 ·
393 3489 596 3552 ltaEimsleius
604 3490 792 3555 scribendum
799 3492 959 3555 intellexite
970 3494 1106 3558 codicum
1121 3497 1181 3558 iere
1195 3495 1327 3559 omnium
1340 3496 1469 3559 lectione

191 3626 193 3629 ·
309 3582 368 3670 μέν
387 3610 431 3667 τι,
454 3609 542 3670 quam
557 3591 745 3656 scholiastam
760 3612 877 3676 quoque
891 3596 922 3657 in
936 3598 1070 3677 exemplo
1085 3617 1141 3661 suo
1153 3599 1292 3662 babuisse
1305 3599 1392 3662 ruba
1402 3599 1468 3661 eius

310 3694 482 3765 ostendunt,
506 3713 597 3774 quum
617 3693 706 3757 altere
724 3689 770 3781 μή
791 3716 839 3774 τι,
855 3717 941 3779 quam
955 3700 1079 3779 Muegr„
1096 3701 1194 3777 Pons,
1213 3702 1326 3776 tisun,
1339 3702 1468 3782 Pupp„

309 3804 489 3875 receperunt,
506 3797 666 3859 admodum
681 3797 799 3878 origum
820 3798 859 3861 sit
872 3801 1061 3864 auctoritatis.
1091 3806 1278 3885 Quamquam
1291 3804 1372 3885 quod
1388 3804 1468 3866 benc

308 3897 461 3960 Elmsleius
474 3916 512 3960 ne
526 3917 658 3979 graecam
667 3900 784 3980 quidem
800 3920 866 3963 esse
877 3903 1040 3977 contendit,
1057 3906 1139 3967 tacite
1149 3914 1210 3969 erat
1221 3907 1256 3970 ad
1267 3907 1466 3977 ructandum,

309 4001 524 4081 reiutatumque
544 4010 589 4064 est
607 4003 643 4065 ab
662 4002 842 4067 Hermanno.
872 4005 931 4068 Sed
948 4005 1078 4069 Elmsleii
1097 4009 1252 4071 lectionem
1278 4008 1468 4072 commendat

308 4103 437 4183 primum
452 4096 544 4184 ὅμως
565 4099 604 4167 δέ
617 4123 702 4167 versu
717 4105 869 4185 proximo,
890 4107 999 4188 qsaippe
1017 4110 1099 4190 quod
1118 4112 1319 4174 concessivum
1332 4112 1466 4192 particu-

307 4205 363 4267 iam
378 4201 436 4286 μέν
455 4206 593 4288 inprimi
608 4207 741 4269 membro
756 4207 884 4288 [lepore
899 4210 1118 4290 quodammodo
1133 4213 1277 4275 videatur:
1292 4213 1400 4277 deinde
1412 4214 1467 4277 aii·

307 4316 415 4387 quanto
430 4308 536 4370 sortior
550 4316 580 4369 et
593 4307 714 4372 vividior
728 4309 825 4373 existit
837 4312 933 4374 oratio
948 4314 1081 4391 figurata
1097 4332 1188 4393 quum
1202 4316 1394 4396 interrogatio
1411 4336 1466 4397 pro

308 4410 460 4490 negatione
481 4410 614 4490 ponitur:
634 4413 767 4494 exemplu
784 4422 880 4477 summ
906 4413 994 4477 hocius
1018 4433 1106 4493 usus,
1133 4417 1158 4477 si
1179 4432 1254 4496 quae
1273 4418 1309 4481 sb
1324 4417 1466 4481 Eimsleio
