3164 5138
592 437 792 539 „ll-

287 620 490 708 μουνογενής
513 617 549 689 δι’
570 616 655 707 accipe
675 616 777 702 σώζοι
798 615 971 707 πατρώιον
992 610 1093 701 οἶκον,

24 740 29 835 p
108 727 366 791 etsententiarurn
381 736 452 809 apta
467 726 759 806 compositiqevadit,
775 734 804 787 et
818 725 993 788 scholiastae
1007 726 1080 788 ratio
1097 735 1218 789 constat.

187 831 225 893 ln
247 848 373 893 omnem
393 829 534 910 reliquam
555 827 685 909 Operum
703 837 818 909 partem
840 827 918 890 nulla
940 836 1121 890 memoratur
1141 840 1272 892 veterum

108 933 281 995 uitioorum
300 930 430 1003 notatio,
451 938 564 1010 praeter
585 946 675 992 unam
696 928 858 990 Mistarohi
879 929 916 990 ad
930 948 956 989 v.
973 930 1043 1004 740,
1063 929 1099 992 de
1118 950 1175 1012 qua
1189 941 1271 994 anm·

108 1056 196 1117 qnam
216 1035 289 1098 dico
311 1045 429 1114 tanqam
450 1033 533 1114 prius
553 1031 713 1112 insigniora
734 1032 876 1111 quaedam
894 1031 1129 1113 interpolationis
1145 1034 1271 1116 vestigia.

108 1141 224 1203 florum
241 1157 336 1201 unum
351 1135 478 1217 pertinet
492 1135 528 1196 ad
542 1154 569 1196 r.
585 1135 657 1196 405.
680 1134 715 1197 6:

234 1228 340 1303 Οἶκον
359 1232 420 1318 μὲν
441 1229 616 1321 πρώτιστα
639 1229 776 1316 γυναῖκα
796 1256 833 1298 τε
853 1239 933 1318 βοῦν
952 1230 981 1301 τ’
1003 1229 1157 1325 ἀροτῆρα,

230 1333 365 1425 κτητήν,
386 1331 425 1402 οὐ
448 1330 598 1422 γαμετήν,
618 1330 693 1420 ἥτις
714 1332 773 1399 καὶ
795 1334 912 1417 βουσὶν
933 1332 1061 1417 ἕποιτο,

106 1463 239 1528 quorum
253 1460 393 1505 versuum
408 1441 530 1503 alterum
540 1440 577 1502 ah
588 1439 743 1501 Aristotele
757 1447 788 1500 et
800 1439 1006 1521 Theophrasto
1021 1452 1141 1506 autnon
1153 1444 1270 1520 lectum

107 1553 157 1606 aut
181 1554 266 1608 eene
292 1562 354 1607 non
377 1563 434 1624 pro
460 1541 588 1621 genuino
614 1540 747 1603 habitum
768 1560 834 1603 esse
853 1562 888 1603 ex
912 1543 1029 1607 alterius
1044 1547 1137 1608 Pohe·
1162 1547 1182 1621 Ι,
1200 1549 1227 1623 1,
1243 1548 1272 1623 6,

107 1647 228 1711 alterius
244 1647 395 1710 Oenone
413 1647 427 1706 1
445 1645 615 1707 iamdudum
631 1664 648 1706 a
663 1642 732 1707 viris
747 1644 927 1708 doctissimis
945 1647 1122 1711 intellectum
1137 1659 1191 1712 est
1235 1650 1272 1713 Et

107 1750 283 1813 damnatum
306 1767 372 1811 eum
399 1767 417 1809 a
442 1745 616 1828 quibusdam
640 1744 747 1808 criticis
773 1746 864 1808 luisse
889 1749 975 1812 etiam
998 1750 1159 1814 Philodami
1185 1752 1271 1815 rerba

108 1851 310 1915 ostenduntin
319 1850 394 1912 libro
406 1849 445 1911 [X
456 1849 492 1910 de
504 1848 579 1911 vitiis
590 1857 618 1911 et
629 1849 703 1922 virt,
713 1868 743 1930 p.
755 1850 797 1912 46
808 1850 969 1914 edGoottl.:
984 1847 1042 1915 καί
1056 1856 1130 1929 πῶς
1141 1849 1271 1936 δέχεται

110 1948 358 2040 [θεόφραστος]
392 1946 535 2035 γαμιιήν
566 1941 621 2036 ὑφ’
644 1941 809 2014 Ἠσιόδου
837 1946 1015 2035 λέγεσθαι,
1048 1954 1182 2020 πολλῶν
1212 1953 1271 2021 καὶ

110 2050 306 2141 φασκόντων
327 2045 427 2117 αὐτὸν
448 2049 646 2138 γεγραφέναι
666 2049 815 2139 „eamq
838 2047 876 2117 nri
898 2052 1070 2142 γαμετήν.“
1093 2060 1166 2121 Nam
1179 2079 1270 2140 quum

109 2158 247 2220 multos
262 2157 307 2219 sic
318 2156 457 2218 statuisse
469 2155 517 2230 ait,
531 2155 689 2218 nonnullos
701 2164 800 2219 umen
811 2158 894 2220 aliter
905 2159 1034 2221 sensisse
1045 2160 1122 2224 haud
1136 2163 1271 2242 ambigue

110 2261 224 2323 indicat.
269 2259 372 2340 Neque
386 2277 420 2319 ex
436 2278 488 2330 eo,
509 2258 589 2338 quod
604 2278 621 2320 a
635 2258 741 2320 Proelo
756 2269 954 2324 memoratum
975 2270 1033 2324 est:
1058 2258 1212 2345 λέγουσιν
1238 2256 1272 2328 oi

110 2358 185 2447 napi
213 2354 361 2442 Τίμαιον
377 2352 534 2442 Ἡσιόδῳ
555 2354 612 2422 τὸν
633 2351 863 2447 Ἀριστοτέλην
884 2355 1089 2444 πειθόμενον
1108 2362 1193 2446 μετὰ
1213 2363 1273 2451 σήν

109 2461 163 2549 τῆς
192 2458 349 2547 γυναικὸς
374 2456 524 2545 τελιυιὴν
541 2452 744 2546 Ἑρπυλλίδι
769 2463 914 2527 συνεῖναι
937 2462 979 2552 τῇ
1000 2461 1206 2554 θεραπαίνῃ,
1235 2464 1274 2548 ἐξ

110 2551 147 2651 ἧς
167 2558 270 2629 αὐτὸν
293 2562 382 2643 uxeio
395 2554 475 2636 υἱόν,
492 2562 648 2642 quidquam
665 2564 791 2644 amplius
807 2566 910 2628 confici
926 2587 1017 2648 posse
1031 2580 1162 2651 apparet,
1182 2592 1270 2654 quam

111 2668 318 2750 interpolatum
334 2666 433 2728 locum
449 2664 506 2726 iam
519 2664 629 2726 Timaei
645 2666 827 2746 temporibus
843 2668 1003 2745 inissem.
1033 2673 1161 2754 higuera
1173 2684 1271 2738 autem

110 2770 364 2852 inte-polationem
389 2768 476 2829 etiam
501 2774 664 2829 structurae
689 2768 904 2833 inconcinnitas
923 2772 1045 2835 videtur.
1071 2809 1113 2820 —
1138 2777 1267 2839 Alterum
1285 2788 1317 2839 ιν

111 2872 345 2954 interpolationis
360 2868 514 2949 vestigium
530 2868 657 2948 pertinet
671 2869 708 2931 ad
719 2888 787 2932 eum
801 2870 910 2949 locum,
925 2874 975 2955 qui
990 2883 1037 2938 est
1051 2895 1076 2938 r.
1092 2877 1269 2953 633-640,
1364 2954 1371 2963 ¹

110 2977 154 3039 uhi
168 2984 256 3058 pater
270 2972 394 3035 Hesiodi
410 2979 549 3053 quaestus
564 2989 651 3033 causa
671 2972 850 3037 novioralatus
870 2994 948 3052 csse,
974 2978 1130 3060 relictaque
1147 2990 1271 3062 propter

110 3087 310 3161 paupertatem
325 3074 417 3155 patria
432 3074 533 3137 sedem
547 3074 655 3136 Ascrae
670 3075 786 3137 undem
805 3076 905 3139 fixisse
923 3079 1036 3143 dicitur.
1071 3083 1269 3147 Memorabilis

109 3195 201 3247 autern
218 3183 255 3245 ad
282 3181 362 3242 huno
380 3180 478 3241 locum
504 3185 550 3239 est
574 3176 748 3240 scholiastae
770 3180 935 3242 annotatio:
950 3172 1105 3268 ’Ἔφορος
1126 3179 1165 3248 δέ
1185 3204 1269 3271 φησι

108 3284 223 3348 τοῦτον
249 3274 299 3358 εἷς
312 3272 460 3364 ’Ἀσκρην
485 3274 598 3343 ἐλθεῖν
619 3271 658 3342 ori
685 3270 732 3341 δι’
754 3273 930 3364 ἐμπορίαν,
966 3275 1050 3346 ἀλλὰ
1076 3281 1180 3371 φόνον
1211 3281 1228 3350 ί
1255 3324 1272 3335 -

110 3382 227 3473 φίλιον
241 3376 471 3467 ἐργασάμενον.
501 3381 616 3461 Pugnat
633 3380 691 3443 hoo
705 3381 815 3462 Ephori
831 3386 1032 3448 testimonium
1049 3406 1117 3467 cuna
1133 3408 1269 3453 imsuurn

111 3498 235 3562 istorum
248 3486 453 3568 professione,
467 3491 502 3546 ut
514 3483 646 3546 rideatur
664 3484 779 3553 eosille
798 3495 849 3549 aut
869 3504 930 3550 non
951 3488 1102 3570 legissem
1117 3491 1270 3572 Operibus,

113 3602 166 3663 aut,
181 3592 208 3653 si
222 3589 332 3669 legerit,
347 3581 556 3668 suppositicios
575 3586 710 3666 nullaque
724 3588 782 3651 lide
798 3588 904 3669 dignos
916 3592 1068 3655 iudicasse.
1082 3628 1124 3638 -
1138 3594 1223 3657 Nune
1234 3596 1270 3658 de

114 3712 138 3753 r.
151 3694 221 3755 740.
233 3694 285 3755 41.
298 3701 326 3754 et
340 3688 499 3752 Aristarchi
514 3690 550 3750 ad
564 3707 633 3751 eum
646 3688 745 3752 locum
759 3692 910 3755 notatione
921 3695 1079 3758 ridendum
1090 3705 1143 3759 est
1160 3700 1269 3765 Versus

116 3794 237 3858 hisunt:

176 4069 216 4133 32)
234 4068 366 4121 Timaeum
382 4068 494 4124 Siculum
515 4070 703 4138 intelligendum
723 4090 781 4127 asse
800 4090 849 4127 noa
871 4084 957 4145 potest
972 4079 1089 4133 dubitari.
1118 4080 1189 4135 Hunc
1206 4085 1271 4136 enin

116 4152 180 4207 etiarn
196 4157 323 4208 adversus
335 4157 502 4209 Aristotelem
517 4175 587 4210 more
604 4175 650 4210 sno
668 4158 833 4232 ἐπιτιμαῖον
850 4163 929 4216 luisse
947 4180 979 4216 ax
992 4165 1122 4219 Athenaeo
1135 4166 1200 4234 vlll,
1217 4168 1232 4219 6
1245 4185 1268 4236 p.

115 4240 165 4307 ³⁴2,
176 4242 281 4312 Polybio
294 4240 355 4309 ΧΠ,
368 4243 392 4294 8.
406 4243 431 4307 9,
444 4243 513 4296 Suid.
526 4260 546 4296 s.
559 4240 725 4321 ιιἈριστοτ.
738 4247 860 4300 videmus.
873 4248 911 4301 Cf.
926 4248 1040 4304 Goeller.
1058 4253 1099 4304 de.
1113 4253 1177 4317 orig.
1190 4260 1217 4303 et
1228 4254 1270 4305 sit.

112 4327 223 4397 sm.
238 4346 263 4399 p.
277 4327 340 4380 sao.
