3164 5138
903 512 943 577 78

822 599 1023 611 *—

342 701 436 781 lyeieti
458 701 564 781 signis,
590 700 721 763 Herculis
744 701 848 773 altero,
873 700 962 761 altero
985 699 1151 761 Artemonis
1173 718 1190 761 a
1211 700 1362 764 Weieiero
1385 701 1503 778 dieitur,

342 804 430 866 huius
444 802 607 884 argumenti
621 803 679 864 vim
695 820 751 865 noe
766 801 949 864 nullomodo
965 802 1131 882 perspicere
1146 820 1236 883 posse
1251 804 1383 866 fatemur.
1426 804 1503 868 Nam

342 917 375 968 ut
390 907 585 969 concedamus
600 906 753 968 Herculem
769 904 805 968 ab
820 904 927 966 artiiiee
947 912 976 965 et
990 905 1180 967 Artemonem
1201 915 1339 985 tanquam
1354 909 1503 971 eonuaria

342 1011 419 1073 inter
442 1028 475 1071 ee
497 1017 526 1070 et
550 1008 658 1071 diversi
681 1008 796 1088 generis
818 1006 948 1087 exempla
972 1007 1102 1086 sculptos
1126 1026 1204 1081 esee,
1231 1014 1421 1089 (quemquam
1443 1010 1504 1073 hoc

341 1111 450 1174 Plinius
466 1118 544 1173 eerte
558 1128 618 1172 non
635 1110 703 1172 dieit
716 1110 751 1171 Η.
764 1110 799 1171 Ν.
812 1109 937 1183 xxxiv,
955 1108 1003 1184 19,
1017 1108 1059 1186 2),
1075 1110 1125 1189 qui
1139 1110 1237 1172 minus
1252 1118 1319 1192 apte
1332 1112 1503 1175 luxuriosus

340 1216 432 1277 homo
447 1222 476 1275 et
490 1213 686 1288 effeminatus,
703 1230 789 1293 qnam
804 1211 969 1293 impudicus
984 1219 1014 1274 et
1029 1211 1181 1285 cinaedus,
1201 1220 1235 1274 ιιι
1249 1213 1401 1278 Weleirero
1417 1216 1499 1277 ride-

341 1328 398 1392 tur,
413 1317 475 1378 viro
492 1316 559 1377 iorti
574 1323 603 1376 et
616 1324 737 1376 strenuo
754 1314 866 1395 opponi
881 1313 998 1395 potuit?
1013 1350 1054 1361 -
1069 1315 1245 1396 obloquitur
1258 1336 1349 1397 porro
1366 1317 1501 1382 Weieire-

340 1438 392 1482 rns
406 1419 458 1493 iis,
479 1418 528 1498 qui
543 1422 732 1480 Artemonem
748 1417 989 1480 Anacreontioum
1005 1418 1117 1480 servitis
1137 1418 1316 1482 conditionis
1333 1418 1424 1482 inisse
1437 1431 1501 1484 eta·

340 1530 473 1595 toerunt,
492 1520 708 1600 assentiturque
723 1519 833 1593 Petito,
852 1519 1006 1581 Miseeiien.
1026 1519 1073 1580 lib.
1090 1519 1139 1581 Vli
1158 1538 1221 1600 eap.
1239 1520 1268 1594 7,
1289 1520 1319 1582 in
1338 1521 1502 1584 libertatem

341 1642 407 1686 eum
420 1622 571 1697 asserenti,
587 1622 715 1701 primurn
727 1629 881 1702 propterea
894 1622 971 1701 quod
984 1640 1069 1684 servo
1080 1639 1142 1683 non
1154 1631 1232 1684 reete
1246 1615 1406 1709 κίβδηλος
1415 1617 1500 1705 βίος,

340 1726 369 1788 h.
386 1746 410 1786 e.
424 1733 459 1787 ut
472 1726 537 1805 ipse
551 1725 773 1806 interpretatur,
789 1723 934 1804 impudico
949 1724 1005 1786 rito
1020 1724 1106 1786 obiiei
1120 1724 1230 1805 possit,
1250 1725 1359 1807 quippe
1374 1727 1420 1789 eni
1433 1745 1501 1790 non

340 1849 396 1891 suo
417 1828 468 1890 sed
488 1826 551 1887 heri
572 1825 691 1887 arbitrio
711 1824 867 1886 vivendum
887 1824 939 1885 sit:
955 1825 1022 1887 dein
1036 1826 1114 1905 qood
1130 1845 1215 1888 servo
1230 1846 1291 1889 non
1307 1828 1390 1891 lineat
1403 1829 1502 1891 vivere

341 1930 516 2011 quibuscum
531 1928 612 1990 vetit:
628 1929 818 1988 Artemonem
838 1934 934 1988 autem
951 1946 1004 1990 sua
1019 1936 1130 2008 sponte
1145 1948 1213 1991 eurn
1228 1922 1456 2016 ἀρτοπώλισιν
1468 1940 1501 1995 et

256 2042 268 2051 ‘
338 2026 597 2115 ἐθελοττόρνοιοι
611 2030 734 2092 vixisse:
754 2037 907 2109 postremo
925 2031 991 2110 quia
1007 2031 1125 2092 Artemo
1146 2051 1180 2093 er
1196 2050 1326 2113 paupere
1340 2033 1419 2096 eires
1435 2036 1500 2096 iae-

337 2143 385 2197 tus
408 2134 459 2207 sit,
482 2142 555 2196 teste
575 2134 738 2207 Athenaeo3
767 2150 883 2194 serrem
905 2140 1002 2195 autem
1025 2132 1137 2195 divitias
1160 2133 1215 2195 eibi
1242 2153 1412 2217 comparare
1432 2154 1500 2199 non

337 2236 479 2319 potuisse.
508 2236 607 2316 lteque
621 2235 708 2297 etiam
724 2253 799 2317 quae
814 2235 849 2297 (ie
865 2229 957 2314 δουρὶ
971 2242 1001 2295 et
1013 2235 1122 2316 τροχῷ
1136 2235 1283 2309 dicuntur,
1303 2255 1364 2298 non
1379 2238 1416 2299 ne
1429 2254 1499 2300 ser·

338 2340 441 2401 ritibus
461 2338 610 2419 suppiieiie
630 2337 723 2417 accipi
743 2337 817 2408 vult,
839 2337 890 2398 sed
911 2336 947 2398 de
965 2334 1075 2398 ortibus
1090 2344 1119 2397 et
1133 2338 1299 2418 praestigiis
1314 2341 1498 2403 Artemonis:

338 2442 427 2503 titisse
442 2441 519 2501 eninr
535 2440 615 2500 huno
632 2438 821 2519 petauristnm
836 2445 886 2499 aut
899 2438 930 2498 in
946 2437 1032 2499 simili
1053 2439 1149 2519 aiiquo
1166 2458 1271 2519 genere
1286 2443 1439 2505 artificem:
1461 2438 1500 2507 ἐν

338 2538 433 2625 δουρί
457 2543 534 2604 idem
558 2561 624 2603 esse
647 2548 733 2621 etque
753 2534 787 2602 ἐν
809 2533 1095 2622 &eptimimeris
1121 2552 1218 2605 autern
1242 2563 1309 2606 esee
1331 2539 1500 2630 μαχαίρας

336 2640 544 2728 μαγειρικάς,
573 2643 739 2707 cuiusmodi
760 2644 852 2705 cultro
867 2644 1042 2705 instructum
1059 2646 1246 2707 Artemonem
1265 2648 1336 2709 teies
1351 2650 1498 2728 quosdam

336 2749 505 2830 praestigias
516 2747 650 2820 edidisse,
666 2746 765 2826 quates
777 2745 913 2806 Gitonem
924 2745 1054 2807 Petronii
1066 2764 1090 2808 e
1104 2747 1145 2809 94
1155 2749 1191 2810 ed
1203 2750 1325 2810 Autont
1339 2744 1375 2812 ἐν
1387 2752 1499 2834 τροχῷ

335 2859 431 2914 antem
455 2841 572 2931 αὐχένα
593 2840 680 2927 ἔχειν
701 2847 890 2927 petann'stnm
908 2847 978 2921 diei,
1000 2848 1048 2928 qui
1065 2851 1193 2912 oernuiot
1207 2860 1236 2913 et
1254 2851 1284 2912 in
1298 2853 1432 2915 maehina
1448 2844 1499 2915 vel

335 2962 399 3016 rota
414 2953 534 3014 traiieiat
549 2970 622 3012 sese.
653 2950 731 3011 Haeo
749 2959 778 3012 et
792 2950 839 3011 his
854 2949 941 3010 etiarn
960 2950 1103 3032 ineptiora
1118 2972 1134 3013 n
1148 2953 1243 3015 Petito
1257 2955 1417 3033 excogitata
1431 2973 1498 3018 non

336 3056 442 3130 miror3
457 3074 472 3115 a
488 3054 657 3126 Welciero,
675 3053 737 3114 viro
756 3051 1009 3132 ingeniosissimo,
1030 3054 1137 3116 orento
1156 3064 1187 3117 et
1205 3058 1408 3119 commendata
1423 3074 1498 3122 sane

336 3177 422 3238 quam
443 3157 559 3218 nollem.
579 3192 620 3200 -
633 3146 686 3217 Ἐν
708 3147 801 3236 δουρί
821 3172 883 3216 non
907 3155 1027 3217 dubium
1050 3164 1096 3217 est
1115 3157 1185 3237 quin
1205 3158 1280 3220 idem
1301 3159 1340 3221 sit
1361 3162 1440 3241 quoti
1459 3155 1499 3224 ἐν

335 3254 434 3344 ξύλῳ,
457 3253 553 3335 ξύλον
574 3266 684 3331 autem,
711 3256 756 3318 eui
776 3257 902 3319 eervioes
923 3258 1040 3319 Artemo
1059 3258 1220 3335 inserebat,
1244 3255 1380 3347 κύφωνα
1401 3264 1498 3327 iitieee

334 3370 453 3444 apparet
467 3362 497 3421 h.
512 3380 537 3421 e.
553 3356 669 3433 σκεῦος
690 3352 817 3435 ξύλινον
832 3344 861 3442 ᾦ
881 3355 950 3421 τὸν
972 3353 1112 3438 αὐχένα
1126 3356 1291 3426 ἐνθέντα
1304 3361 1358 3427 δεῖ
1369 3382 1497 3444 μαστι-

335 3461 480 3545 γοῦσθαι
503 3457 560 3524 τὸν
585 3456 665 3542 περὶ
685 3458 746 3546 τήν
761 3452 884 3545 α’γοροῖν
905 3465 1156 3544 κακουργοῦντα.
1200 3466 1291 3529 Vertis
1307 3477 1377 3530 eunt
1391 3468 1496 3531 Pollu-

334 3568 376 3628 eie
391 3566 439 3628 lib.
454 3565 481 3626 X
497 3583 587 3644 segm.
607 3566 675 3626 177.
724 3561 840 3647 Τροχῷ
854 3573 949 3626 autern
966 3565 1080 3627 etiamsi
1095 3567 1172 3628 haud
1188 3569 1274 3631 dubie
1289 3587 1351 3632 non
1367 3571 1495 3633 oeroioes

333 3670 414 3732 soloe
429 3669 480 3729 sed
496 3676 589 3730 cetera
603 3684 721 3748 quoque
736 3666 866 3728 membra
878 3667 942 3729 eius
958 3669 1007 3748 qni
1022 3669 1207 3748 castigandus
1218 3681 1281 3734 erat
1294 3672 1497 3753 imponeban-

333 3779 393 3845 tur,
411 3790 500 3832 nemo
516 3779 613 3833 tamen
632 3770 784 3832 mirabitur
799 3778 849 3831 aut
864 3769 1035 3851 vituperabit
1049 3781 1180 3852 poetam,
1200 3775 1250 3854 qui
1263 3776 1335 3837 haee
1353 3776 1496 3838 disertius

332 3890 565 3936 commemorare
584 3873 789 3953 supersederit
838 3872 973 3937 Ceterum
994 3876 1182 3936 Artemonem
1202 3879 1330 3956 cogitare
1349 3877 1495 3941 debemus

332 3974 478 4038 institorio
493 3985 544 4039 aut
557 3976 644 4039 simili
659 3976 772 4037 euidom
788 3977 919 4054 quaestui
936 3976 1081 4050 deditum,
1101 3979 1301 4041 fraudulenter
1314 3989 1447 4060 agentern
1463 3991 1497 4044 et

331 4077 573 4163 κακουργοῦντα
593 4074 672 4159 περὶ
693 4072 751 4161 τὴν
772 4069 909 4159 ἆγορᾶνι
933 4078 981 4139 hie
999 4090 1044 4140 est
1062 4080 1141 4141 enirn
1161 4080 1207 4142 iiie
1226 4074 1384 4167 κίβδηλος
1404 4075 1493 4164 βίος,

331 4196 418 4262 quern
444 4185 596 4245 Anacreon
627 4180 652 4242 ei
683 4179 796 4242 obiieit:
827 4190 1049 4244 eonvereontem
1080 4191 1177 4246 autern
1203 4202 1270 4246 eum
1299 4181 1493 4269 πόρναιοιτ,

329 4428 372 4494 qni
383 4428 517 4478 multorum
529 4425 685 4477 sermonibus
697 4425 854 4488 eelebretnr3
868 4428 1070 4493 memainoinnr
1081 4430 1211 4498 Σίσυφος
1222 4425 1414 4502 περιφόρητος
1425 4434 1491 4485 diei-

330 4519 373 4565 tur
382 4514 414 4563 ub
426 4512 569 4579 Ειτιαιιιο,
581 4528 653 4580 quern
666 4513 800 4564 Baraesiue
812 4514 909 4565 sitavit.
