3164 5138
850 428 894 497 ld

294 611 373 674 exitu
387 611 539 674 dissentio.
583 612 675 675 Ceteri
689 620 788 677 autem
805 613 879 693 epici
893 631 983 692 quam
997 619 1075 674 recte
1089 619 1205 675 totum
1218 629 1363 691 ponere,
1379 611 1410 673 b
1425 631 1451 673 e.

294 714 438 775 actionem
454 714 490 794 ab
505 713 588 775 initio
605 732 699 796 usque
713 716 750 777 ad
769 717 857 778 finem
872 714 926 776 rite
940 714 1082 776 deducere
1097 713 1246 789 valuerint,
1260 714 1319 775 boc
1333 714 1452 793 quidem

295 814 465 878 Aristoteles
480 834 574 896 neque
589 817 624 878 de
639 817 700 879 aliis
716 817 899 897 significarit,
913 834 1007 897 neque
1021 817 1057 877 de
1072 816 1122 890 iis,
1138 835 1212 896 quos
1228 824 1349 896 propter
1362 833 1451 894 argu·

295 923 427 978 mentum
447 918 546 979 minus
566 918 713 997 sapienter
732 920 854 982 electum
874 919 1005 980 Homero
1026 917 1180 997 opposuit,
1195 918 1290 979 ilmdis
1305 936 1411 998 paruae
1424 927 1453 979 et

295 1017 470 1099 Cypriorum
483 1021 588 1100 poetis.
622 1021 729 1101 Neque,
744 1021 823 1102 quod
837 1021 884 1083 ille
897 1021 1021 1095 reticuit,
1036 1019 1150 1083 aliunde
1163 1020 1250 1082 uobis
1265 1028 1452 1099 compertum

296 1131 354 1195 est,
379 1122 613 1203 quandoquidem
640 1124 803 1185 carminum
827 1123 944 1185 illorum
969 1130 1084 1203 praeter
1108 1122 1285 1202 paucissima
1310 1122 1452 1201 quaedam

295 1224 455 1301 fragmenta
469 1225 542 1285 nibil
556 1235 698 1305 superest,
712 1224 881 1288 Proclianae
895 1233 993 1287 autem
1004 1225 1150 1304 epitomae
1163 1243 1225 1286 non
1239 1232 1334 1287 totum
1347 1242 1452 1287 eorum

295 1325 437 1386 ambitum
457 1325 639 1403 describunt,
664 1329 716 1390 sed
734 1347 783 1390 eas
801 1310 1008 1390 tantummodo
1027 1335 1140 1407 partes,
1165 1345 1239 1407 quae
1256 1335 1307 1388 aut
1319 1333 1453 1405 receptae

246 1510 248 1517 Α
296 1437 378 1487 erant
392 1427 423 1487 in
438 1429 550 1508 cyclum
564 1429 600 1491 ab
616 1430 680 1492 eius
695 1430 908 1503 collectoribus,
922 1437 970 1491 aut
985 1430 1129 1509 pertinere
1143 1428 1249 1491 Proclo
1264 1429 1301 1491 ad
1316 1427 1452 1490 tabularis

296 1528 437 1590 historiae
453 1530 555 1591 orbem
576 1551 610 1594 ac
623 1533 846 1613 perpetuitatem
862 1531 1041 1595 videbantur.
1087 1532 1201 1606 Quodsi
1220 1530 1453 1611 probabilitatem

296 1629 460 1709 sequimur,
479 1631 515 1691 de
530 1633 642 1713 Cypriis
663 1635 781 1714 quidem
800 1644 829 1697 et
847 1653 934 1715 parva
948 1635 1034 1697 iliade
1048 1670 1090 1679 -
1104 1635 1135 1697 in
1151 1635 1198 1696 his
1213 1634 1292 1696 enim
1311 1652 1392 1696 nunc
1404 1652 1454 1695 me

296 1732 453 1794 continebo
469 1768 510 1778 —
525 1734 639 1797 difficile
658 1746 703 1799 est
722 1739 758 1800 nd
773 1737 964 1811 eredendum,
983 1736 1101 1799 alterius
1116 1736 1256 1799 carminis
1270 1738 1367 1808 tinem,
1382 1736 1453 1797 alte-

295 1834 358 1895 rius
372 1834 487 1896 initium
507 1835 618 1899 iustum
636 1858 670 1900 ac
689 1840 819 1903 debitum
840 1839 943 1913 luisse,
962 1840 1071 1920 qtrippe
1090 1858 1182 1919 quum
1200 1858 1320 1920 parvam
1335 1837 1453 1901 Iliadem

295 1936 483 1998 continuasse
497 1937 564 1999 belli
581 1938 701 2003 Troiani
715 1942 869 2004 historiam
884 1941 951 2002 inde
965 1941 1002 2003 ab
1016 1960 1052 2002 eo
1067 1949 1209 2021 tempore,
1224 1942 1255 2002 in
1269 1960 1329 2021 quo
1341 1938 1455 2001 Arctini

295 2038 446 2118 Aethiopis
467 2039 603 2116 desierat,
623 2044 726 2124 Cypria
746 2062 849 2105 causas
868 2051 981 2105 tantum
995 2043 1060 2107 belli
1076 2051 1105 2105 et
1118 2043 1371 2123 praeparationem
1390 2042 1454 2122 pri-

242 2149 275 2198 23
299 2158 405 2219 meque
421 2149 564 2222 tempora,
584 2162 646 2206 non
664 2154 762 2207 autem
776 2146 885 2209 exitum
900 2146 1051 2225 complexa
1070 2165 1136 2209 esse
1155 2153 1278 2207 constet
1314 2144 1455 2206 Potuisse

295 2252 393 2304 tamen
407 2243 480 2317 lieri,
495 2255 528 2308 ut
544 2248 586 2309 vel
601 2249 644 2309 sic
658 2257 760 2328 poetae
774 2248 815 2309 illi
830 2255 943 2310 totum
959 2248 1135 2328 quoddam
1149 2249 1305 2321 efficerent,
1319 2248 1390 2309 nolo
1405 2246 1453 2307 in-

294 2350 369 2413 fitias
385 2349 437 2426 ire,
453 2350 640 2429 admirnrque
656 2368 834 2430 magnopere
847 2358 877 2412 et
892 2350 1048 2413 exosculor
1068 2349 1308 2413 doctissimorum
1323 2349 1455 2411 virorum

295 2452 418 2531 ingenia,
438 2454 500 2533 qui,
520 2472 579 2534 quo
600 2453 690 2513 modo
709 2452 740 2514 id
759 2452 822 2513 lieri
841 2453 982 2531 potuerit,
1002 2453 1170 2524 ostendere,
1190 2452 1236 2513 alii
1251 2452 1341 2525 aliter,
1357 2450 1454 2512 conati

296 2562 374 2616 eunt.
404 2555 441 2615 Et
456 2555 492 2615 de
506 2554 618 2635 Cypriis
634 2555 768 2627 maxime,
783 2556 815 2615 in
830 2554 936 2634 quibus
951 2562 981 2616 et
991 2554 1161 2617 Proclianae
1175 2554 1321 2633 epitomae
1335 2553 1455 2616 ubertas

296 2666 325 2717 et
345 2658 575 2735 fragmentorum
601 2674 743 2719 numerus
768 2657 867 2736 plures
894 2664 1031 2737 tanquam
1057 2674 1145 2719 ansas
1171 2656 1207 2718 ad
1230 2654 1455 2718 coniectandum

297 2759 450 2839 praebent,
470 2778 532 2821 non
546 2760 610 2821 sine
625 2778 741 2822 summa
755 2759 902 2840 voluptate
915 2759 1086 2821 huiusmodi
1099 2760 1227 2839 pericula
1241 2758 1456 2837 contemplatus

298 2880 376 2936 snm,
393 2864 543 2942 fateorque
557 2862 638 2935 adeo,
653 2880 702 2923 me
716 2862 813 2940 ipsum
829 2861 982 2940 aliquando
998 2879 1090 2942 paene
1105 2861 1232 2923 illectum
1246 2880 1324 2934 esse,
1339 2858 1457 2938 utquid

298 2963 490 3026 coniectando
506 2964 630 3026 valerem
649 2965 808 3044 experirer:
829 2962 947 3025 subibat
966 2962 1044 3023 enim
1064 2962 1146 3037 illud,
1165 2962 1345 3042 praefiscini,
1360 2956 1456 3023 nnch’

275 3067 332 3151 ,io
352 3087 408 3140 -3
429 3067 480 3127 sed
500 3066 634 3128 revocavi
653 3086 708 3140 me,
734 3065 996 3144 abstinendumque
1022 3066 1120 3145 putavi
1144 3064 1314 3126 huiusmodi
1340 3063 1458 3125 lusibus

297 3169 414 3248 ingenii,
430 3187 505 3248 quos
518 3167 624 3247 aliquid
640 3169 765 3229 tortasse
776 3168 887 3229 otiosae
901 3168 1098 3229 delectationis
1113 3167 1229 3242 babere,
1243 3186 1348 3247 parum
1359 3174 1460 3228 autem

297 3272 442 3351 prodesse
457 3269 584 3332 viderem
598 3271 636 3332 ad
649 3269 775 3332 veritatis
792 3269 999 3349 cognitionem.
