3290 5142
685 461 836 565 ..δ-λλ-

181 656 232 715 aut
246 648 436 717 sumendum
451 649 507 714 erit
526 648 696 729 Euripidem
716 652 774 714 hoo
792 652 889 715 locos
911 656 1077 713 ceterorum
1098 648 1265 713 Atu'corum
1282 664 1340 710 usu

181 753 341 827 deflexisse,
352 760 406 816 aut
420 743 475 815 alia
489 752 691 815 riatentauda.
706 755 813 834 ‚Atque
827 753 899 817 illud
913 754 1038 817 alterum
1053 752 1100 814 rel
1109 758 1263 832 propterea
1277 750 1339 813 dis-

180 856 281 935 plicet,
297 854 376 936 quod
390 872 452 914 non
472 854 632 917 indicatum
646 862 701 928 est,
718 856 872 917 cuiusnam
887 855 928 917 rei
943 856 1051 918 oblitus
1066 855 1114 928 sit,
1126 860 1177 915 aut
1191 852 1262 933 quid
1277 870 1339 913 non

181 956 423 1021 animadverterit
431 956 545 1037 Apollo.
565 956 640 1019 Nam
655 957 712 1039 τῆς
726 952 949 1041 τύχηςαναααυ
963 957 1115 1037 superiore
1129 955 1278 1018 subaudiri
1292 954 1339 1017 ris

180 1068 292 1141 potest3
307 1060 384 1123 lilius
397 1065 506 1132 auum,
522 1077 612 1139 quem
627 1059 760 1121 nonnulli
774 1061 1018 1134 subaudiremnt,
1032 1059 1064 1121 in
1083 1058 1186 1121 decem
1208 1057 1339 1121 rensibus

177 1163 380 1243 superioribus
393 1164 479 1243 plane
493 1179 556 1222 non
570 1169 750 1224 memoratus
766 1170 821 1225 est.
860 1164 910 1225 llis
933 1163 1029 1225 causis
1049 1167 1202 1242 permotus
1224 1160 1338 1223 Sando-

179 1283 230 1335 rus
246 1282 366 1329 sensum
382 1264 539 1327 uerborum
555 1264 635 1327 bunc
648 1284 712 1327 esse
726 1266 836 1339 statuit,
852 1274 886 1327 ut
900 1264 1061 1328 Mercurius
1075 1281 1136 1325 non
1149 1264 1255 1336 latere,
1276 1280 1339 1324 non

178 1368 339 1441 obscurum
354 1367 411 1429 sibi
425 1366 517 1429 rideri
531 1367 617 1440 dicat,
633 1367 704 1448 quin
715 1368 818 1447 Apollo
833 1386 897 1430 rem
911 1368 971 1429 huc
984 1366 1152 1429 deduxerit:
1173 1366 1204 1426 in
1218 1383 1277 1445 qua
1291 1365 1338 1426 in-

177 1470 385 1550 terpretatione
399 1469 471 1531 illud
486 1469 606 1550 quidem
621 1468 693 1531 mihi
713 1470 871 1550 probatur,
892 1470 970 1551 quod
986 1468 1066 1530 verbi
1085 1463 1225 1551 λέληθεν
1246 1467 1338 1533 usita-

178 1579 240 1635 tam
254 1572 496 1653 significationem
510 1572 644 1645 servarit,
659 1572 711 1634 sed
725 1591 779 1652 pro
795 1564 840 1646 ὡς
862 1569 953 1635 δοκεῖ
965 1570 1159 1644 Mercurium,
1174 1571 1200 1632 si
1213 1570 1243 1632 id
1257 1570 1338 1651 quod

180 1675 331 1739 sanderus
346 1674 447 1747 credit
463 1674 558 1737 dicere
573 1674 721 1745 voluisset,
737 1666 782 1749 ὥς
794 1670 878 1739 δοκῶ
891 1676 991 1756 potius
1006 1675 1153 1737 dicturum
1162 1673 1256 1737 fuisse
1267 1689 1337 1735 cen·

144 1860 146 1864 Α
177 1796 240 1851 seo,
255 1794 353 1858 neque
367 1777 547 1839 omissurum
562 1777 697 1850 fortasse,
712 1778 832 1858 quinam
849 1785 960 1850 essent,
982 1796 1057 1855 quos
1076 1776 1220 1857 Apollinis
1241 1775 1339 1838 consi-

177 1880 249 1943 lium
264 1895 327 1939 non
341 1879 431 1941 latere
444 1886 569 1959 putaret.
597 1880 672 1943 Nam
686 1881 729 1942 sio
742 1880 892 1942 indefinite
907 1880 1019 1941 dictum
1035 1870 1073 1940 ori
1094 1872 1232 1963 λέληθεν
1246 1877 1339 1957 signi·

178 1982 264 2045 licare
277 1980 399 2054 ridetur,
413 1982 562 2043 neminem
578 1981 607 2043 id
622 1982 727 2056 latere,
750 1982 832 2063 quod
851 1981 907 2044 diei
926 2001 943 2044 a
962 1981 1106 2044 Mercurio
1125 1997 1186 2042 uon
1206 1980 1338 2061 potuisse

176 2084 369 2157 manifestum
388 2090 442 2148 est
476 2083 633 2164 Scripsisse
658 2084 745 2164 igitur
764 2085 934 2165 Euripidem
960 2085 1047 2147 credo
1066 2074 1127 2146 soti
1149 2075 1274 2164 λέληθέ
1293 2071 1338 2161 μ’,

178 2177 223 2261 ὥς
244 2184 350 2248 densi:
372 2203 446 2247 non
466 2187 637 2260 melatet,
660 2193 700 2248 ut
712 2193 828 2267 putat.
858 2187 991 2251 Conferri
1004 2191 1104 2267 potest
1117 2184 1204 2249 libes.
1221 2203 1247 2245 r.
1264 2182 1336 2260 937,

178 2288 229 2349 ubi
248 2288 329 2350 hlusa
348 2286 495 2351 Minervae
514 2288 710 2368 exprobrans,
738 2290 817 2370 quod
840 2289 903 2352 cius
924 2288 1045 2353 consilio
1065 2288 1181 2350 Rhesus
1203 2285 1338 2376 abDlire

178 2398 210 2451 et
223 2389 364 2452 Diomede
378 2390 552 2453 interiectus
564 2390 613 2464 sit,
627 2387 673 2474 μη
697 2386 790 2454 δόκει
811 2388 1002 2476 λεληθέναι,
1017 2391 1072 2465 ait,
1092 2388 1169 2452 noli
1188 2388 1338 2451 credere

180 2493 249 2555 hoc
263 2494 390 2555 latere.
421 2493 538 2556 Scilicet
550 2493 681 2574 pudebat
694 2494 861 2574 Apollinem
874 2494 943 2556 iacti
958 2493 1016 2566 sui,
1037 2492 1067 2554 id
1082 2492 1162 2573 quod
1182 2490 1269 2553 etiam
1289 2490 1337 2552 lo-

178 2613 247 2658 nem
262 2612 323 2656 non
334 2595 418 2675 fugit,
434 2616 460 2657 r.
474 2595 545 2669 381,
562 2588 751 2672 αἰσχύνεται
764 2592 804 2659 τὸ
820 2596 967 2679 πρᾶγμα,
982 2595 1196 2676 profiteturque
1211 2593 1338 2655 ldinerra

177 2717 205 2759 r.
219 2698 314 2772 1577,
330 2716 423 2779 quum
434 2716 467 2760 re
481 2698 624 2780 patefacta
636 2699 865 2762 verecundatum
879 2699 961 2761 illum
985 2716 1051 2761 csse
1072 2696 1154 2770 dicit,
1178 2696 1338 2777 quominus

176 2802 241 2882 ipse
256 2801 286 2862 in
301 2808 453 2881 aspectum
468 2802 594 2864 Creusae
605 2801 715 2882 filiique
729 2801 776 2863 sui
790 2801 930 2881 prodiret,
946 2796 990 2882 μή
1012 2795 1077 2860 sois
1089 2793 1242 2879 πάροιθε
1255 2793 1338 2877 μέμ-

178 2911 242 2988 ψις
264 2895 312 2976 εἷς
332 2896 432 2983 μέσον
452 2897 549 2987 μόλη.
573 2904 678 2984 ltaque
692 2903 762 2971 illud
778 2903 898 2984 quidem
912 2902 1055 2965 Mercurio
1075 2907 1243 2982 aperuerat,
1264 2919 1340 2982 pue·

177 3024 260 3079 rum,
273 3022 362 3086 quem
377 3005 446 3069 huic
460 3005 589 3087 Delphos
604 3006 819 3087 deportandum
840 3005 1012 3079 mandabat,
1033 3022 1122 3067 suum
1140 3022 1206 3066 esse
1225 3003 1340 3085 sibique
1432 3061 1435 3067 .
1532 3000 1533 3004 ’

177 3126 265 3171 ursae
274 3109 354 3182 iore3
370 3108 542 3190 sedreliqua
553 3109 662 3183 omnia,
673 3117 706 3172 ut
716 3110 837 3191 pervim
846 3109 987 3171 Creusam
998 3105 1224 3188 compressisset
1235 3105 1341 3186 quidve

178 3210 289 3273 consilii
305 3210 439 3290 cepisset,
454 3228 514 3291 quo
528 3229 603 3291 puer
617 3212 736 3275 tandem
751 3211 907 3291 aliquando
922 3211 1047 3273 mueree
1058 3210 1147 3273 matri
1158 3208 1338 3281 redderetur,

177 3314 344 3377 reticuerat.
373 3313 452 3374 llaec
473 3313 560 3393 igitur
573 3314 748 3389 Mercurius,
768 3333 858 3395 mem
878 3322 1110 3377 consentaneum
1130 3319 1177 3374 est
1193 3309 1341 3392 puerulis

179 3435 211 3479 se
226 3416 331 3479 serrati
342 3424 455 3478 sertem
469 3416 600 3481 buturum
610 3433 673 3480 non
686 3418 751 3479 sine
761 3417 858 3497 abque
869 3417 1066 3481 miserationis
1077 3425 1108 3478 et
1117 3414 1224 3479 fauoris
1236 3415 1341 3476 affectu

178 3527 356 3598 expectasse,
371 3518 478 3599 partim
491 3519 555 3600 ipse
563 3520 716 3599 indagavit,
729 3520 834 3598 partim
847 3519 1013 3581 coniectura
1023 3519 1170 3592 divinarit,
1181 3526 1270 3598 atque
1284 3517 1341 3580 hoc

177 3622 309 3701 estquod
315 3621 394 3693 dicit,
406 3613 465 3683 κού
475 3615 597 3705 λέληθέ
605 3616 636 3703 μ’
649 3613 693 3697 ὥς
705 3620 803 3686 δοκεῖ.
821 3624 958 3685 Ceterum
965 3639 1026 3685 non
1032 3622 1117 3702 plane
1128 3628 1229 3683 tamen
1241 3621 1341 3683 omnia

176 3726 220 3788 sic
230 3731 264 3787 ut
276 3722 438 3787 Mercudus
448 3727 614 3805 suspicatur
624 3726 740 3789 evenire
751 3727 893 3789 videmus.
908 3725 976 3788 Non
985 3725 1065 3787 enim
1076 3724 1199 3787 Athenis
1208 3724 1339 3798 demum,

181 3825 433 3908 quemadmodum
453 3846 478 3887 r.
498 3829 535 3888 71
559 3829 613 3901 ait,
635 3829 687 3890 sed
707 3830 765 3890 iarn
785 3829 902 3910 Delphis
923 3847 998 3908 puer
1016 3835 1142 3890 amatre
1162 3828 1339 3908 agnoscitur,

179 3944 439 4009 compressumque
451 3930 486 3990 ab
501 3930 634 4011 Apolline
649 3932 787 3995 Creusam
804 3951 878 4005 esse,
891 3932 920 3995 id
935 3932 1015 4012 quod
1026 3950 1053 3992 r.
1066 3930 1116 3992 72.
1135 3931 1185 3992 73.
1197 3931 1276 3994 hunc
1287 3950 1340 3993 ce·

178 4031 231 4093 lari
246 4031 317 4092 velle
332 4033 380 4103 ait,
395 4048 492 4112 neque
506 4033 608 4094 lonem
624 4052 719 4114 neque
730 4035 838 4097 Atticas
854 4034 991 4096 mulieres
1008 4034 1135 4096 Creusae
1150 4034 1273 4097 comites
1284 4052 1338 4096 ne·

181 4152 236 4212 que
247 4133 309 4196 eius
324 4151 425 4195 senem
440 4135 650 4216 paedagogum,
666 4137 717 4199 sed
731 4155 825 4200 unum
837 4136 961 4200 fortasse
976 4136 1109 4199 Xuthum
1125 4136 1205 4199 latet.
1287 4168 1291 4177 ·

180 4370 321 4437 statuimus,
333 4387 361 4423 sc
373 4375 445 4438 quasi
457 4375 635 4440 imprudentem
649 4384 675 4427 et
687 4393 735 4427 uon
747 4377 921 4430 advertentem
930 4376 1070 4428 debitorem
1081 4374 1174 4428 iactum
1190 4389 1257 4427 esse.
1276 4373 1338 4427 Dtut

179 4464 228 4522 est,
241 4457 272 4508 ab
284 4456 403 4523 Euripide
417 4460 562 4524 λεληθέναι
573 4478 619 4527 pro
632 4462 766 4524 λελῆσθαι
778 4463 872 4513 dictum
883 4478 940 4514 csse
952 4477 1072 4528 perquam
1083 4461 1230 4515 incredibile
1243 4467 1291 4512 cst.
