3164 5138
128 608 336 691 Aristophanis
347 616 440 673 aetate
455 611 565 673 lectum
579 630 644 673 osse
656 611 797 687 dicemus,
814 632 901 694 quam
915 607 1036 692 τάξεις,
1051 604 1177 698 ἀρετὰς,
1193 603 1291 678 111λί-

128 730 195 787 σεις
219 702 365 794 ἀνδρῶν,
391 714 472 794 quod
493 713 565 774 haec
579 713 640 774 sola
659 713 763 777 eodem
783 717 849 779 loeo
869 718 905 779 ab
925 736 960 778 eo
975 715 1197 780 memorantur?
1233 717 1291 780 Sed

127 834 162 877 ne
187 816 253 877 hoc
274 814 395 896 quidem
414 836 471 897 pro
492 824 571 877 certo
590 814 728 877 affirmari
752 837 843 898 posse
863 820 1000 894 arbitror,
1026 819 1062 880 ab
1087 819 1135 880 illo
1157 820 1290 900 exemplo

128 918 284 998 plumbeo,
296 920 376 1000 qnod
388 918 546 981 Pausanias
557 928 710 990 memorat,
722 919 799 983 hano
807 921 1023 1000 ephemeridem
1035 920 1173 993 abluisse,
1185 940 1291 1000 quem·
1337 966 1342 974 .

125 1022 295 1083 admodum
314 1021 449 1083 nonnulli
467 1041 502 1083 ex
521 1021 615 1083 verbis
630 1021 692 1082 eius
713 1024 976 1100 coniecemnt¹⁰):
999 1017 1186 1104 pipponem
1209 1014 1240 1085 δ’
1257 1017 1291 1085 ἐν

125 1116 219 1207 orituri
240 1120 285 1185 sd
303 1114 419 1209 Ἔργα,
443 1124 553 1186 omissa
571 1127 721 1190 mentione
741 1126 891 1187 llierum.
934 1125 1007 1187 Nam
1029 1127 1125 1205 potuit
1144 1144 1214 1187 sane
1236 1126 1291 1187 hae

124 1226 265 1289 breviore
284 1227 484 1307 designatione
501 1228 544 1289 uti
558 1247 575 1289 a
589 1230 706 1309 potiore
724 1227 860 1289 carminis
879 1235 977 1306 parte,
996 1226 1079 1288 ouius
1098 1227 1123 1287 si
1142 1227 1218 1288 hane
1232 1245 1289 1306 po-

125 1338 283 1403 stremam,
295 1328 451 1402 dediebus,
461 1348 534 1408 quae
549 1339 664 1392 constat
678 1330 809 1392 versinus
825 1329 950 1410 amplius
966 1330 1122 1408 sexaginta,
1137 1329 1240 1390 abesse
1254 1329 1290 1390 alo

123 1431 170 1492 illo
184 1430 327 1510 exemplo
338 1428 467 1501 vidisset,
483 1429 619 1492 disertam
631 1431 674 1492 rei
685 1432 866 1494 mentionem
880 1449 942 1494 non
952 1432 1050 1494 minus
1065 1450 1132 1493 eum
1147 1432 1289 1493 iacturum

124 1534 218 1595 luisse
233 1531 422 1603 crediderim,
438 1549 525 1610 quam
541 1532 684 1611 prooemii
700 1532 730 1593 in
745 1532 793 1594 illo
809 1533 943 1613 exemplo
962 1551 1024 1594 non
1040 1533 1150 1612 scripti.
1181 1533 1290 1594 Saltem

124 1634 261 1696 dubitare
280 1633 393 1696 lioebit:
413 1650 509 1711 neque
528 1632 635 1693 certior
654 1651 702 1695 res
723 1633 772 1694 liet
786 1634 875 1695 altero
891 1642 1076 1713 argumento,
1095 1653 1186 1712 quum
1199 1634 1289 1713 ephe·

125 1738 275 1799 meridem
302 1735 380 1798 illam
404 1734 552 1799 aBoeoto
578 1743 664 1814 poeta
689 1743 846 1814 propterea
870 1735 1088 1797 abiudicandam
1114 1753 1179 1795 esse
1201 1735 1289 1808 aiunt,

126 1839 208 1920 quod
223 1837 334 1918 Apollo
355 1838 385 1898 in
403 1856 436 1898 ea
457 1836 583 1915 septimo
603 1836 650 1898 die
665 1837 867 1915 Thargelionis
888 1846 974 1899 natus
994 1858 1061 1899 esse
1080 1837 1205 1899 dicatur:
1220 1857 1289 1899 nam

123 1941 277 2003 lleliorum
287 1940 365 2001 hono
375 1938 553 2019 opinionem,
567 1956 629 1999 non
644 1938 824 2000 Boeotorum
840 1939 939 2001 luisse.
968 1940 1054 2019 Atqui
1066 1940 1288 2019 Thargelionem

126 2044 199 2106 ineo
218 2041 387 2123 ephemeris
407 2059 469 2102 non
484 2041 628 2114 nominat,
648 2040 699 2101 sed
720 2041 878 2121 septimum
898 2042 975 2103 diem
991 2042 1173 2122 simpliciter:
1194 2030 1289 2122 eddo·

126 2140 254 2228 μαγενῆ
275 2150 373 2205 autem
388 2141 562 2222 Apollinem,
578 2143 607 2203 11.
624 2162 649 2204 1.
666 2143 791 2223 septimo
807 2144 918 2205 mensis
934 2144 980 2205 die
993 2152 1105 2217 natum,
1121 2163 1182 2206 non
1198 2144 1288 2206 modo

126 2248 213 2323 llelii,
229 2247 286 2308 sed
301 2262 406 2307 omnes
422 2244 522 2305 Graeci
542 2244 650 2306 dixisse
664 2246 812 2321 1111111111,
832 2246 963 2325 quamvis
983 2247 1136 2308 demenso
1150 2246 1289 2308 dissenti-

126 2359 206 2423 rent,
225 2348 308 2410 velut
327 2347 414 2409 lones
435 2346 670 2425 Thargelionem,
690 2348 793 2428 llelphi
812 2348 945 2429 Bysium,
971 2349 1017 2410 elii
1041 2348 1112 2410 alios
1131 2349 1285 2410 nominan-

126 2454 247 2527 tes20).
267 2481 312 2496 -—
332 2449 390 2512 Sed
409 2450 548 2530 quoniam
567 2450 716 2512 mensium
732 2451 834 2513 iniecta
849 2452 959 2513 mentio
982 2459 1040 2525 est,
1061 2460 1174 2530 tangam
1190 2451 1288 2512 statim

126 2556 251 2617 alterum
270 2553 370 2614 locum
390 2573 408 2614 a
430 2552 642 2615 recentioribus
662 2554 767 2616 criticis
789 2573 880 2635 quum
899 2553 984 2616 aliam
1010 2554 1049 2615 ob
1069 2571 1199 2627 causam,
1225 2562 1287 2615 tum

128 2666 253 2738 propter
266 2655 380 2717 mensis
395 2673 505 2717 nomen
520 2674 581 2717 non
596 2656 768 2718 Boeotioum
788 2657 840 2719 sed
855 2657 996 2730 lonicum,
1010 2657 1241 2730 Lenaeonem,
1257 2655 1288 2717 in

128 2759 332 2840 suspicionem
347 2764 490 2819 vocatum.
519 2758 637 2837 Legitur
656 2760 714 2819 hoe
733 2778 842 2820 nomen
862 2761 972 2821 mensis
992 2758 1106 2821 hiberni
1121 2758 1151 2819 in
1165 2758 1288 2819 verboso

126 2861 306 2924 brumalium
324 2860 467 2939 frigorum
486 2858 696 2938 descriptione,
716 2879 802 2938 quam
822 2862 905 2922 multi
921 2863 1106 2923 vehementer
1120 2858 1289 2940 improbant

128 2972 184 3025 eta
198 2962 307 3043 reliqui
325 2961 463 3024 carminis
482 2970 585 3023 tenore
604 2961 728 3023 nimium
745 2970 885 3040 quantum
905 2964 1063 3024 abhorrere
1077 2964 1220 3033 iudicant,
1240 2960 1288 3023 alii

128 3074 230 3127 conua
256 3073 310 3126 aut
328 3063 487 3125 detendunt
509 3063 663 3125 autetiam
690 3063 816 3125 laudant.
851 3066 945 3144 Atque
970 3065 999 3125 hi
1018 3065 1134 3143 quidem
1155 3065 1230 3127 illam
1251 3066 1288 3127 de

127 3168 285 3229 hnaeone
301 3166 494 3227 offensionem
509 3175 560 3227 aut
574 3165 619 3227 sio
631 3175 792 3241 removent,
807 3175 840 3227 ut
855 3185 915 3228 non
931 3169 1037 3228 mirum
1054 3185 1120 3227 esse
1135 3167 1239 3239 dicant,
1255 3167 1288 3237 si,

127 3271 173 3350 qui
185 3269 312 3331 dialecto
327 3277 424 3331 utatur
438 3268 547 3339 lonico,
562 3266 638 3329 idem
654 3268 740 3329 etiam
756 3268 867 3331 mensis
882 3288 992 3331 nomen
1006 3269 1139 3331 lonicum
1153 3274 1285 3347 usurpet,
1306 3274 1336 3326 13

127 3380 174 3432 aut
196 3378 231 3432 ut
254 3369 467 3451 antiquissimis
484 3369 667 3449 temporibus
688 3368 740 3432 alia
761 3390 847 3450 quam
873 3379 975 3452 postea
994 3371 1140 3433 mensium
1165 3370 1287 3430 nomina

127 3473 205 3555 apud
221 3473 352 3536 Boeotos
366 3473 396 3535 in
415 3490 473 3534 usu
492 3471 584 3534 luisse
602 3479 732 3545 sumant,
748 3482 796 3533 aut
815 3474 939 3553 denique
960 3482 992 3535 ut
1006 3472 1167 3535 Hesiodum
1188 3473 1287 3534 lonico

128 3576 251 3638 nomine
275 3584 429 3656 propterea
445 3574 486 3637 uti
501 3574 642 3637 maluisse
656 3583 792 3649 statuant,
814 3576 894 3655 quod
909 3576 1001 3654 magis
1016 3576 1074 3636 hoe
1088 3593 1177 3654 quam
1191 3574 1286 3636 Boeo·

127 3680 218 3740 timm
233 3676 312 3757 apud
328 3684 440 3737 eeteros
455 3678 581 3740 Graecos
596 3686 700 3739 notum
716 3696 782 3739 esse
797 3677 976 3754 videret21).
1020 3678 1082 3756 Ego
1098 3696 1166 3738 vero
1178 3677 1285 3738 nullam

199 3938 241 4002 19)
260 3936 458 4002 Goettling.l.l.
472 3946 533 4006 etp.
546 3937 622 3991 LVII.
646 3937 682 3989 Ci.
696 3939 789 4006 Heyor.
802 3954 825 4005 p.
838 3937 863 3987 θ.
931 3994 954 4017 Ι,

197 4041 241 4105 211)
259 4040 297 4091 Be
309 4041 384 4107 llysio
397 4041 447 4092 rid.
460 4040 586 4094 Plutarch.
599 4049 696 4109 quaest.
711 4057 750 4107 gr.
763 4058 785 4091 e.
797 4041 827 4105 93
839 4042 992 4107 respondere
1005 4042 1026 4092 is
1038 4042 1132 4092 mensis
1144 4041 1287 4107 Elaphebo-

131 4128 261 4191 1111111111
275 4125 436 4191 'l'lsargelioui
448 4128 557 4178 videtur.
582 4126 619 4178 (li.
637 4126 771 4178 1111111111.
790 4126 885 4189 grisoli.
904 4125 1028 4177 Monatslr.
1040 4142 1063 4192 p.
1077 4124 1289 4190 6111111111-

131 4212 178 4264 line
190 4210 768 4281 ἑβδομαγενιῖφι.111.1111111111111111111
786 4210 818 4261 41
831 4218 882 4261 not
892 4212 916 4262 5.
930 4218 956 4261 et
967 4206 1105 4262 Blomlield.
1117 4209 1156 4261 ad.
1166 4209 1289 4271 Aeschyl·

133 4295 480 4364 11111111111111111.
494 4296 551 4347 111.
994 4282 998 4291 '

194 4399 238 4466 11)
257 4399 438 4467 1111111111.
451 4407 579 4453 euneos.
591 4416 615 4468 p.
629 4399 686 4451 na.
709 4372 930 4467 1111111111.
