3164 5138
766 544 789 549 -,
822 455 958 551 23..-

282 645 438 707 contendo.
487 645 524 706 At
547 643 669 725 pulchra
695 652 741 705 est
766 657 795 705 et
819 645 971 725 splendida
993 646 1124 707 vehentis
1150 662 1204 726 per
1228 663 1309 707 mare
1334 645 1441 728 imago.

283 747 360 809 Sane
374 746 495 826 pulchra
509 754 567 818 ast,
587 753 617 808 et
630 754 752 827 propter
766 748 842 809 hano
861 747 957 827 ipsam
971 747 1217 828 pulchritudinem
1236 756 1270 810 ut
1283 749 1443 830 interpola-

283 848 339 911 tori
359 849 402 910 sic
420 848 484 911 aliis
502 848 603 912 multis
623 847 740 930 placuit.
786 849 843 911 Sed
861 867 942 912 nunc
959 867 1021 913 non
1036 860 1099 912 erat
1113 850 1137 911 ei
1153 850 1251 924 locus,
1271 868 1332 913 uon
1351 852 1442 913 modo

281 960 398 1034 praeter
412 952 627 1025 neoesdtatem,
642 951 793 1014 sedetiam
806 960 909 1015 contra
923 952 1157 1033 probabilitatem
1174 953 1389 1017 concedendus.
1401 989 1443 999 -·

281 1054 376 1117 Etiam
392 1054 422 1116 in
438 1055 642 1118 cohortatione
656 1053 783 1135 Neptuni
802 1054 837 1117 ad
854 1055 1001 1117 Teucrum
1022 1054 1161 1135 aliosque,
1175 1074 1202 1117 v.
1219 1055 1259 1118 95
1276 1075 1357 1138 sqq.,
1373 1065 1446 1119 sunt

282 1175 357 1238 quae
383 1157 497 1219 mallem
527 1157 640 1221 atate.
697 1155 860 1235 Imputatur
886 1157 1065 1219 Graecorum
1095 1158 1189 1219 clades
1214 1159 1445 1238 Agamemnonis

282 1251 454 1344 κακότητι,
475 1259 504 1321 h
520 1278 545 1320 e.
560 1276 622 1321 non
637 1248 774 1338 ignaviae,
790 1259 842 1321 sed
857 1259 991 1333 iniuriae,
1007 1278 1064 1339 qua
1079 1260 1213 1323 offensus
1227 1260 1352 1324 Achilles
1366 1261 1442 1323 hello

283 1359 458 1437 abstinebat,
473 1362 503 1424 id
518 1361 597 1442 qood
612 1381 637 1421 v.
659 1361 833 1423 111-113
848 1363 1036 1425 manifestum
1051 1363 1171 1425 laciuut:
1191 1381 1287 1444 noque
1300 1365 1444 1444 gnariam
1579 1370 1581 1399 l

282 1464 338 1538 illi,
358 1463 408 1544 qui
426 1464 524 1546 paullo
539 1471 607 1527 ante
621 1470 679 1525 tom
699 1463 803 1525 eximia
818 1463 933 1528 virtutis
953 1466 1083 1545 exempla
1105 1465 1246 1540 ediderat,
1273 1466 1445 1547 exprobrari
1579 1468 1580 1505 ³

284 1566 416 1648 potidaea
435 1573 565 1647 apparet.
614 1566 673 1628 Sed
693 1565 814 1629 iniuriae
838 1585 957 1648 quoque
975 1567 1053 1629 illius
1072 1567 1326 1649 exprobrationem
1344 1568 1444 1631 minus
1579 1570 1580 1575 ’

283 1678 382 1749 aptam
397 1669 538 1732 hocloco
550 1686 605 1731 nec
619 1668 690 1730 satis
710 1668 815 1730 iustam
837 1688 904 1731 esse
919 1670 1059 1743 arbitron
1077 1688 1146 1733 nom
1161 1673 1271 1734 sarcire
1288 1690 1352 1733 eam
1367 1670 1444 1750 Aga-

284 1790 425 1834 memnon
440 1780 470 1833 et
484 1771 649 1834 satisfacere
664 1771 744 1835 omni
759 1771 850 1834 modo
865 1771 966 1837 Ach’dli
981 1780 1100 1854 paratus
1115 1773 1182 1847 luit,
1197 1781 1231 1836 ut
1244 1774 1350 1836 iustius
1364 1792 1447 1835 nuno

284 1875 371 1937 huius
391 1873 508 1948 iniuria,
535 1874 762 1937 satisfactionem
778 1874 962 1953 pertinaciter
981 1874 1160 1956 respuentis,
1186 1892 1274 1955 quam
1288 1875 1445 1955 Agamem-

285 1976 372 2038 nonis
388 1976 497 2057 ctdpari
512 1977 648 2057 potuerit
693 1976 755 2038 Nisi
772 1977 914 2053 dicamus,
930 1978 1009 2040 hune
1023 1995 1140 2060 quoque
1153 1984 1282 2057 poetam,
1297 1977 1397 2040 itidem
1412 1986 1447 2039 ut
1580 1988 1581 2021 1

283 2078 375 2153 Num,
392 2078 442 2158 qui
457 2078 531 2153 XVI,
547 2078 587 2141 73
599 2078 674 2153 lecit,
689 2078 725 2139 de
737 2097 795 2160 quo
811 2098 901 2159 supra
917 2079 1025 2142 dictum
1040 2088 1095 2154 est,
1112 2080 1339 2160 Agamemnonis
1349 2075 1447 2155 λιτὰς
1580 2102 1581 2111 ’

284 2181 445 2261 ignorasse.
488 2181 520 2243 ld
536 2199 606 2243 sane
621 2181 694 2243 mihi
708 2198 770 2242 non
785 2181 977 2262 improbabile
991 2180 1118 2256 uidetur,
1137 2191 1166 2245 et
1181 2184 1355 2245 confirmare
1368 2183 1447 2244 hanc

285 2283 484 2364 suspicionem
500 2283 627 2345 etiamr.
646 2284 706 2344 115
722 2284 839 2364 poterit,
854 2275 929 2345 ἀλλ’
944 2273 1125 2365 ἀκεώμεθα
1139 2281 1284 2347 θᾶσσον·
1308 2274 1448 2346 ἀκεσταί

283 2405 339 2449 τοι
360 2380 478 2470 φρένες
499 2376 638 2461 ἐσθλῶν,
654 2385 681 2447 si
695 2386 811 2467 quidem
827 2385 900 2448 haec
911 2384 996 2447 verba
1011 2403 1078 2447 cum
1093 2385 1206 2466 liepnio
1221 2386 1265 2447 sic
1275 2385 1445 2466 accipimus,

285 2497 318 2551 ut
343 2488 518 2568 placandum
537 2486 677 2549 Achillem
697 2488 850 2569 Neptunus
877 2487 1010 2561 suadeat,
1036 2505 1163 2567 eumque
1186 2487 1356 2569 placabilem
1381 2489 1448 2551 lore

285 2589 443 2672 promittat
475 2591 561 2665 Quod
576 2590 655 2653 enim
670 2590 716 2653 alii
731 2589 878 2669 designari
892 2590 993 2652 volunt
1004 2589 1183 2653 Graecorum
1199 2591 1334 2672 ipsorum
1346 2591 1447 2672 aegni-

236 2704 268 2753 tu
286 2696 366 2768 dam,
381 2712 469 2775 quam
483 2693 636 2774 Neptunus
651 2694 884 2774 exprobraverat,
900 2694 1115 2774 corrigendam,
1131 2702 1166 2756 ut
1180 2684 1319 2757 ἀκεσταὶ
1333 2688 1449 2779 φρένες

284 2799 417 2861 dicantur
431 2796 522 2859 animi
536 2814 650 2870 comm,
666 2797 716 2875 qui
736 2804 916 2876 peccatuma
931 2816 964 2859 se
982 2815 1049 2859 osse
1064 2805 1227 2877 agnoscant
1241 2796 1329 2877 idque
1344 2814 1445 2857 eruen-

284 2901 353 2963 dare
368 2900 512 2974 studeant,
528 2897 595 2961 licet
605 2915 667 2959 non
678 2897 804 2960 alienum
816 2899 852 2961 ab
863 2900 922 2961 hoc
936 2906 1082 2976 contextu,
1098 2899 1337 2963 aeonsuetudlne
1348 2906 1447 2960 umen

284 3004 377 3083 graeci
399 3000 547 3065 sermonis
573 3001 733 3063 abhorrere
751 3002 874 3064 videtur.
922 3000 990 3083 Ipsa
1008 3019 1077 3064 vero
1101 3002 1149 3063 illa
1173 3002 1314 3083 segnitiae
1338 3018 1446 3082 expro-

284 3106 392 3180 bratio,
421 3109 560 3189 quodque
580 3109 682 3170 Graeci
702 3114 823 3187 propter
841 3103 976 3166 iniuriam
996 3103 1098 3166 Achilli
1118 3105 1224 3167 lamam
1243 3102 1409 3168 abalienatio
1430 3122 1448 3166 a

285 3226 352 3288 rege
378 3209 483 3273 animis
511 3212 616 3274 ionem
643 3211 673 3272 in
692 3207 804 3291 proelio
820 3225 941 3288 operam
959 3214 1108 3287 praestare
1133 3207 1224 3279 nolle,
1251 3207 1302 3269 sed
1317 3207 1446 3269 volentes

286 3312 388 3375 cedere
403 3322 433 3376 et
448 3314 530 3377 caedi
544 3334 560 3377 a
578 3313 713 3377 Troianis
728 3311 873 3384 dicuntur,
888 3316 1005 3390 poetam
1021 3310 1146 3391 prodere
1158 3310 1269 3372 ridetur
1282 3309 1319 3371 ah
1336 3329 1381 3383 eo,
1397 3309 1446 3390 qui

284 3414 376 3477 libros
390 3416 431 3477 xt
444 3430 473 3478 et
487 3415 540 3477 llll
559 3416 638 3490 lecit,
661 3416 823 3478 diversum:
843 3431 912 3475 narn
932 3411 958 3474 is
978 3420 1055 3475 certe
1069 3413 1105 3474 de
1125 3413 1179 3474 hae
1193 3411 1359 3475 animorum
1374 3411 1447 3474 aha-

285 3518 440 3581 lienationc
460 3527 488 3580 et
503 3510 708 3602 ἐθελοκακίᾳ
726 3516 798 3579 nihil
818 3515 971 3595 significat
986 3550 1028 3561 —
1043 3515 1138 3577 Versu
1152 3515 1211 3577 211
1235 3514 1372 3595 Neptuno
1395 3534 1446 3576 oe·

286 3622 378 3684 currit
401 3621 578 3683 Idomeneus
604 3641 620 3684 a
646 3619 846 3683 commilitone
874 3619 990 3681 rediens
1014 3617 1178 3691 vulnerato,
1210 3636 1297 3699 quem
1323 3617 1447 3679 medicis

285 3723 446 3786 curandum
466 3724 669 3799 mandaveram
694 3723 759 3804 quis
779 3729 875 3784 autem
896 3723 935 3784 sit
951 3721 998 3783 ille
1017 3719 1177 3783 commilito
1198 3720 1347 3793 reticetur,
1368 3719 1447 3800 quod

285 3844 378 3905 genus
398 3825 578 3900 reticentiae,
606 3826 719 3889 etiamsi
737 3825 880 3888 hocloco
900 3842 961 3886 uon
981 3842 1066 3904 aegre
1093 3824 1262 3898 terendum,
1288 3821 1447 3884 abhorrere

285 3937 382 3989 mmen
403 3927 516 3990 ridetur
537 3948 553 3990 a
573 3929 784 3991 consuetudine
797 3927 918 3989 Homeri
937 3926 966 3988 h.
982 3945 1007 3987 e.
1027 3925 1091 3989 eius
1110 3935 1227 4006 poetae,
1246 3926 1295 4007 qui
1311 3924 1447 3986 meliores

285 4029 379 4092 lliadis
399 4038 498 4111 partes
519 4030 594 4093 lecit
610 4066 652 4076 -
667 4030 799 4111 lienique
818 4029 895 4101 xlv,
916 4029 965 4090 31.
983 4028 1023 4090 32
1043 4047 1117 4110 quae
1137 4029 1173 4090 de
1191 4046 1277 4091 moro
1299 4026 1447 4090 natalibus

287 4133 468 4195 circumdato
484 4132 632 4210 dicontur,
653 4133 720 4195 licet
739 4150 800 4193 non
821 4131 892 4193 satis
907 4131 1076 4213 perspicua,
1094 4130 1239 4193 eiusmodi
1254 4138 1351 4193 umen
1368 4140 1446 4201 sunt,

286 4246 319 4298 ut
333 4253 451 4298 murum
470 4235 550 4298 illum
571 4236 670 4298 statim
686 4234 752 4297 belli
767 4234 849 4295 initio
872 4235 994 4297 navibus
1013 4233 1141 4315 primum
1162 4233 1192 4294 in
1212 4231 1293 4296 littus
1314 4232 1447 4295 deductis

285 4339 497 4401 circumdatum
518 4337 595 4399 credi
615 4355 737 4399 necesse
756 4335 804 4398 sit.
848 4337 934 4411 Quod
955 4337 980 4398 si
999 4336 1038 4398 ita
1053 4343 1112 4407 est,
1133 4335 1170 4396 ah
1189 4336 1244 4397 alio
1265 4343 1351 4415 poeta
1371 4336 1447 4397 hanc

280 4450 397 4522 partem
417 4442 520 4504 laetam
539 4459 605 4502 essa
624 4447 757 4521 apparet,
778 4458 866 4519 queam
886 4439 936 4519 qui
956 4438 1031 4500 lihro
1051 4436 1113 4499 v111
1133 4456 1252 4501 murum
1278 4437 1358 4500 illum
1379 4446 1444 4499 ante
