3190 5136
597 452 794 549 „tt-

104 639 215 702 iithoo
228 634 323 721 πρὰς
344 632 489 723 πέτραις
502 629 651 719 ὀχμάσαι
671 631 706 700 ds
725 632 875 719 πέτραις,
894 638 935 701 ad
950 656 1061 720 rupes
1074 637 1223 719 alligare
1237 638 1274 702 in

12 748 16 795 t
106 741 278 822 rupibus,
301 741 479 822 signitisehit
493 741 652 803 Wieselero
671 740 842 819 interprete:
861 740 896 802 ad
911 759 1004 821 rupes
1018 740 1057 803 ita
1070 741 1188 821 aldgere
1203 741 1274 804 alte·

108 862 183 915 rum,
195 853 234 906 ut
246 844 276 906 is
288 844 381 906 simul
393 844 481 905 etiam
495 841 627 906 inolnsus
641 843 672 904 io
686 841 809 922 rupibus
823 843 854 904 h.
865 861 891 904 e.
903 842 934 904 in
949 842 1046 923 aliquo
1061 842 1140 907 hiatu
1154 843 1274 925 rupium

108 944 209 1008 latmtl
224 980 272 991 -
288 946 372 1008 Talia
388 946 415 1010 si
428 955 480 1007 aut
493 963 555 1008 non
574 953 747 1025 assequutus
763 953 813 1006 aut
826 943 1011 1007 abominatus
1029 945 1133 1027 uliquis
1147 946 1184 1008 ad
1199 962 1272 1008 eon-

9 1074 10 1079 *
106 1048 253 1111 ieetrmm
268 1047 406 1129 quamvis
420 1047 557 1110 sudarem
573 1047 768 1125 coniugem,
787 1065 977 1128 summopere
989 1047 1186 1113 laederemus.
1214 1047 1273 1111 Sed

9 1212 10 1221 ,
106 1168 302 1231 nequaquam
315 1156 415 1212 tamen
429 1149 604 1212 scholiastae
616 1149 692 1212 illius
705 1148 860 1212 lectionem
875 1168 910 1211 ex
923 1149 1094 1213 huiusmodi
1108 1149 1274 1213 eonieotura

107 1262 210 1316 ortam
235 1271 308 1315 esse
332 1269 502 1315 censemus:
525 1252 702 1333 impressam
724 1251 804 1315 enim
827 1250 916 1315 hahet
933 1253 1125 1316 eutissimam
1144 1252 1272 1315 venusio

106 1364 230 1429 nomm,
249 1363 358 1435 estque
375 1354 455 1418 haud
474 1354 562 1417 duhie
581 1372 616 1416 ex
634 1354 807 1436 incorrupto
827 1355 955 1435 quodam
973 1354 1085 1419 lahulae
1099 1356 1273 1437 Aesohgleao

106 1457 249 1538 exemplo
270 1466 425 1538 prompta:
449 1457 523 1519 haee
541 1463 655 1531 uonna,
680 1456 806 1537 quaein
823 1456 935 1520 nostris
955 1457 1105 1521 oodieihus
1128 1458 1271 1538 leguntur,

105 1560 212 1640 inepte
238 1557 403 1640 exoogitata
427 1558 558 1622 suntad
582 1557 756 1640 explendam
780 1558 927 1640 depravati
952 1558 1063 1622 codicis
1088 1559 1272 1640 seriptruam,

105 1661 184 1724 Nam
206 1661 342 1742 primum
361 1651 397 1723 ἐν
416 1653 591 1745 α’ῥρήηοις
609 1654 764 1742 πέτραις,
792 1678 849 1742 pro
871 1655 1010 1739 πέδαις,
1037 1662 1180 1743 ιαὶμαω
1204 1669 1273 1737 erat,

106 1781 213 1826 crore
228 1762 367 1843 proclivi,
386 1772 416 1824 et
430 1762 461 1825 in
475 1763 625 1827 Wellaueri
646 1762 734 1826 etiam
753 1763 942 1826 annotatione
961 1763 996 1825 ad
1011 1764 1043 1827 h.
1056 1764 1076 1826 Ι.
1097 1765 1272 1827 oommisso:

9 1930 10 1947 ¹
106 1865 217 1929 deum
237 1864 453 1927 mediaremus
472 1883 541 1945 pars
559 1864 657 1946 aliquo
677 1882 748 1928 nasu
770 1865 943 1940 oblitterata,
958 1874 991 1929 ut
1004 1865 1060 1947 legi
1072 1883 1134 1929 nen
1149 1875 1274 1948 possent

106 1967 167 2030 nisi
192 1967 286 2030 haee:
314 1959 497 2047 ddapmtu
520 2002 563 2013 -
586 2002 630 2013 —
656 1960 691 2030 dr
712 1959 890 2051 αἷρῥήατοις
913 1962 1065 2053 uergere:
1092 1969 1216 2051 denique
1241 1970 1272 2033 in

106 2068 249 2150 magius
268 2068 450 2151 adscriptam
470 2063 605 2145 πέδαις,
625 2088 684 2150 quo
705 2069 815 2133 seilicet
831 2070 901 2135 iilud
915 2065 1057 2155 πέτραις
1070 2073 1271 2152 porrigeretur.

105 2171 175 2236 lios
193 2180 305 2253 postea
319 2180 467 2235 eorreetor
485 2171 561 2233 male
578 2170 688 2235 abusus
704 2179 749 2234 eet
762 2171 800 2235 ad
814 2171 985 2252 explendam
999 2173 1148 2250 lacunam,
1162 2175 1274 2238 ethius

105 2284 289 2338 nostrornm
301 2273 438 2337 coneum
447 2273 587 2337 tentiones
603 2283 684 2337 ortae
694 2282 773 2337 sunt
783 2307 828 2321 -
842 2274 924 2349 Quae
937 2284 1033 2338 autem
1048 2278 1172 2356 protulit
1184 2296 1273 2359 prae-

107 2387 187 2440 terea
214 2375 400 2441 Wieselerus
430 2376 466 2440 ad
497 2377 732 2440 emendationem
756 2377 865 2440 aellioet
894 2395 978 2440 susm
1007 2379 1271 2461 comprobandam:

104 2479 219 2555 „videri
235 2479 448 2542 Prometheum
465 2479 497 2541 in
516 2479 611 2560 aliquo
630 2480 714 2561 rupis
734 2478 814 2541 hiatu
831 2481 963 2561 positum
977 2481 1069 2545 misse
1082 2482 1136 2557 ita,
1153 2489 1187 2545 ut
1199 2502 1270 2565 pers

9 2652 11 2669 ,
104 2590 228 2645 mutum
243 2580 381 2661 eorporis
396 2581 574 2662 pmmineret
584 2591 615 2645 et
627 2582 659 2645 in
674 2570 865 2663 conspectum
879 2583 1000 2659 reniret,
1015 2603 1138 2666 eamqrre
1150 2593 1271 2649 momu-

9 2714 11 2765 i
104 2684 178 2748 tiam
200 2683 321 2763 egregie
336 2683 479 2764 quadrare
493 2684 594 2760 adid,
613 2684 842 2766 qnodplnribua
862 2685 1272 2767 deeousisproeertosumi

9 2770 11 2787 '
105 2787 218 2868 possit,
233 2786 406 2849 Promethei
420 2786 576 2867 imaginem
590 2788 735 2868 quandam
748 2788 873 2867 ligneam
889 2789 981 2852 oeulis
996 2807 1117 2864 eorum,
1133 2790 1183 2871 qui
1202 2809 1271 2871 spe-

106 2895 235 2962 ctarent,
249 2887 412 2951 suhieetam
426 2889 533 2951 luisse:
548 2906 639 2968 posse
651 2890 730 2952 enim
746 2892 847 2964 statui,
866 2891 943 2954 hano
962 2891 1118 2972 imaginem
1132 2892 1173 2956 ita
1187 2911 1270 2956 oom-

105 2998 243 3071 paratam
259 2989 367 3065 luisse,
387 3000 421 3053 ut
441 2992 503 3054 sola
518 2991 647 3054 anterior
660 3010 729 3072 pars
742 2993 871 3056 exhibite
884 2994 1067 3069 mentulis,
1083 2995 1132 3075 qui
1147 2996 1271 3059 Pteme-

105 3093 213 3156 hmrm
231 3091 350 3171 agedum,
369 3109 433 3156 non
451 3093 483 3155 iu
501 3112 551 3168 ea,
570 3094 623 3155 sed
641 3111 720 3174 pene
738 3114 803 3158 eam
822 3096 853 3157 in
876 3096 956 3158 hiatu
974 3097 1060 3179 rupis
1079 3104 1272 3174 serenetur?

105 3195 180 3258 bea
194 3212 283 3257 nune
296 3195 458 3258 ooeuratiue
473 3196 637 3258 examinare
654 3212 717 3260 uon
730 3197 814 3260 libet:
835 3206 864 3259 et
878 3216 931 3261 our
949 3199 1078 3279 ligneum
1091 3200 1160 3264 illud
1176 3202 1270 3266 simu·

107 3297 232 3371 tamnu,
246 3297 358 3376 dequo
373 3296 416 3359 illi
429 3316 494 3362 non
506 3298 699 3361 dubitandum
714 3299 839 3373 ridetur,
853 3300 927 3362 mihi
940 3317 1045 3381 parum
1060 3303 1197 3383 placeret,
1212 3304 1270 3368 diri

106 3399 136 3461 'm
154 3399 381 3480 prolegomenis
397 3400 534 3463 editionis
553 3419 636 3464 mese
655 3420 685 3481 p.
701 3400 752 3464 85.
768 3401 818 3464 86.
860 3403 924 3464 Hoo
942 3411 1039 3465 tamen
1053 3422 1115 3467 nou
1130 3406 1271 3485 gravabor

106 3500 259 3581 profiteri,
282 3501 308 3562 si
326 3502 412 3564 luerit
430 3502 488 3565 tole
502 3501 705 3577 simulacrum,
724 3503 808 3566 malle
822 3522 870 3566 me
883 3504 958 3577 idin
973 3506 1058 3586 rupis
1070 3507 1152 3570 hiatu
1165 3526 1270 3588 magna

106 3610 247 3684 exparte
262 3602 447 3679 delituimus,
468 3623 557 3686 quam
575 3612 671 3667 totum
689 3604 721 3667 iu
739 3606 845 3670 theatri
865 3616 1025 3689 oonspedu
1043 3610 1174 3690 positum
1188 3612 1270 3693 sogi-

107 3703 175 3779 tari‚
202 3720 244 3766 na
267 3705 375 3768 ecilioet
396 3707 512 3787 lignem
531 3707 581 3768 ille
601 3707 796 3772 Prometheis
818 3710 905 3772 nimis
924 3710 982 3772 oito
1003 3718 1054 3774 aut
1073 3710 1199 3774 taedium
1221 3722 1272 3776 ant

106 3807 204 3869 risum
225 3806 337 3887 populo
358 3819 498 3872 mereret
512 3842 554 3855 -
569 3808 628 3872 Sed
648 3811 786 3873 admonet
804 3830 853 3874 ma
871 3813 943 3876 haee
961 3831 1010 3876 res
1029 3813 1102 3877 alius
1118 3813 1269 3879 onumen

107 3908 293 3983 Promethei,
308 3926 370 3973 uon
382 3911 471 3990 lignei
486 3910 612 3992 quidem,
627 3912 679 3975 sed
694 3911 763 3992 picti
777 3912 807 3974 in
818 3932 886 3975 rose
899 3914 989 3989 hethi,
1002 3915 1172 3997 itemquein
1188 3917 1268 3982 hiatu
1286 3930 1317 3980 13

109 4010 242 4090 quodam
257 4011 336 4091 pube
350 4021 436 4076 tenne
452 4012 655 4089 delitescentis,
670 4032 757 4095 prem
772 4035 789 4078 s
803 4015 966 4091 §melanio
980 4016 1052 4081 italo
1067 4018 1269 4101 arehaeologo,

113 4122 269 4193 aeeeptum
285 4132 382 4196 nuper
395 4114 572 4197 Geppertus,
587 4116 737 4198 popularis
752 4126 869 4193 noster,
884 4121 1076 4200 speetendnm
1097 4121 1184 4184 nohis
1198 4141 1271 4203 pre·

111 4215 212 4295 posuit
230 4215 265 4278 in
282 4216 360 4280 lihro
380 4218 417 4279 de
437 4217 559 4298 antiquo
576 4218 756 4282 Graecorum
770 4221 898 4297 theatro,
912 4222 1027 4303 Lipsiae
1041 4242 1067 4285 a.
1086 4222 1166 4286 1843
1181 4224 1268 4287 edito.

113 4316 219 4379 Vereor
233 4328 335 4381 tamen
348 4319 486 4399 equidem
500 4338 695 4401 magnopere,
710 4339 747 4383 ne
761 4322 810 4384 hie
823 4340 941 4404 quoque
954 4324 1150 4387 Prometheus
1167 4325 1269 4405 explo-

115 4417 223 4481 dendos
250 4420 298 4482 sit
337 4420 495 4483 Hominem
523 4422 602 4485 enim
628 4423 739 4504 pietum
760 4425 891 4489 ridemus
916 4425 1130 4489 adolesoentem
1157 4433 1187 4487 et
1210 4424 1267 4486 im·
