3222 5148
658 468 808 568 -332-

155 654 181 718 si
192 655 258 736 quis
268 672 368 718 rerem
379 673 414 717 sc
423 657 579 737 genuinun
595 656 723 719 nominis
737 657 864 721 formem
876 671 939 718 non
952 649 1099 738 Κύκλωψ
1107 656 1160 720 sed
1173 649 1313 742 Κύκλοψ

154 758 246 821 fuisse
261 756 436 840 suspicetur,
456 762 492 823 ed
508 759 676 841 exemplum
691 759 816 823 eliorum
830 758 985 822 nominum
1002 758 1112 841 pariter
1126 759 1156 820 in
1171 766 1221 844 οψ
1235 760 1313 823 desi·

154 862 305 935 nentium,
331 863 420 925 veluti
445 856 583 949 Δόλοψ,
613 856 748 945 Δρύοψ,
779 862 886 944 quibus
911 863 999 925 etiam
1011 852 1155 944 Ἔλλοψ,
1182 857 1313 946 Πέλοψ,

155 960 308 1049 Κέκροψ,
333 961 477 1051 Μέροψ,
501 960 705 1050 ΜόψοψΗ)
731 965 838 1028 addere
853 963 933 1037 iicet,
955 983 1029 1044 quse
1045 964 1159 1036 omnis,
1181 967 1313 1047 quamvis

154 1068 191 1130 de
212 1069 423 1148 significatione
443 1075 610 1150 postremae
631 1069 723 1149 pertis
741 1085 847 1149 porum
867 1065 1041 1140 constst⁶⁰t
1063 1066 1190 1129 dubitari
1211 1076 1310 1129 temen

154 1187 216 1233 non
231 1179 338 1252 potest,
359 1172 431 1253 quin
451 1173 630 1253 populorum
644 1172 764 1233 nomino
781 1171 900 1244 fuerint,
921 1170 1027 1251 partim
1047 1168 1167 1250 quidem
1182 1168 1313 1232 obsoleta

154 1282 265 1336 etcum
281 1273 345 1335 aliis
366 1272 524 1353 postmodo
543 1280 734 1345 commutato,
755 1272 864 1354 partim
883 1277 982 1335 autem
1003 1270 1140 1352 usurpari
1160 1289 1313 1353 nunquam

154 1375 255 1437 desita.
292 1374 404 1448 Quodsi
430 1376 578 1456 gigantem
603 1376 668 1438 illos
689 1367 814 1437 κύκλων
839 1375 1006 1438 conditores
1026 1374 1109 1435 initio
1131 1366 1314 1450 Κύκλοπος

157 1476 252 1539 dictos
275 1496 340 1539 esse
360 1478 523 1552 sumimus,
543 1483 664 1560 apparet
684 1495 774 1559 quom
797 1477 880 1539 facile
899 1476 969 1539 hinc
987 1475 1022 1537 sd
1045 1476 1164 1538 sltersm
1184 1477 1311 1539 formam

155 1579 284 1643 eberrsri
299 1581 437 1661 potnerit,
453 1588 487 1642 ut
504 1574 685 1656 Κύκλωπες
706 1588 890 1651 vocarentur,
913 1597 1082 1660 nomenque
1101 1578 1137 1641 sd
1159 1579 1312 1642 oculorum

151 1683 278 1745 formam
299 1684 446 1764 pertinere
460 1683 638 1757 crederetur,
659 1703 718 1765 quo
733 1682 853 1745 accessit
868 1680 981 1756 deinde,
1001 1682 1037 1743 ed
1052 1680 1219 1761 eugendum
1234 1683 1313 1745 scili-

153 1792 199 1847 cet
226 1794 429 1847 monstrorum
450 1784 639 1856 miraculum,
663 1790 696 1848 ut
715 1787 804 1848 etism
823 1778 978 1864 μόοωπος
999 1783 1059 1846 sive
1083 1784 1202 1846 unoculi
1222 1784 1312 1847 tuisse

154 1886 389 1969 perhiberentur.
434 1886 465 1947 ld
491 1887 527 1948 de
552 1888 613 1949 suis
639 1876 827 1969 Cyclopibus,
853 1886 1013 1950 fulminum
1038 1886 1142 1960 febris,
1168 1885 1312 1950 Hesiodus

152 1987 346 2050 disertissime
361 1988 500 2061 inculcet,
524 1988 561 2050 de
581 1988 759 2064 Homericis,
779 1988 968 2071 quantumvis
989 1988 1160 2069 ceteroquin
1181 1990 1312 2063 mutetis,

154 2089 281 2151 dubitari
296 2106 356 2151 non
371 2097 478 2168 potest.

239 2191 331 2253 Scrib.
347 2190 556 2273 Gryphiswsld.
572 2192 648 2254 Non.
664 2193 747 2254 liert.
763 2191 959 2255 succutit.

220 2359 265 2420 49)
282 2358 320 2410 lis
331 2359 380 2410 too
392 2356 424 2408 ot.
437 2358 545 2410 liciusk.
558 2360 673 2411 Anslect
686 2361 761 2411 Ater.
774 2375 797 2426 p.
810 2359 869 2412 ³81.
892 2360 998 2428 lieliqns
1010 2360 1103 2413 nentri
1114 2361 1200 2426 ignote
1211 2369 1280 2415 sunt.

219 2442 265 2509 ud>
283 2443 339 2497 Vid.
353 2444 385 2497 G.
398 2440 511 2508 Curtius,
522 2445 633 2513 Etymol.
657 2462 696 2510 gr.
710 2443 755 2510 lp.
767 2445 799 2498 95
812 2452 839 2496 st
852 2445 909 2497 tid.
