3290 5142
776 493 931 592 *op-

271 682 424 764 perierint,
446 682 571 746 aliorum
592 700 667 764 quae
685 683 823 746 teruntur
850 682 959 763 seripta
983 680 1174 764 suppositieia
1203 679 1431 761 videautnr11),
1500 753 1503 757 ,

270 802 350 847 nuno
364 784 439 848 duos
453 791 571 848 mutum
585 785 748 867 producere
763 784 846 859 lieet,
867 783 1023 873 Platonem
1038 791 1068 846 et
1082 783 1270 847 Aristotelem
1281 779 1339 862 Η).
1371 784 1431 846 Sed

270 886 401 949 Platonis
414 887 506 949 libros
523 906 596 962 eos,
618 889 669 967 qui
689 887 731 949 de
752 904 790 951 re
810 887 956 968 publiea
975 885 1192 961 inscribuntur,
1213 903 1267 948 eur
1287 885 1346 950 boe
1364 887 1430 950 loeo

229 998 233 1003 “
269 989 522 1070 praetermittendi
536 990 595 1051 sint
608 989 768 1062 neminem,
787 990 836 1069 qui
851 1008 902 1052 eos
916 988 1041 1062 noverit,
1056 987 1165 1050 latebit.
1195 987 1271 1050 Nam
1281 988 1339 1049 tale
1353 988 1385 1050 in
1395 987 1430 1051 iis

268 1093 447 1174 proponitur
460 1110 551 1172 genus
566 1092 698 1163 dumus,
713 1092 799 1173 quale
812 1110 868 1155 nee
881 1091 939 1154 init
952 1107 1082 1170 unquam
1102 1091 1134 1152 in
1144 1090 1245 1164 terris,
1267 1107 1364 1171 nsque
1375 1108 1430 1152 en·

269 1194 360 1257 istere
373 1195 431 1257 nisi
445 1212 566 1276 prorsus
582 1195 637 1258 alia
651 1194 727 1257 faeta
743 1195 899 1259 bominum
918 1200 1023 1254 natura
1042 1209 1174 1272 unquam
1193 1193 1311 1273 poterit.
1341 1193 1379 1254 ut
1398 1193 1430 1254 in

269 1295 387 1377 legum
403 1314 522 1377 quoque
536 1295 618 1358 libris
634 1295 668 1370 X,
689 1314 766 1377 quos
786 1302 855 1377 post
874 1295 937 1358 eius
959 1302 1089 1357 mortem
1110 1294 1263 1376 Philippus
1283 1294 1431 1376 Opuntius

269 1398 393 1461 edidisse
407 1398 521 1473 dieitur,
536 1398 695 1479 imaginem
709 1400 894 1481 propositam
908 1398 1042 1462 ridemus
1056 1415 1150 1461 norae
1163 1397 1287 1460 anatis
1303 1397 1339 1459 iis
1356 1414 1429 1460 eon·

269 1499 429 1562 ditionibus
444 1499 623 1575 condendae,
638 1519 713 1581 quae
724 1501 818 1583 optari
828 1501 941 1564 facibus
952 1518 1041 1581 quam
1053 1500 1167 1582 sperari
1177 1501 1299 1581 possint.
1330 1499 1430 1562 Unum

268 1608 369 1664 umen
387 1603 487 1666 losum
506 1603 537 1664 in
556 1603 603 1665 bis
621 1603 701 1666 libris
723 1603 947 1666 memorabilem
967 1602 1083 1666 silentio
1099 1603 1257 1684 praeterire
1280 1602 1430 1678 nolumus,

268 1704 319 1767 ubi
335 1705 423 1766 unius
438 1705 501 1779 viri,
516 1705 649 1787 adeoque
663 1707 780 1787 tyranni
794 1707 952 1786 imperium
966 1707 1053 1768 unies
1067 1714 1170 1787 aptum
1191 1724 1258 1768 esse
1274 1705 1381 1768 dieitur
1393 1705 1430 1768 ad

268 1806 428 1869 sanandam
444 1815 613 1889 eorruptam
629 1809 774 1871 civitatem
788 1808 932 1888 bonisque
947 1807 1080 1871 moribus
1095 1815 1125 1870 et
1144 1807 1287 1871 institutis
1301 1807 1430 1871 lundan-

269 1908 337 1971 dam
346 1916 375 1969 et
382 1909 558 1972 firmandam
571 1912 630 1987 18).
646 1910 721 1973 Nam
732 1912 832 1992 plures
842 1909 893 1973 ubi
903 1911 946 1973 rei
957 1910 1088 1992 publicae
1098 1910 1238 1993 praesint,
1254 1910 1294 1972 ibi
1308 1918 1431 1991 propter

268 2008 440 2092 opinionum
455 2017 486 2073 et
499 2010 673 2074 iudiciorum
688 2013 858 2075 vadentem
873 2030 907 2074 ao
920 2013 1132 2083 dissensionem
1152 2012 1259 2093 aliquid
1274 2013 1305 2073 in
1324 2012 1430 2075 melius

268 2112 376 2174 mabri
390 2112 468 2175 baud
482 2113 566 2175 facile
580 2132 683 2195 posse:
698 2122 840 2196 tyrannus
860 2122 959 2179 autem
983 2117 1008 2178 si
1027 2115 1117 2178 fuerit
1136 2115 1239 2178 alamis
1258 2115 1380 2195 ingenii,
1401 2120 1433 2176 et

268 2213 320 2294 qui
332 2214 416 2277 facile
438 2214 620 2297 sapientibus
639 2216 769 2278 consiliis
790 2236 892 2279 aurem
909 2217 1058 2299 praebeat,
1078 2236 1113 2280 ao
1131 2215 1304 2280 fortitudine
1323 2216 1432 2279 animi·

267 2334 324 2395 que
338 2316 539 2398 magnitudine
554 2318 692 2391 emineat,
708 2317 781 2379 nibil
796 2318 858 2382 lere
873 2319 994 2399 cogitari
1007 2318 1153 2383 salubrius
1167 2337 1269 2400 posse:
1285 2319 1430 2382 llexurum

267 2418 347 2480 euim
367 2418 444 2480 eires
465 2436 643 2499 quoeunque
662 2420 799 2496 voment,
820 2428 908 2503 atquo
927 2422 970 2484 sie
988 2420 1214 2484 emendaturum
1234 2421 1277 2484 rei
1297 2420 1430 2505 publicae

266 2528 387 2584 statum.
402 2555 445 2567 -
455 2519 589 2584 Fuerunt
604 2522 654 2602 qui
669 2522 727 2584 boe
741 2522 871 2586 Platonis
882 2524 948 2586 loeo
959 2524 1049 2586 tidem
1060 2524 1248 2587 adstruerent
1258 2530 1430 2604 pervagatae

264 2623 300 2685 de
314 2624 377 2685 eius
392 2622 497 2685 itinere
512 2624 549 2685 ad
570 2624 717 2686 minorem
731 2624 904 2705 Dionysium
923 2626 1099 2701 narrationi,
1120 2644 1213 2707 quum
1232 2626 1344 2689 iuvenis
1364 2625 1428 2689 ani·

262 2743 347 2787 mum
362 2724 482 2786 mollem
498 2732 529 2787 et
542 2726 627 2788 facile
641 2727 818 2789 fleetendum
834 2727 870 2789 ad
884 2728 1095 2791 instituendam
1110 2728 1220 2791 bonam
1235 2727 1428 2810 reipublicae

261 2828 390 2891 formam
403 2848 420 2890 a
435 2847 468 2889 se
480 2828 591 2909 impelli
607 2847 694 2909 posse
709 2836 872 2909 sperasset:
888 2831 924 2893 de
939 2847 996 2910 qua
1011 2831 1180 2893 narratione
1197 2836 1266 2893 utut
1285 2830 1443 2919 iudicabi-¹

262 2933 382 3008 torst),
397 2929 455 2994 boe
468 2930 589 3011 quidem
603 2930 793 2994 namtastum
806 2940 861 3007 est,
877 2932 1030 2995 Platonem
1042 2951 1199 3014 perunum
1210 2933 1325 2997 taedius
1337 2953 1427 3012 quam

263 3032 434 3115 perplures
454 3033 497 3096 rei
519 3032 652 3114 publicae
673 3040 751 3096 reete
772 3034 887 3097 eonsrrli
906 3054 993 3117 posse
1013 3034 1173 3097 oensuisse.
1202 3034 1305 3117 Neque
1325 3036 1426 3099 minus

262 3136 350 3200 unius
362 3137 521 3218 imperium
536 3135 654 3217 probari
663 3136 797 3199 ridemus
811 3136 843 3199 in
857 3155 893 3199 eo
909 3136 1033 3218 dialogo,
1049 3137 1101 3218 qui
1109 3136 1281 3220 insoribibnr
1294 3138 1426 3201 Politi-

332 3354 373 3418 11)
391 3353 611 3423 Pptbngommm
622 3355 686 3422 apud
704 3355 826 3407 loannem
838 3356 983 3423 stobaeum,
995 3356 1086 3409 ll'lorll.
1100 3357 1140 3408 tit.
1158 3356 1201 3409 47.
1214 3357 1257 3409 48.

333 3438 366 3491 12
378 3438 538 3504 )Poteremne
547 3439 821 3508 etiemxenopbontenr
832 3445 981 3510 producere,
993 3444 1036 3511 qui
1046 3439 1254 3510 inCpropnediee
1262 3442 1425 3511 partemin,

262 3524 305 3575 abi
318 3523 453 3577 Persarum
464 3525 583 3579 institute
597 3524 724 3593 proponit,
743 3541 847 3593 regnam
863 3527 986 3580 deseribit
1002 3528 1142 3581 adubriter
1158 3529 1313 3581 auctoritate
1329 3527 1425 3597 prinei·

262 3625 319 3677 pom
336 3618 362 3661 et
374 3611 458 3678 pepuli
472 3609 592 3661 libertate
608 3617 790 3678 temperatum,
806 3612 831 3664 in
848 3620 976 3682 postrema
992 3620 1075 3666 eutem
1092 3621 1177 3679 perte,
1194 3621 1325 3680 postquem
1341 3612 1425 3683 Cyrus

262 3695 393 3747 Medorum
404 3710 451 3745 reu
463 3693 545 3747 inatus
561 3695 647 3760 plures
665 3695 772 3763 populos
789 3698 906 3762 subiecit,
927 3699 1050 3766 quodnam
1072 3714 1150 3764 genus
1167 3698 1267 3766 imperii
1284 3699 1325 3749 bis
1342 3700 1369 3750 ln
1379 3715 1425 3767 po-

260 3788 355 3832 testate
368 3781 506 3832 retinendis
517 3781 624 3833 msxime
636 3782 751 3834 idoneum
764 3783 798 3835 sit
807 3784 891 3835 docet.
914 3782 964 3834 Sed
975 3783 1047 3848 bnee,
1060 3784 1176 3850 quamde
1195 3782 1368 3851 Cynopaedise
1381 3800 1424 3835 sr-

262 3874 379 3931 qunrento
391 3874 418 3917 et
428 3865 534 3918 oonsilio
544 3867 576 3918 eb
588 3866 646 3919 eliis
657 3866 733 3919 rllter
744 3868 878 3935 indicetur,
889 3869 1030 3934 longiorem
1039 3868 1234 3936 disputationem
1243 3869 1374 3937 postulare
1386 3869 1425 3922 vi-

262 3953 399 4017 debantur,
416 3967 489 4020 mern
508 3967 573 4020 qnee
587 3954 636 4006 boe
648 3961 763 4022 tempore
778 3954 880 4007 institui
895 3962 989 4022 posset.
1012 3953 1116 4006 Interim
1132 3954 1198 4007 setis
1209 3954 1260 4007 erit
1276 3954 1304 4005 G.
1322 3954 1425 4007 llilden·

260 4037 383 4091 brendam
398 4037 513 4104 laudere,
529 4039 611 4106 quiin
628 4054 704 4107 opere
721 4055 802 4107 nuper
819 4040 896 4106 edito,
914 4038 1066 4092 Gesebiebte
1076 4041 1129 4092 und
1139 4039 1242 4109 system
1253 4041 1300 4092 der
1315 4039 1424 4093 uenu-

261 4123 312 4173 und
323 4121 575 4191 Stentspbilosopbie.
588 4124 657 4190 Lips.
676 4123 750 4176 1860.
762 4132 822 4177 tom.
844 4125 867 4177 1.
878 4140 905 4191 p.
921 4124 1080 4192 ane-24⁹,
1097 4126 1128 4176 de
1144 4124 1304 4195 Cyropeedin
1320 4139 1425 4178 nesure-

260 4207 359 4258 tissime
369 4207 499 4261 disseruit.
1145 4221 1150 4231 '

333 4293 373 4358 13)
385 4291 462 4360 legg.
475 4293 511 4349 lv
521 4311 547 4362 p.
560 4293 645 4346 stau.
659 4294 717 4345 ⁷10.

332 4378 372 4446 li)
384 4379 455 4432 lleud
467 4379 721 4446 improbabilemesm
732 4378 781 4431 sibi
793 4379 878 4432 videri
898 4377 927 4433 G.
943 4378 973 4432 F.
989 4378 1146 4433 ilemennus
1161 4381 1311 4448 profitetur,
1329 4380 1420 4435 Geeeb.

261 4481 287 4518 n.
299 4464 402 4535 System
414 4467 461 4519 der
472 4464 538 4519 Plet.
551 4462 721 4531 Philosophia,
729 4481 754 4532 p.
766 4466 799 4517 b'l
811 4482 879 4534 sqq.;
893 4480 973 4534 neque
982 4483 1028 4519 nos
1040 4468 1072 4519 eb
1084 4483 1113 4520 eo
1126 4466 1299 4521 dissentimus.
