3190 5136
650 452 710 514 147

170 632 204 695 V.
227 633 314 696 1085
337 634 527 698 vaticinantis
551 636 588 699 de
610 637 689 717 regis
709 637 798 699 coede
816 635 995 699 Cassandrae
1015 634 1102 697 rerba
1124 635 1197 697 haec
1219 633 1262 695 le·

95 744 210 813 guntur:

364 851 388 923 ἆ
405 850 428 924 ἆ
444 855 529 939 idod,
546 856 633 925 ἰδού·
649 853 754 940 ι’ῖπεχε
766 860 826 947 τῆς
840 859 922 945 βοὸς

365 961 425 1026 τὸν
437 961 571 1047 ταῦρον·
586 959 621 1026 ἓν
634 960 820 1026 πέπλοισιν

364 1063 595 1152 μελαγκέρῳ
615 1065 764 1149 λαβοῦσα
782 1063 989 1153 μηχανήματι

367 1163 500 1233 τύπτει.

102 1310 155 1372 Pro
168 1304 368 1396 μελαγκέρῳ
383 1312 428 1373 alii
442 1307 648 1397 μελάγκερων
663 1315 860 1394 scripserunt,
880 1313 967 1395 idque
986 1311 1134 1374 nonnullis
1149 1312 1265 1393 placuit,

102 1417 353 1492 Agamemnonem
367 1434 434 1476 cum
450 1424 532 1478 tauro
546 1416 711 1496 comparari
726 1416 910 1479 credentibus
927 1416 1018 1495 nigris
1031 1415 1169 1477 cornibus
1180 1434 1263 1495 prse-

101 1517 166 1578 dito.
196 1516 268 1578 Mihi
284 1518 345 1578 hoc
358 1516 546 1598 perineptum
561 1519 687 1580 videtur:
703 1537 758 1581 nec
772 1520 870 1581 minus
886 1519 1026 1599 ineptum,
1042 1517 1121 1599 quod
1136 1517 1166 1577 in
1178 1517 1265 1578 alteru

102 1617 224 1679 lectione
243 1619 397 1700 epitheton
418 1620 489 1683 illud
509 1622 544 1683 ad
563 1615 772 1705 μηχανήματι
792 1621 959 1702 appositum
980 1621 1045 1682 ideo
1065 1628 1184 1701 putant,
1206 1641 1264 1702 quo

102 1721 245 1783 indicetur
259 1721 366 1783 ictibus
383 1722 452 1783 ferri
467 1723 720 1802 Agamemnonem
735 1724 818 1803 qussi
834 1724 924 1803 nigris
941 1724 1079 1786 cornibus
1095 1723 1162 1805 peti.
1206 1725 1264 1786 lle-

102 1823 238 1903 pudietur
258 1824 313 1885 ista
333 1824 533 1905 interpretatio
554 1824 596 1886 vel
619 1824 677 1886 hoc
697 1843 758 1886 uno
783 1835 969 1907 argumento,
994 1826 1072 1906 quod
1091 1818 1266 1911 μηχάνημα

8 1944 9 1947 ’
101 1944 159 1987 non
174 1927 214 1988 de
230 1925 336 1989 ictibus
353 1926 421 1989 ferri
436 1927 493 1989 dici
507 1926 612 2007 potuit,
628 1927 679 1988 sed
695 1936 809 1990 tentum
824 1928 861 1989 de
875 1928 1007 2003 artificio,
1022 1947 1080 2009 quo
1091 1929 1185 1990 virum
1200 1928 1264 2009 Cly-

103 2036 280 2090 teemnestra
300 2029 471 2103 institeret,
492 2029 520 2089 h.
542 2049 567 2090 e.
589 2030 626 2090 de
646 2016 776 2113 u’rrsiptp
797 2030 844 2090 illo
867 2021 1124 2115 ἀμφιβλήστρῳ,
1148 2038 1181 2091 ut
1200 2030 1265 2091 alibi

102 2139 232 2193 meatur.
277 2130 354 2193 Huic
373 2141 468 2195 aulem
489 2131 642 2211 epitheton
661 2129 831 2192 nomnibus
851 2131 971 2192 ductum
986 2131 1065 2193 nullo
1088 2131 1177 2193 modo
1192 2151 1264 2193 con·

102 2233 197 2296 venire
214 2241 347 2314 apparet,
363 2235 415 2296 sed
430 2233 553 2295 debetur
568 2233 636 2295 illud
653 2232 786 2305 librariis
801 2232 922 2312 quihus,
943 2253 1034 2315 quum
1050 2242 1132 2295 antee
1148 2252 1264 2295 veccsrn

102 2348 128 2398 et
147 2349 270 2399 murum
292 2335 438 2397 nominari
457 2334 599 2409 viderent,
623 2353 703 2397 nunc
725 2353 842 2415 quoque
861 2335 968 2397 homm
996 2354 1105 2398 cornua
1126 2335 1297 2403 obversa-n

102 2441 217 2501 bantur.
249 2437 425 2517 Aeschylum
447 2445 543 2499 sutem
565 2437 721 2518 scripsisse
736 2437 822 2498 credo
837 2431 1031 2522 μελαγκότῳ
1045 2432 1264 2524 μηχανήματι.

7 2566 8 2593 ι
102 2542 173 2603 Nam
189 2550 226 2603 ut
238 2546 371 2603 atrocem
391 2540 465 2601 imm
479 2534 603 2620 μέλανα
617 2534 713 2602 κάτον
731 2539 788 2601 dici
806 2540 939 2619 potuisse
958 2559 1045 2602 nemo
1064 2540 1204 2621 ambiget,
1224 2541 1266 2603 sic

100 2643 167 2705 illud
183 2642 298 2704 atrocis
312 2642 371 2703 irae
386 2640 538 2703 artificium
555 2650 632 2704 recte
645 2634 846 2723 μελάντατον
863 2635 1038 2727 μηχάνημα
1057 2643 1113 2704 dici
1132 2643 1266 2723 potuisse

102 2746 297 2807 manifestum
318 2752 377 2805 est:
402 2762 498 2824 neque
518 2744 643 2806 dubitari
665 2743 701 2804 de
721 2743 779 2804 hoc
797 2742 938 2806 adiectivo
962 2753 1117 2825 propterea
1141 2744 1266 2817 debebit,

102 2848 179 2928 quod
194 2847 279 2909 eliud
294 2846 356 2906 eius
369 2846 534 2925 exemplum
550 2847 675 2906 sortasse
687 2863 749 2907 non
760 2853 847 2907 extet.
873 2846 931 2907 Pro
946 2839 1065 2907 τύπτει
1081 2854 1179 2908 eutem
1190 2846 1264 2907 fler-

101 2969 231 3011 mennus
247 2943 344 3011 θένει
359 2948 501 3028 scriplum
520 2947 611 3009 luisse
626 2947 791 3028 suspicatur
805 2956 928 3029 propter
947 2948 1131 3027 strophieum
1146 2968 1265 3011 versum

7 3128 8 3135 ἵ
107 3054 196 3127 1076,
213 3051 266 3131 qui
282 3050 318 3111 ab
332 3049 440 3125 iambo,
456 3043 571 3136 φόνου,
589 3049 703 3130 incipit3
716 3051 766 3112 sed
783 3051 882 3114 debuit
896 3049 997 3131 potius
1012 3050 1112 3127 θενεῖ,
1128 3051 1267 3131 quoniam

99 3173 245 3235 praesens
267 3145 359 3215 θένω
379 3152 490 3214 nullum
514 3161 568 3215 est.
611 3152 684 3214 Nem
710 3153 789 3234 quod
816 3152 912 3214 stetim
937 3153 1123 3233 subiungitur
1148 3147 1268 3227 πίτνει,

100 3274 247 3338 praesens
281 3263 351 3335 post
381 3257 511 3316 futurum
536 3256 567 3316 in
597 3255 766 3335 prophetice
793 3255 925 3317 oratione
953 3256 1102 3317 nerninem
1129 3256 1269 3332 offendet3

100 3354 223 3421 τύπτει
245 3365 346 3420 autem
365 3377 400 3418 ex
419 3356 657 3437 interpretatione
676 3358 785 3419 illatum
806 3365 864 3433 est,
885 3358 968 3420 cuius
988 3358 1102 3438 generis
1118 3366 1163 3420 sat
1177 3358 1269 3419 multo

101 3472 173 3523 sunt
192 3462 227 3522 iu
243 3458 380 3539 Aeschyli
396 3458 544 3522 codicibus
560 3459 706 3540 exemplo,
723 3478 872 3541 unumque
887 3469 916 3522 et
930 3460 1052 3523 alterum
1068 3481 1137 3522 mox
1152 3480 1168 3522 a
1182 3460 1269 3522 nobis

102 3563 319 3626 tractabuntur.

186 3665 222 3727 ln
238 3662 387 3745 proximis
404 3663 486 3726 chori
501 3665 633 3727 versibus
651 3664 732 3727 1092
748 3684 813 3745 sqq.

728 3787 838 3853 κακῶν
854 3786 914 3876 γὰρ
930 3786 1005 3853 διαὶ

435 3887 615 3967 πολυεπεῖς
628 3885 740 3971 τέχναι
753 3889 951 3975 θεσπιῳδεῖ

433 3986 538 4078 φόβον
553 3987 709 4080 φέρουσιν
722 3993 883 4075 μαθεῖν,

108 4141 211 4201 perum
227 4119 367 4184 credibile
382 4126 430 4181 est
443 4112 553 4203 φόβαν
565 4120 690 4198 μαθεῖν
704 4119 761 4181 dici
776 4119 910 4200 potuisse
925 4138 980 4201 pro
996 4138 1031 4181 co
1046 4121 1186 4201 quodem
1201 4138 1272 4179 me-

110 4234 163 4286 tus
177 4242 330 4287 sensnm
345 4220 546 4303 percipere.
562 4218 732 4284 credibilius
747 4230 794 4283 est
806 4223 980 4302 Aeschylum
995 4222 1153 4303 scripsisse
1167 4215 1274 4305 φόβον

8 4344 9 4355 ’
111 4321 266 4410 φέρουσιν
282 4320 426 4407 μάταιε
447 4322 614 4385 timorem
634 4326 805 4397 atterunt,
825 4342 893 4404 quo
913 4324 1004 4387 nihil
1022 4333 1137 4386 tumen
1158 4320 1274 4398 proli-

14 4474 15 4477 *
113 4428 217 4503 citur,
231 4427 487 4510 quemdmodum
501 4420 542 4486 τὸ
556 4416 664 4504 μάταν
684 4416 791 4505 ι’ῖχθος
805 4444 896 4507 supra
908 4446 936 4488 r.
954 4428 1014 4488 154
1029 4428 1066 4489 de
1080 4418 1275 4486 sollicitudine

17 4540 19 4559 ²
1013 4526 1072 4589 10*
