3154 5138
787 469 984 569 m„

301 663 517 744 quamperlecto
539 660 689 736 dubitans,
709 678 797 741 quarn
816 657 1026 722 dubitationem
1045 679 1150 724 ranam
1169 681 1234 725 esse
1253 663 1335 744 periti
1348 663 1448 726 intelli·

300 772 435 845 gent-
463 765 557 827 Etiam
572 764 604 826 in
618 763 679 839 his,
699 782 772 846 quae
788 762 886 826 statim
901 770 1076 844 sequuntur:
1098 773 1137 828 ut
1155 767 1257 828 etiarn
1276 766 1451 828 veterrimi

301 876 441 950 poetae,
462 867 521 948 qni
541 866 684 930 haecne
698 867 876 946 suspicati
890 866 1031 947 quidem
1046 868 1132 943 sint,
1151 867 1263 930 Stoici
1279 869 1391 931 luisse
1403 869 1452 931 ri·

301 972 459 1045 deantur,
479 970 681 1033 coniunctivus
697 969 772 1031 sint
785 969 952 1031 Ernestium
970 987 1033 1032 non
1052 969 1198 1032 immerito
1214 970 1350 1045 offendit,
1372 989 1455 1051 quem

301 1091 357 1153 qua
372 1072 484 1134 ratione
499 1071 685 1134 Heindorfius
704 1070 938 1152 recentioresque
951 1071 1078 1134 editores
1099 1089 1202 1134 omnes
1221 1072 1291 1134 ferri
1311 1091 1399 1153 posse
1411 1072 1455 1134 iu-

300 1172 436 1246 dicarint,
459 1173 579 1254 4311010,
595 1173 652 1236 nisi
666 1174 742 1236 forte
756 1173 793 1236 de
807 1172 907 1236 nescio
923 1193 979 1255 qua
994 1174 1159 1237 coniectura
1174 1174 1299 1236 dicentis
1315 1184 1400 1255 atqua
1413 1174 1457 1236 in-

301 1276 472 1339 certitudine
487 1284 537 1340 aut
550 1276 694 1339 modestia
709 1275 888 1357 cogitarunt,
910 1277 989 1358 quod
1009 1295 1101 1357 genus
1117 1276 1299 1339 detensionis
1314 1277 1346 1339 in
1358 1276 1459 1339 huius·

301 1378 382 1441 modi
397 1378 581 1441 librariorum
596 1379 746 1442 erroribus
760 1379 852 1442 nimio
867 1379 984 1460 saepius
999 1398 1016 1441 a
1031 1380 1099 1442 viris
1114 1380 1202 1442 etiarn
1214 1378 1397 1443 doctissimis
1410 1378 1460 1440 ad-

300 1482 392 1545 hiberi
411 1481 551 1544 videmus.
581 1481 680 1543 Talem
702 1483 789 1561 igitur
809 1466 860 1545 aut
878 1483 1004 1563 aliquam
1019 1500 1080 1544 non
1095 1482 1245 1545 meliorem
1262 1481 1463 1546 defensionem

302 1592 432 1666 paratam
448 1602 513 1645 esse
528 1600 656 1662 auguror
671 1582 758 1644 edam
772 1584 820 1645 his
834 1584 922 1646 locis:
937 1604 962 1647 c.
978 1585 1029 1661 24,
1046 1585 1101 1649 68:
1117 1585 1208 1667 quod
1224 1585 1320 1647 enim
1335 1604 1374 1647 011
1387 1593 1461 1646 ato·

301 1686 367 1748 mis
383 1685 445 1759 sit,
464 1686 498 1747 id
517 1692 639 1748 natum
658 1685 849 1766 aliquando
870 1687 930 1761 sit,
950 1695 1039 1750 1040
1056 1688 1106 1763 33,
1122 1686 1178 1750 93:
1198 1687 1334 1750 istisne
1351 1686 1464 1749 liden-

301 1797 354 1850 tes
375 1787 527 1850 somniis
546 1805 617 1850 non
638 1787 742 1849 modo
757 1788 935 1869 Epicurus
950 1798 984 1851 et
998 1791 1228 1852 Metrodorus
1250 1789 1464 1851 0444011001-

301 1892 388 1952 chus
404 1897 528 1951 contra
542 1888 790 1970 Pythagoram,
813 1889 998 1954 Platonem
1018 1892 1355 1973 Empedoclemque
1374 1890 1466 1952 dire·

302 2000 397 2066 runt,
423 1991 485 2053 sed
510 1990 738 2053 meretricula
762 1991 870 2054 etiam
895 1993 1084 2056 Leontium
1109 2001 1237 2057 contra
1259 1992 1467 2073 'l'heophra-

302 2102 394 2157 stum
409 2093 571 2156 scribere
586 2112 670 2156 ausa
685 2092 753 2156 siti
768 2103 797 2158 et
810 2096 902 2175 magis
918 2096 1005 2158 edam
1022 2114 1046 2158 a
1062 2095 1108 2171 18,
1124 2096 1179 2159 48:
1195 2116 1236 2158 aa
1253 2096 1374 2177 ligura
1388 2113 1471 2176 pro-

301 2200 393 2261 fecto
408 2205 477 2272 est,
497 2215 587 2278 quae
601 2197 842 2277 pulcherrima
858 2199 907 2260 sit
925 2198 1096 2260 omnium:
1116 2198 1153 2260 de
1173 2198 1289 2279 quihus
1307 2197 1384 2260 loeis
1400 2214 1471 2277 qno·

301 2300 381 2362 niam
400 2298 471 2362 satis
491 2298 663 2379 alladrigio
685 2299 794 2362 dictum
816 2308 862 2361 est
880 2301 915 2361 ad
932 2300 962 2362 C.
979 2300 1016 2362 de
1031 2301 1116 2363 Finn.
1137 2319 1167 2381 p.
1183 2300 1264 2374 448,
1291 2320 1310 2364 a
1329 2317 1475 2362 1110110110

302 2401 445 2482 disputari
459 2400 531 2463 nihil
546 2401 657 2464 adinet.
686 2402 768 2464 ldem
780 2402 823 2464 vir
838 2402 1027 2466 doctissimus
1038 2422 1068 2483 p.
1081 2402 1139 2464 591
1157 2402 1289 2483 aliisque
1301 2403 1379 2466 locis
1394 2420 1473 2465 com·

301 2503 434 2585 pluribus
455 2503 635 2566 contrarium
656 2503 801 2584 quondam
821 2522 953 2566 errorem
971 2505 1122 2584 exagitarit
1140 2505 1177 2567 ds
1196 2505 1367 2569 indicativo
1388 2505 1475 2568 modo

302 2606 333 2667 in
347 2604 576 2685 interrogatione
595 2607 741 2687 pendente
755 2606 815 2668 sire
832 2606 986 2682 indirecta,
1006 2625 1093 2688 quem
1111 2606 1267 2688 hodieque
1286 2608 1376 2672 multi
1394 2606 1477 2670 etiam

301 2726 319 2768 a
338 2706 477 2768 Cicerone
495 2715 669 2788 usurpatum
688 2725 755 2769 essa
774 2708 882 2771 volunt.
917 2709 1001 2772 Velut
1019 2726 1115 2790 nuper
1133 2710 1308 2774 admodum
1333 2711 1366 2772 in
1389 2708 1478 2772 lahnii

302 2807 453 2870 annalibus
477 2808 577 2888 philol.
598 2817 627 2870 et
649 2809 768 2889 paedag.
787 2812 843 2872 rol.
863 2811 925 2887 LV,
944 2831 974 2893 p.
995 2813 1055 2874 aot
1082 2811 1175 2874 extitit
1198 2812 1256 2893 qui
1282 2832 1358 2877 eum
1379 2811 1477 2876 Beiero

301 2910 379 2992 apud
394 2909 565 2973 Ciceronem
579 2911 616 2973 de
630 2910 713 2975 04440.
728 2912 762 2988 44,
778 2913 806 2987 7,
821 2913 861 2974 23
876 2922 954 2977 recte
969 2913 1057 2977 0014414
1072 2913 1288 2977 contenderet:
1304 2914 1417 2978 huius
1432 2922 1479 2993 ty·

301 3013 405 3075 ranni
426 3013 546 3076 obitus
568 3014 737 3090 declarat,
761 3024 930 3095 quantum
953 3016 1138 3079 hominum
1164 3017 1298 3081 odium
1324 3017 1422 3081 valet
1443 3013 1482 3079 ad

300 3124 449 3196 pestem,
474 3116 512 3177 ad
536 3117 616 3196 quod
641 3117 806 3197 exemplum
826 3117 912 3180 etiam
933 3118 959 3193 l,
981 3118 1014 3193 7,
1034 3118 1074 3179 23
1101 3117 1224 3181 Beierus
1252 3120 1396 3202 scripsit:
1422 3136 1481 3181 au·

301 3217 445 3280 deamus
460 3217 590 3280 imitari
606 3218 763 3294 Stoicos,
778 3220 835 3299 qui
852 3220 1016 3284 studiose
1030 3222 1247 3301 exquirunt,
1263 3225 1365 3288 uude
1380 3221 1484 3286 verba

301 3327 385 3381 sunt
403 3319 522 3395 ducta,
541 3327 570 3382 et
589 3320 620 3382 in
639 3337 682 3381 or.
702 3339 757 3400 pro
772 3320 867 3385 Flacc
883 3342 908 3385 0
925 3324 954 3398 6,
972 3322 1010 3385 13
1025 3323 1170 3404 probatur
1188 3323 1272 3388 hoc:
1298 3336 1340 3390 ut
1360 3325 1483 3390 memi-

301 3421 445 3497 neritis,
468 3441 616 3502 qnarum
631 3441 747 3486 rerum
762 3423 895 3487 invidia
911 3434 1031 3488 certus
1047 3434 1102 3488 est
1115 3425 1371 3507 inquisitioni
1384 3430 1487 3492 locus

301 3524 540 3600 constitutus,
555 3534 584 3588 et
598 3545 642 3588 or.
658 3527 690 3587 in
704 3533 764 3606 tog.
781 3527 863 3588 oand.
877 3527 912 3601 ll,
929 3530 942 3589 4
961 3527 1179 3609 possuntt:
1197 3548 1261 3593 me
1276 3551 1349 3614 qua
1365 3549 1485 3595 amen·

301 3629 357 3690 tia·
374 3629 541 3691 inductus
567 3638 620 3690 est
644 3637 682 3691 ut
706 3637 928 3703 contemnat,
958 3630 1182 3694 constituere
1211 3652 1296 3698 non
1324 3654 1488 3718 possunt

300 3730 413 3792 Harum
438 3730 526 3810 igitur
545 3731 679 3793 sordium
699 3739 843 3793 amatores
862 3750 900 3793 na
919 3732 988 3794 illud
1005 3734 1122 3814 quidem
1142 3734 1202 3797 sihi
1218 3738 1305 3820 eripi
1326 3739 1489 3822 patientur,

300 3833 380 3912 quod
394 3839 440 3894 est
454 3831 490 3894 de
505 3832 540 3894 N.
556 3833 589 3895 n.
604 3833 625 3909 4,
641 3836 690 3908 41,
709 3834 783 3896 116:
799 3834 858 3914 qni
873 3835 1106 3915 quamohrem
1121 3836 1282 3902 colendi
1299 3851 1408 3918 sunt,
1423 3861 1491 3905 non

300 3934 480 4014 intelligo.
494 3971 537 3981 -
562 3936 620 3997 Sed
636 3936 672 3998 de
686 3936 844 3998 modorum
860 3938 1035 4001 contusione
1050 3939 1120 4001 satis
1136 3940 1276 4006 dictum:
1301 3944 1368 4009 iarn
1381 3945 1493 4027 reliqu

300 4056 468 4119 persequar,
483 4038 617 4100 locorum
633 4038 736 4099 ordine
751 4047 874 4101 servato.

385 4141 544 4221 Capltlll,
560 4140 609 4203 32.
638 4140 856 4205 Aristoteles
881 4160 1021 4223 quoque
1045 4142 1079 4205 in
1098 4143 1212 4206 tertio
1238 4146 1290 4212 de
1317 4149 1494 4233 philoso-

298 4242 384 4322 phia
409 4244 504 4305 libro
532 4243 641 4305 multa
666 4244 797 4321 turbat,
823 4245 1034 4325 amagistro
1056 4246 1212 4310 Platone
1237 4268 1321 4316 nno
1344 4254 1495 4317 dissen-

252 4351 283 4405 18
301 4344 404 4407 tiens.
433 4345 617 4419 Haecrarha,
634 4345 659 4408 si
674 4346 713 4409 ita
723 4348 912 4429 accipiantur,
928 4356 961 4411 ut
973 4349 1019 4411 4011
1032 4349 1171 4431 loquendi
1182 4355 1351 4434 postulat,
1368 4356 1497 4423 absurda

299 4467 365 4511 esse
379 4455 515 4528 apparet3
541 4448 600 4525 sin,
620 4468 685 4513 curn
700 4450 832 4524 4400010,
852 4468 923 4513 uno
942 4451 1022 4514 idem
1037 4452 1205 4532 significare
1223 4456 1397 4539 dicamus,
1417 4458 1496 4543 quod
