3154 5138
843 432 905 498 288

296 636 395 699 quam
416 637 457 681 ne
476 620 512 681 in
531 619 668 681 somnis
686 620 826 700 quidem
850 620 963 694 rides,
988 617 1061 681 nisi
1079 634 1156 680 curn
1179 615 1272 695 pelle
1295 615 1442 695 caprina,

296 740 372 783 cum
391 723 508 797 hasta,
533 740 610 785 curn
630 724 787 799 scutulo,
812 742 890 787 cum
912 721 1081 785 calceolis
1101 718 1279 800 repandis.
1313 717 1355 780 dt
1376 734 1444 779 non

295 834 349 888 est
364 825 446 888 talis
460 825 592 905 Argivo
606 842 671 888 nec
688 827 843 891 Romana
862 827 960 888 luno.
989 825 1080 904 Ergo
1099 822 1166 886 alia
1186 820 1327 902 species
1345 820 1444 882 luno-

293 928 349 991 nis
364 928 517 1010 Argivis,
536 929 603 990 alia
618 929 824 1005 Lanuvinis,
840 930 907 992 alia
922 928 1039 991 nobis.
1068 928 1132 991 lino
1147 933 1300 1007 postrema
1312 924 1447 988 vocabula

293 1034 324 1094 in
343 1032 494 1096 codicibus
514 1031 551 1094 ad
570 1048 663 1095 unum
684 1033 822 1096 omnibus
841 1033 961 1096 dosunt:
981 1051 1050 1095 nam
1070 1033 1149 1114 qnod
1170 1033 1298 1096 Ursinus
1316 1052 1350 1096 se
1369 1033 1448 1096 eain

295 1152 350 1197 suo
365 1135 492 1216 quodam
507 1134 581 1197 libro
600 1136 801 1197 uetustissimo
821 1135 987 1216 repperisse
1005 1137 1057 1211 ait,
1077 1137 1134 1198 boe
1152 1135 1356 1199 testimoninm
1376 1137 1450 1199 nulls

294 1238 350 1299 lide
365 1238 483 1317 dignum
499 1256 566 1300 esse
581 1237 650 1300 satis
666 1247 790 1301 constat.
820 1238 896 1300 Sunt
909 1246 1007 1301 tamon
1024 1238 1103 1302 baud
1123 1238 1210 1300 dubie
1228 1239 1408 1313 necmsaria,
1426 1238 1449 1299 ei

295 1340 410 1419 quidem
426 1342 577 1422 superiora
592 1340 691 1403 omnia
705 1359 776 1403 sana
791 1360 857 1403 esse
869 1350 1034 1404 censentur.
1060 1342 1133 1403 llam
1146 1361 1240 1423 quum
1251 1351 1314 1405 tres
1327 1343 1452 1405 iunones

295 1450 471 1505 memoratae
487 1443 557 1519 sint,
577 1442 709 1523 Sospita,
729 1461 805 1523 quae
818 1444 917 1505 eadem
933 1444 1081 1507 Lanunna
1096 1453 1152 1521 est,
1171 1446 1291 1527 Argiva,
1311 1444 1452 1516 Romana,

293 1560 374 1608 nunc
392 1544 422 1606 in
441 1545 496 1608 bac
515 1546 680 1627 specierum
701 1546 921 1626 comparatione
940 1546 1017 1609 hanc
1035 1546 1150 1610 tertiam
1175 1548 1371 1629 praetermitti
1394 1564 1453 1610 non

293 1647 427 1726 potuisse
445 1656 575 1728 apparet
610 1647 691 1711 llanc
710 1648 749 1710 ob
769 1666 886 1711 causam
911 1649 1038 1713 editores
1060 1651 1190 1731 plerique
1212 1652 1286 1714 inde
1304 1671 1320 1713 a
1341 1649 1453 1713 {leusio

294 1749 483 1813 Ursinianum
514 1749 583 1813 illud
614 1749 843 1813 additamentum
873 1752 1002 1832 recipere
1030 1769 1093 1813 non
1127 1753 1313 1816 dubitarunt.
1354 1753 1457 1815 Fateor

293 1859 390 1914 tamen
409 1852 558 1933 equidem,
581 1852 689 1933 aliquid
714 1853 845 1935 scrupuli
864 1853 936 1915 milri
959 1854 1088 1917 residem
1106 1856 1143 1917 de
1163 1855 1230 1936 ipsa
1255 1856 1306 1918 illa
1326 1855 1458 1918 Romana

293 1954 418 2017 lunone:
437 1973 505 2018 nam
520 1972 623 2029 nemo,
643 1954 722 2036 quod
737 1955 841 2030 edam,
855 1956 999 2018 lunonem
1014 1964 1065 2019 ant
1078 1958 1198 2037 propria
1213 1959 1348 2039 quadmn
1363 1956 1458 2038 specie

293 2056 404 2120 Romae
434 2057 579 2138 insignem
612 2065 661 2120 aut
689 2057 739 2119 illo
771 2067 968 2139 cognomento
999 2060 1168 2140 appellatam
1201 2061 1302 2123 inisse
1332 2059 1458 2122 tradidit

244 2167 275 2219 13
294 2159 409 2233 Quodsi
423 2159 488 2242 quis
503 2168 602 2222 tanam
616 2160 786 2222 incredibile
801 2160 888 2236 dicat,
905 2162 1069 2224 Romanam
1084 2163 1160 2225 banc
1178 2163 1331 2225 lunonem
1353 2163 1390 2225 ab
1409 2162 1459 2224 ali-

292 2280 351 2343 quo
366 2270 533 2325 correctore
546 2263 690 2325 invectam
705 2282 785 2336 esse,
804 2264 930 2326 tortasse
943 2262 1042 2325 minus
1061 2264 1090 2326 id
1110 2264 1288 2329 incredibile
1306 2264 1460 2339 ridebitur,

292 2365 317 2426 si
331 2365 361 2426 in
373 2365 525 2446 superiore
536 2365 669 2429 membro
681 2384 752 2440 non,
768 2365 847 2446 quod
859 2384 939 2428 nunc
949 2367 1094 2447 vulgatum
1109 2374 1164 2442 est,
1178 2366 1283 2430 illam
1298 2378 1461 2432 nostrum

253 2510 265 2515 --
291 2467 488 2548 Sospitam,
504 2468 556 2530 sed
570 2467 609 2541 id,
624 2468 704 2548 quod
718 2468 829 2549 aliquot
844 2469 958 2531 codices
973 2468 1090 2543 babent,
1106 2469 1202 2532 illam
1219 2482 1388 2535 vestram
1401 2470 1462 2532 So·

291 2570 434 2651 spitam‚
454 2570 491 2632 ab
507 2570 554 2633 illo
569 2577 734 2632 correctore
748 2571 854 2633 lectum
875 2590 942 2633 esse
961 2580 1133 2635 statuamus.
1162 2574 1202 2635 Et
1221 2575 1346 2638 ridemur
1365 2575 1462 2656 utique

290 2672 361 2734 haec
375 2690 441 2735 vera
455 2673 549 2735 lectio.
577 2672 651 2734 Nem
665 2674 744 2753 quod
761 2674 859 2736 statim
874 2672 1004 2736 additur:
1023 2694 1124 2755 quam
1142 2675 1189 2738 l'rs
1209 2695 1404 2760 nunquam
1424 2696 1465 2740 ne

290 2775 324 2835 in
340 2776 476 2838 somnis
492 2775 629 2856 quidem
644 2774 759 2849 rides,
779 2775 853 2837 nisi
868 2794 943 2838 eum
960 2777 1050 2857 pelle
1066 2779 1213 2859 caprina
1235 2789 1316 2856 etc,
1338 2780 1463 2864 propius

291 2877 508 2958 quodammodo
524 2878 560 2940 ad
574 2877 727 2951 vellelum,
748 2878 839 2951 (hunc
852 2880 930 2941 enirn
946 2880 1027 2943 Cotta
1043 2881 1230 2961 alloquitrrr‚)
1255 2903 1350 2965 quam
1367 2885 1404 2948 ad
1419 2904 1465 2946 ce·

291 2988 370 3042 leros
386 2980 536 3061 Sospitam
550 2979 626 3041 idam
642 2979 819 3060 pertinuisse
837 2981 1029 3046 demonstrat.
1058 2983 1171 3064 Nempe
1185 2985 1319 3067 Sospita
1334 2987 1411 3050 luno
1431 2984 1466 3047 ab

290 3082 374 3144 initio
394 3082 516 3164 propria
531 3081 688 3144 Lanuvinis
709 3083 775 3157 luit,
795 3102 829 3145 ao
842 3092 944 3164 postea
963 3084 1082 3147 demum
1100 3086 1187 3149 etiam
1205 3088 1330 3154 Romae
1350 3099 1466 3171 recepte

290 3193 348 3258 est;
377 3184 517 3246 Velleium
540 3191 636 3247 autem
657 3184 839 3247 Lanuuinum
863 3186 954 3248 titisse
980 3187 1142 3267 colligimus
1163 3209 1181 3251 o
1204 3210 1234 3253 c.
1254 3192 1313 3268 28,
1329 3193 1390 3268 79,
1417 3190 1467 3254 ubi

289 3287 413 3349 Roscius
428 3288 583 3368 municeps
598 3287 662 3351 eius
677 3287 795 3350 dicitur:
817 3287 961 3368 siquidem
976 3309 1053 3363 eum,
1070 3310 1158 3371 quem
1173 3292 1219 3355 ibi
1235 3296 1408 3376 significari
1422 3295 1467 3355 vir

290 3389 409 3451 dubium
425 3409 491 3452 csse
505 3398 616 3472 potest,
636 3391 670 3465 Q.
686 3389 826 3452 Roscium
841 3392 1031 3469 comoedum,
1051 3393 1217 3457 ebenurio
1239 3398 1342 3461 brisso
1356 3398 1418 3462 Cic
1433 3397 1469 3460 de

289 3491 377 3554 divin.
396 3494 422 3567 1,
437 3492 487 3566 36,
503 3493 544 3556 ’19
560 3492 735 3569 ostendite).
762 3493 862 3573 ltaque
877 3494 903 3555 si
918 3505 1072 3558 restrum
1086 3496 1198 3573 abillo,
1214 3518 1317 3581 quern
1330 3501 1470 3574 diximus,

289 3604 454 3658 correctore
467 3595 626 3676 legebatur,
646 3597 794 3660 oliendere
808 3617 875 3660 eum
889 3608 1018 3680 poterat,
1040 3601 1120 3681 quod
1136 3603 1321 3672 Lanuvinae
1335 3607 1409 3671 huic
1422 3607 1471 3670 lu·

288 3699 359 3761 noni
371 3699 475 3779 Argiva
489 3707 614 3774 matum,
628 3700 658 3762 h.
674 3720 699 3762 e.
712 3701 866 3781 peregrina
877 3712 1087 3785 opponeretur,
1103 3706 1190 3786 quasi
1202 3709 1328 3772 nullam
1340 3708 1471 3773 Romani

287 3819 404 3883 quoque
418 3801 562 3864 lunonem
577 3801 730 3879 baberent,
751 3822 841 3884 quum
861 3807 1032 3885 praesertim
1052 3826 1122 3870 mox
1136 3809 1246 3874 lovem
1263 3812 1471 3896 Capitolinum

286 3905 445 3967 memorari
459 3904 581 3980 videret,
601 3912 630 3967 et
643 3905 673 3967 in
685 3907 788 3968 eodem
803 3924 862 3987 quo
877 3907 957 3971 illurn
976 3910 1086 3991 templo
1106 3911 1197 3974 etiam
1214 3914 1377 3979 lunonem
1397 3934 1471 3979 oon·

288 4015 431 4069 secretam
459 4026 525 4071 csse
547 4009 643 4071 sciret.
695 4007 775 4070 Hanc
795 4008 883 4089 igitur
905 4011 944 4073 ob
967 4030 1084 4075 causam
1107 4015 1163 4077 ista
1188 4016 1258 4081 duo
1281 4020 1392 4099 verba,
1410 4038 1474 4083 nec

287 4108 456 4186 Romana,
478 4110 648 4192 adscripsit,
668 4109 776 4191 quibus
798 4109 899 4175 deletis
922 4113 1010 4177 etiam
1033 4116 1081 4179 illo
1110 4118 1217 4182 Ursini
1243 4123 1472 4201 additamento,

354 4355 379 4421 9)
398 4354 478 4407 Video
496 4353 570 4405 etiam
588 4350 731 4406 lirisclrium
748 4354 766 4407 l.
782 4354 799 4406 l.
814 4371 838 4422 p.
856 4355 889 4407 to
905 4359 952 4410 boc
967 4368 1114 4425 argomento
1131 4374 1212 4415 usum
1231 4380 1300 4421 esse
1317 4370 1353 4422 ed
1366 4372 1476 4440 patrita

284 4436 378 4492 Velleii
389 4441 615 4493 demonstrantem.
