3290 5142
697 483 846 579 jz..

193 670 325 736 moenio
346 676 378 734 et
391 669 537 735 ιιεάεοάο
553 686 689 734 cruorem
703 669 843 744 fundunt,
860 670 970 734 Pboen
984 689 1012 733 ν.
1031 670 1126 749 1301,
1149 690 1239 754 (μετα
1254 673 1351 737 locum

192 793 261 839 eum
280 775 340 838 hoc
357 781 460 837 nostro
480 773 569 836 etiam
589 772 626 836 ab
641 772 792 855 Hartungo
808 773 972 855 comparari
985 774 1085 849 νὶάεο,
1105 773 1142 839 ad
1155 775 1248 857 lpbip
1263 777 1353 841 Tanr.

192 898 219 940 v.
235 879 307 941 att.
323 913 364 923 -
379 877 461 940 Idem
474 876 644 958 Hurtnngus
658 877 690 939 in
704 896 731 939 r.
751 876 827 940 174:
1114 963 1116 968 7

246 972 248 975 ’
490 978 563 1058 μῶν
582 969 652 1042 άπὸ
673 976 835 1065 θριγκούς
856 969 989 1054 εάναίας

491 1075 662 1166 ναρφηράς
683 1074 801 1167 θήσων
821 1075 955 1159 τέκνοις,

190 1184 300 1248 rectius
313 1176 485 1267 ναρφυράς
498 1184 650 1266 scripsisse
664 1184 788 1247 ridstm.
815 1184 899 1249 Corte
914 1184 1005 1249 altera
1018 1184 1152 1249 vocabuli
1166 1184 1262 1250 lorma
1276 1204 1350 1251 nns-

191 1304 280 1368 qusm
292 1285 389 1349 adhuc
398 1293 513 1368 reporta
524 1293 585 1363 est;
600 1286 721 1350 alterum
733 1306 800 1351 cum
813 1288 874 1351 oin
884 1289 1054 1369 penultima,
1071 1288 1233 1370 Hesychius
1243 1289 1349 1355 saltem

189 1396 331 1465 testatur,
348 1389 424 1471 apud
441 1408 545 1471 quem,
562 1408 655 1471 quum
668 1391 754 1471 vulgo
769 1385 935 1474 καρφνλαλ
948 1392 1091 1473 scriptum
1105 1391 1154 1466 sit,
1169 1391 1258 1473 idque
1272 1394 1350 1475 apud

190 1492 362 1574 Euripidem
387 1492 419 1555 in
440 1492 510 1555 lone
534 1500 633 1556 extare
653 1493 780 1569 dicatur,
805 1495 971 1558 litterarum
992 1494 1125 1557 ordinem
1145 1496 1296 1575 postulare
1315 1503 1350 1559 ut

188 1587 356 1679 καρφυραλ
369 1596 525 1672 scribatur,
538 1597 596 1660 um
608 1597 795 1660 Hermannus
811 1598 934 1660 monuit.
963 1597 1125 1678 Significari
1136 1596 1298 1679 Hesychius
1308 1599 1350 1663 sit

189 1693 250 1774 τάς
270 1691 307 1760 ἐκ
327 1700 392 1761 τῶν
414 1694 517 1782 ξηρῶν
538 1692 642 1775 ξύλων
662 1696 835 1781 γινομένας
850 1693 979 1773 κοίτας,
1008 1708 1037 1762 et
1052 1699 1149 1780 paullo
1164 1705 1247 1765 unte:
1269 1720 1349 1784 καρ-

108 1792 113 1799 ’
188 1794 293 1887 φάραι
323 1801 393 1876 (boc
422 1806 573 1879 accentu),
604 1800 738 1866 νοσσιαὶ
762 1798 892 1883 θάμνοι
917 1807 985 1880 (scr.
1011 1796 1162 1865 νεοσσιαὶ
1187 1795 1348 1884 θάμνων),

188 1910 367 1985 apparetque
388 1901 560 1966 vccabulum
580 1922 596 1965 a
617 1896 744 1987 κάρφος
758 1904 880 1967 ductum
895 1924 975 1981 csse,
996 1913 1030 1967 ut
1043 1905 1079 1966 ab
1095 1895 1196 1985 άγκος
1211 1893 1347 1987 άγκορα,

188 1999 333 2089 nospsos
346 1998 498 2090 κέρκορα,
519 2004 556 2067 sd
571 2023 700 2087 quorum
715 2007 882 2089 exemplum
898 2007 987 2069 suum
1002 2000 1169 2089 κάρφιρα,
1192 2022 1253 2069 non
1268 2027 1348 2088 ναρ-

188 2099 278 2192 φύρα
299 2114 350 2170 aut
369 2099 536 2192 καρρορά,
556 2106 744 2171 scribendum
764 2127 829 2171 esso
849 2107 995 2173 coniicias.
1026 2109 1102 2171 Sunt
1123 2108 1243 2190 quidem
1258 2110 1348 2173 etium

188 2209 327 2273 adiectivs
347 2209 378 2273 iu
397 2211 473 2293 ῦρῑς
488 2218 629 2292 orytona‚
654 2210 705 2272 sed
720 2211 829 2274 borum
844 2210 983 2294 pleraque
998 2228 1066 2274 cum
1080 2209 1163 2273 breui
1176 2211 1348 2292 penultima,

187 2311 345 2394 potuitque
359 2311 437 2387 fieri,
458 2319 490 2374 ut
504 2331 521 2373 s
535 2319 622 2393 poeta
637 2310 736 2391 aliquo
751 2312 839 2375 eiiam
853 2306 1022 2396 ιιαρφσρός
1035 2313 1196 2393 fingeretur
1209 2314 1246 2377 de
1260 2314 1348 2396 pullis

188 2414 285 2478 arium
299 2415 331 2476 in
344 2408 487 2500 κάρφεσι
503 2414 639 2478 nutritis:
654 2433 714 2496 quo
728 2415 855 2496 pertinet
869 2417 993 2480 fortasse
1007 2415 1141 2497 Hesycbii
1155 2416 1253 2497 glossa
1268 2411 1348 2500 κάρ-

189 2534 291 2601 φοροι
306 2513 514 2601 (supposuit)
529 2509 675 2592 νεοσσοί,
691 2516 748 2581 nisi
761 2511 941 2603 καρφάριοι
955 2518 1099 2599 scriptum
1115 2517 1178 2581 luit
1209 2519 1347 2584 Ceterum

188 2618 225 2681 ad
239 2618 401 2699 analogiam
416 2636 477 2682 non
491 2618 591 2682 mium
605 2618 692 2682 etiam
702 2614 871 2705 καρφηρός
882 2621 1004 2685 formari
1013 2620 1144 2702 potuisse
1156 2622 1348 2687 manilsstum

187 2727 247 2797 est3
272 2721 339 2795 sed,
363 2728 396 2784 ut
415 2721 489 2796 uixi,
509 2720 624 2784 nubum
642 2721 731 2784 buius
750 2722 863 2786 formae
882 2725 1052 2806 exemplum
1072 2731 1123 2788 ant
1142 2724 1345 2791 testimonium

187 2829 274 2886 extat.
289 2857 331 2869 -
346 2824 381 2886 ln
394 2823 529 2905 proximo
544 2841 630 2886 versu
649 2823 718 2897 173,

518 2921 651 3004 ψαλμοί
672 2918 705 2987 o'
730 2918 877 3010 εἴρξουσι
898 2923 1012 3007 τόξων,

187 3028 316 3099 notanda
334 3037 381 3091 est
401 3028 530 3092 vocabuli
545 3026 717 3107 significatio
732 3028 832 3091 minus
846 3029 994 3111 Frequens.
1024 3031 1134 3096 &dom
1150 3033 1347 3113 comparatio

187 3130 522 3195 Herc.lur.v.1064:
549 3124 680 3214 τοξήρει
705 3127 832 3214 ψαλμῷ
854 3126 1026 3209 τοξεύσας,
1055 3134 1177 3198 verbum
1203 3128 1347 3217 ψάλλειν

187 3241 286 3297 autem
300 3233 404 3297 Bacch.
420 3252 447 3294 ν.
464 3232 540 3294 783:
563 3227 668 3309 τόξων
686 3229 756 3318 χερὶ
770 3228 938 3316 ψάλλουσι
952 3228 1074 3316 νευράς,
1090 3237 1167 3299 etin
1180 3237 1345 3319 fragmento

186 3335 373 3418 Melanippes,
389 3328 514 3418 ψάλλιι
525 3330 617 3398 κενὸν
626 3329 779 3415 τόξευμα,
791 3336 827 3398 de
839 3355 898 3417 quo
910 3336 981 3400 elisit
991 3337 1179 3403 Hermannus
1190 3339 1299 3422 Opusc
1310 3341 1344 3415 V,

184 3456 214 3520 p.
230 3437 303 3513 203,
319 3436 463 3501 Welclreri
477 3437 691 3512 coniecturam,
707 3428 831 3516 ἰάλλει,
846 3439 1034 3520 redarguens.
1050 3475 1091 3487 -
1106 3442 1140 3505 ln
1153 3441 1344 3525 sequentibus

5 3526 6 3569 l
72 3544 75 3547 ’
185 3540 318 3605 versibus
336 3540 503 3604 tut-176

488 3632 526 3706 οὗ
548 3643 678 3720 πείσεις
697 3643 812 3728 χωρῶν
833 3636 868 3707 b
889 3638 995 3720 δίναις

484 3743 558 3820 ταῖς
580 3736 738 3831 Ἀλφειοῦ
760 3740 959 3831 παιδούργει

485 3837 508 3932 ἢ
528 3841 635 3923 νάπος
653 3838 820 3930 Ἴσθμιον.

185 3950 306 4014 offendit
330 3950 490 4014 nonnullos
510 3949 607 4013 hiatus
627 3950 660 4013 in
680 3951 739 4014 fine
758 3969 861 4014 versus
881 3952 1019 4029 secundi,
1044 3970 1133 4034 quom
1154 3960 1189 4016 ut
1207 3953 1344 4019 tollerent
1477 4038 1479 4044 Ι

185 4047 447 4138 παιάσορμήσεις
476 4053 566 4117 scribi
591 4053 768 4117 maluerunt.
804 4054 895 4136 Atqui
920 4055 952 4117 in
977 4054 1151 4118 huiusmodi
1174 4056 1343 4137 systematis

184 4153 368 4219 liberioribus
387 4156 500 4220 hiatum
520 4174 583 4220 non
602 4155 702 4219 miuus
723 4175 813 4239 quam
828 4156 970 4239 syllabam
985 4157 1142 4239 ancipitem
1157 4158 1188 4221 in
1202 4158 1262 4222 lino
1276 4177 1344 4221 vcr-

184 4273 273 4319 suum
296 4257 411 4322 licitum
437 4279 502 4323 esse
530 4260 602 4322 satis
627 4266 751 4322 consue
787 4260 897 4324 Iustior
916 4261 1040 4324 ottensio
1059 4267 1104 4323 est
1124 4261 1155 4324 in
1172 4261 1342 4325 accusativis

182 4351 291 4434 νάπος
302 4349 469 4441 Ἴσθμιον,
484 4363 536 4446 qui
549 4363 628 4428 unde
642 4362 789 4445 pendeant
802 4380 863 4425 non
877 4362 997 4426 habent.
1024 4362 1210 4429 Hermannns
1222 4364 1342 4449 quidem

183 4461 268 4538 „nisi
281 4459 390 4546 aliquid
405 4464 535 4530 excidit“
549 4465 647 4552 inquit
660 4464 713 4544 „hi
726 4464 883 4532 consevi
896 4466 1088 4531 construendi
1100 4475 1172 4532 sunt
1187 4483 1256 4532 cum
1272 4483 1342 4551 por
1380 4485 1382 4488 ⁴
