3190 5136
842 399 900 463 168

288 589 347 654 nisi
366 589 452 653 ctiam
475 590 602 671 amplius
622 587 728 671 aliquid
748 585 945 650 subaudiatur.
976 586 1045 650 Tale
1063 586 1217 651 artificium
1237 585 1447 669 interpretandi

289 711 349 755 non
366 710 466 754 vercor
481 711 518 754 ne
533 692 633 755 multis
649 691 821 773 placiturum
837 689 891 752 sit:
910 690 982 753 mihi
1002 691 1121 771 quidem
1139 708 1280 772 perquam
1295 688 1446 771 improba·

289 794 344 856 bile
358 793 480 855 videtur.
517 793 696 873 Suspicabar
714 792 868 874 aliquando
889 793 1061 879 Aeschylum
1081 792 1249 874 scripsisse:
1276 783 1308 854 ei
1330 782 1363 854 δ’
1386 780 1445 874 ἂρ’,

290 884 367 958 elev:
383 893 520 976 quodsi
535 895 584 956 ita
599 904 666 969 eet,
681 913 743 975 age
757 931 799 940 —
814 902 891 957 esto
907 930 949 940 --
963 895 1044 958 fiat!
1074 896 1149 958 Nam
1164 887 1194 958 ci
1216 887 1247 956 δ’
1270 883 1334 977 ι’ίρα
1347 893 1391 955 sic
1404 892 1446 955 el·

289 998 385 1079 liptioc
395 1004 564 1078 usurpatur,
579 997 637 1073 ubi,
653 998 724 1079 quid
736 997 966 1061 subaudiendem
978 999 1029 1074 sit,
1046 998 1275 1080 esuperioribus
1286 995 1446 1059 ebrorum

290 1119 432 1164 essenon
446 1107 557 1181 potest,
573 1110 606 1162 ut
619 1101 676 1162 hoc
690 1100 756 1162 loco
772 1092 803 1163 ei
826 1091 857 1162 d'
882 1090 947 1184 ίίρα
967 1093 1070 1179 θέμις
1091 1093 1171 1165 ἐστί.
1207 1100 1258 1162 Sic
1270 1099 1448 1163 Demosthe-

237 1225 269 1273 ιι
293 1224 346 1267 nes
364 1203 509 1285 loquitur,
529 1202 597 1266 Mid.
622 1222 652 1284 p.
673 1202 749 1278 559,
776 1202 832 1265 26:
852 1195 927 1265 ἐπεὶ
950 1199 1182 1289 περιαιρεθεὶς
1201 1197 1246 1264 cci
1265 1192 1345 1265 ὄντα
1365 1192 1450 1277 ἴσως

289 1302 350 1388 μὲν
361 1297 421 1369 οὐκ
432 1294 472 1367 dv
482 1297 628 1389 ὑβρίζοι·
644 1297 674 1367 εί
686 1296 718 1368 d'
733 1293 821 1391 ἷίρα,
836 1298 1008 1380 ἐλάττονος
1019 1296 1114 1382 ἄξιος
1128 1295 1231 1367 ἔσται.
1255 1304 1341 1367 Νοοο
1351 1312 1447 1367 autem

292 1410 364 1473 nihil
378 1409 551 1474 mutandum
567 1427 631 1471 esse
645 1408 742 1471 iudico
756 1414 874 1489 praeter
886 1426 976 1471 unam
990 1408 1131 1471 litteram:
1145 1426 1200 1490 pro
1213 1402 1273 1493 γάρ
1285 1406 1362 1469 enim
1377 1396 1447 1491 τᾶρ’

291 1512 480 1576 scribendum
495 1518 548 1573 est.
577 1510 651 1573 Nam
665 1500 751 1595 τᾶρα
765 1509 794 1572 Ιι.
811 1530 836 1572 e.
851 1506 904 1573 τοὶ
926 1500 991 1593 ίίρα
1005 1518 1174 1592 usurpetur,
1188 1510 1239 1573 ubi
1253 1509 1359 1590 aliquid
1375 1528 1449 1572 cou-

291 1633 419 1698 sequens
431 1634 497 1677 esse
512 1633 578 1676 cum
594 1614 718 1695 quadmr
733 1613 949 1676 asseveratione
962 1614 1097 1695 ponitur,
1117 1621 1152 1676 ut
1164 1614 1223 1676 hoc
1236 1612 1317 1677 loco:
1337 1631 1450 1694 quan·

291 1718 481 1799 doquidem
497 1719 549 1779 fas
565 1724 619 1779 est
633 1714 852 1778 sacrificium
864 1715 1079 1779 abcxercitu
1092 1716 1267 1796 flagitari,
1282 1735 1368 1797 ergo
1383 1736 1451 1798 op-

292 1823 438 1884 tandum
452 1827 507 1883 est
521 1827 631 1895 certe,
647 1828 684 1881 ut
697 1818 785 1882 bene
800 1818 947 1881 eveniat
977 1822 1072 1895 Quem
1086 1809 1246 1902 ιιοροιίίρ
1261 1826 1291 1881 et
1305 1815 1366 1904 γάρ
1381 1837 1451 1900 per·

291 1933 440 1988 mutentur
455 1943 471 1985 a
484 1922 608 1986 librariis
623 1940 711 1985 nemo
726 1921 828 1984 nescit.
857 1923 900 1985 ct
914 1910 1038 1985 utendt
1053 1922 1121 1985 ter.
1138 1921 1231 2003 Soph.
1250 1923 1265 1984 1
1282 1941 1311 2004 ρ.
1327 1921 1400 1985 215.

375 2028 409 2088 ln
424 2027 582 2108 postremis
597 2026 685 2089 liuius
701 2025 805 2088 cantici
819 2024 929 2101 verbis,
942 2044 967 2086 v.
984 2026 1056 2088 240.

491 2124 628 2192 πέλοιτο
656 2118 689 2190 d'
716 2114 772 2192 οὗν
792 2117 879 2190 ια’πί
900 2120 1069 2191 τούτοισιν
1090 2118 1260 2212 ιῗίπραξις,
1287 2117 1333 2202 ὥς
1353 2119 1452 2190 θέλοι

491 2220 565 2294 τόδ’
589 2219 775 2313 ἷίγχιστον
788 2221 913 2305 Ἀπίας
928 2221 1026 2311 γαίας
1045 2224 1275 2319 μονόφρουρον
1296 2226 1402 2320 ἕρκος,

294 2334 364 2416 quid
385 2334 423 2396 sit
447 2334 517 2397 illud
536 2323 692 2416 ἄγχιστον
707 2327 804 2418 ἕρκος
821 2350 884 2396 nou
898 2333 1036 2414 intelligo.
1075 2334 1232 2399 Schdtaius
1249 2337 1367 2418 quidem
1382 2357 1454 2403 cum

293 2438 355 2500 eliis
370 2437 629 2519 Clytaemnestram
643 2435 789 2517 designari
804 2444 920 2517 putans,
935 2436 1067 2512 „chorus
1074 2441 1091 2469 “
1107 2436 1202 2518 iuquit
1216 2439 1275 2514 „de
1289 2441 1389 2520 regina
1404 2441 1452 2504 lo·

294 2541 405 2622 quitur,
421 2559 510 2622 quam
526 2538 677 2621 propius
689 2539 725 2601 ad
742 2559 775 2601 se
786 2538 1043 2601 accedereridet“
1065 2540 1102 2602 tt
1113 2540 1316 2623 quicunquam
1326 2543 1451 2607 eltenrm

291 2642 415 2725 propius
430 2643 616 2707 accedentem
637 2642 808 2706 huiusmodi
826 2641 982 2717 adiectiro‚
1003 2642 1180 2724 superlativo
1195 2646 1381 2726 pracsertim,
1395 2646 1451 2709 de-

293 2744 438 2827 signavit?
482 2744 659 2808 Scholiastes
683 2739 724 2808 τὸ
745 2740 934 2829 συγγενικόν
961 2745 1184 2825 interpretatur,
1213 2748 1384 2829 videturque
1413 2749 1452 2812 de

293 2851 412 2912 senibus
438 2849 587 2929 accepisse
611 2856 705 2912 terrae
724 2848 832 2929 ipsius,
856 2866 943 2929 quam
964 2854 1096 2924 tuentur,
1119 2856 1221 2930 utpote
1245 2850 1355 2931 patriae
1380 2871 1453 2916 suae

293 2954 376 3034 quasi
391 2951 533 3034 proximis
549 2951 690 3031 cognatis.
724 2949 925 3014 Blomlieldius
940 2958 1041 3013 contra
1056 2970 1108 3014 eos
1124 2951 1269 3035 designari
1288 2956 1393 3030 (redit,
1414 2957 1451 3020 ed

294 3076 369 3137 quos
380 3055 502 3117 absente
510 3074 580 3134 rege
587 3054 660 3116 haec
669 3052 758 3115 tutela
765 3052 900 3132 proxime
908 3053 1058 3133 pertineat.
1084 3054 1118 3116 ln
1131 3074 1248 3119 cassum
1258 3057 1451 3140 laborantqui

292 3159 434 3240 explicare
441 3155 652 3237 inexplicabilia
663 3155 767 3237 quovis
778 3156 869 3218 modo
882 3166 1033 3220 conantur.
1049 3157 1208 3240 Aeschylus
1220 3161 1339 3242 scripsit
1352 3153 1453 3225 ιῖίπι-

292 3279 383 3339 οταν,
403 3259 483 3323 trude
509 3248 668 3333 ίίπισιον,
695 3257 764 3320 hinc
790 3248 945 3342 ίίγγιονον
970 3269 998 3322 et
1018 3250 1173 3343 ὅγχιοτον
1192 3269 1290 3326 ortum
1309 3273 1363 3328 est
1392 3265 1452 3329 lle·

294 3364 412 3443 signant
426 3369 523 3425 autem
537 3360 585 3423 his
600 3359 695 3422 verbis
712 3379 799 3424 senes
814 3372 909 3425 semet
924 3362 993 3443 ipsi,
1017 3371 1119 3444 utpote
1133 3365 1253 3428 absente
1266 3367 1329 3447 regi
1343 3366 1399 3430 soli
1414 3368 1451 3431 ad

293 3476 398 3529 terram
418 3465 555 3527 tuendam
576 3480 634 3526 una
653 3481 721 3526 cum
740 3464 840 3543 regina
854 3464 953 3527 relicti.
983 3466 1021 3527 Et
1034 3467 1199 3549 comparari
1213 3468 1364 3551 aptissime
1376 3489 1452 3552 pos·

292 3578 363 3631 sunt
388 3587 454 3631 cum
474 3568 529 3630 illis
548 3567 705 3630 Persarum
725 3565 858 3644 senibus,
877 3567 927 3648 qui
949 3586 966 3629 a
986 3567 1082 3631 Xerxe
1095 3570 1128 3633 in
1142 3572 1245 3634 Persic
1259 3572 1349 3635 relicti
1364 3591 1451 3637 curas

293 3691 362 3736 suas
384 3680 413 3733 et
432 3670 552 3733 consilia
567 3688 635 3731 cum
650 3670 758 3732 Atussa
773 3668 1003 3746 communicent,
1021 3670 1136 3753 ipsique
1151 3672 1187 3736 de
1201 3693 1233 3742 se
1248 3673 1350 3738 dicunt
1369 3670 1453 3741 τάδε

294 3767 354 3855 μὲν
367 3760 505 3857 Περσῶν
526 3806 568 3817 -
589 3764 697 3834 πιστὰ
711 3767 872 3836 καλεῖται.
917 3773 993 3836 Nam
1006 3774 1087 3855 quod
1101 3775 1287 3841 llermmnus
1301 3777 1348 3842 his
1363 3778 1452 3860 trgi·

293 3878 335 3940 ris
351 3876 463 3951 obiicit,
479 3874 616 3937 stolidam
627 3881 657 3936 et
666 3874 869 3956 importunam
883 3895 948 3938 csse
963 3876 1166 3954 iactationem,
1186 3880 1211 3942 si
1226 3873 1454 3967 μονόφρουρον

294 3974 389 4065 ἕρκος
406 3998 438 4042 se
458 3978 569 4056 dicant,
590 3978 640 4059 qui
659 3979 757 4060 paullo
777 3988 844 4042 ante
867 3984 910 4060 (v.
933 3979 989 4060 82)
1006 3980 1063 4063 ipsi
1079 4000 1112 4043 se
1127 3971 1204 4067 ίναρ
1225 3974 1455 4071 ἦμορόφανιον

293 4073 439 4145 ἅλαίνειν
460 4081 599 4145 dixerint:
627 4099 688 4144 non
714 4085 859 4165 reputavit
877 4084 987 4148 scilicet
1006 4085 1048 4147 vir
1063 4103 1214 4161 summus,
1234 4086 1283 4149 illo
1303 4086 1369 4150 loco
1384 4095 1452 4152 tan-

292 4186 446 4247 tummodo
462 4186 498 4247 de
511 4186 613 4249 bellico
628 4185 735 4249 robore
750 4205 917 4250 sermonem
932 4189 1038 4252 luisse:
1052 4189 1111 4252 hoc
1121 4207 1186 4252 sese
1197 4208 1295 4252 carere
1306 4190 1453 4258 (tumme.

294 4289 329 4351 ad
358 4307 439 4352 arma
465 4288 590 4368 gerenda
614 4287 769 4366 invalidos,
793 4309 956 4372 puerorum
980 4290 1113 4374 adeoquo
1132 4293 1304 4356 umbrarum
1329 4292 1452 4357 similes.

292 4391 390 4453 Nihilo
405 4390 503 4453 minus
513 4397 610 4453 tamen
624 4391 712 4455 iidem
728 4392 851 4455 consilio
866 4393 937 4456 setis
952 4394 1047 4457 valere
1060 4403 1197 4476 possunt,
1212 4403 1242 4459 et
1255 4403 1289 4458 ut
1302 4389 1455 4480 πρόβου-
