3222 5148
666 497 818 595 Q

160 701 223 748 non
258 684 356 747 solnm
385 682 450 746 lovi
484 682 609 746 fulmina
642 683 694 746 sed
727 685 817 747 etium
854 682 992 765 Neptuno
1027 683 1209 759 tridentem,
1249 683 1321 747 Plu·

161 787 226 850 toni
256 784 368 866 gdeam
400 784 558 847 fabricasse
590 785 684 848 diotos
716 803 783 847 esse
799 786 858 864 ι4).
914 785 1099 865 Quamquam
1131 786 1168 848 de
1194 785 1322 848 tridente

162 888 393 953 oentroversiem
408 886 580 968 Cyelopibus
594 887 748 949 Telchines
763 890 947 960 moverunt,¹
956 887 986 965 ⁶)
1000 894 1028 950 et
1043 887 1101 968 ipsi
1113 887 1185 950 Jove
1199 887 1323 968 eiusque

162 990 303 1054 trabibus
317 989 510 1071 antiquiores,
531 989 640 1073 quippe
659 988 710 1069 qui
732 991 820 1054 etiam
843 990 949 1054 ialeem
965 992 1094 1054 Saturno
1108 990 1323 1060 fabricaverint,

163 1110 221 1175 qua
236 1093 261 1154 is
276 1092 367 1173 patris
382 1091 460 1154 Caeli
474 1090 609 1171 genitalia
624 1090 850 1168 demessuit-¹⁰)
885 1093 944 1154 Sed
959 1093 1114 1156 Telchines
1128 1095 1177 1156 isti
1191 1091 1323 1156 Rhodio-

162 1212 231 1258 rum
246 1194 374 1256 maxime
389 1200 420 1254 et
434 1191 617 1255 Cretensium
632 1212 667 1255 ae
681 1193 854 1276 Cypriorum
869 1194 975 1257 tabulis
989 1194 1221 1267 celebrabantur,
1243 1194 1323 1257 ride·

163 1303 272 1378 turque
298 1295 380 1375 erigo
403 1311 506 1355 eorum
522 1312 538 1354 e
552 1292 744 1368 Phoenicum,
769 1296 820 1377 qui
845 1297 915 1358 olim
938 1297 991 1358 has
1016 1298 1127 1360 insudas
1153 1303 1323 1367 tenuerunt,

109 1472 114 1479 ,
164 1397 343 1480 mythologia
366 1395 528 1476 repetenda
552 1397 694 1475 esse,¹⁷)
725 1396 866 1479 Cyclopes
894 1406 993 1461 autem
1020 1399 1137 1462 Graecis
1161 1416 1325 1479 eorumque

166 1501 296 1582 eognatis
311 1499 427 1561 Asianis
442 1498 534 1578 megs
548 1497 660 1580 proprii
674 1498 765 1562 fuisse
780 1500 925 1573 videntur,
947 1519 1099 1582 quumque
1114 1501 1155 1562 illi
1169 1500 1325 1562 ealliditate

165 1621 201 1666 eo
219 1600 329 1663 malitia
347 1600 476 1680 insignes
495 1606 527 1660 et
549 1599 728 1678 magicarum
752 1620 870 1681 quoque
890 1603 999 1664 artium
1015 1601 1114 1683 periti,
1141 1611 1172 1665 et
1192 1601 1325 1683 quamvis

165 1705 278 1784 ingenti
297 1702 415 1775 robore,
441 1719 566 1782 eorpore
591 1710 691 1763 tamen
712 1704 816 1784 exiguo
836 1713 868 1766 et
886 1705 948 1766 lere
968 1703 1145 1784 pumiliones
1164 1711 1273 1776 essent,
1295 1703 1327 1765 bi

166 1814 270 1870 eontra
285 1806 315 1864 in
329 1802 495 1882 gigantibus
510 1802 686 1865 numumdi
700 1814 779 1879 sunt,
792 1823 809 1868 a
821 1807 925 1868 esteris
937 1806 1069 1868 eiusdem
1081 1806 1195 1885 generis
1206 1805 1327 1867 nornine

167 1908 260 1987 magis
274 1923 363 1985 quam
378 1916 482 1966 natura
496 1903 625 1966 disereti.
669 1907 764 1987 Atque
784 1907 856 1970 hino
875 1907 1000 1970 tortasse
1015 1906 1085 1970 illud
1100 1924 1220 1988 quoque
1234 1905 1327 1987 expli-

169 2006 296 2072 eodum
319 2015 373 2077 est,
398 2004 477 2085 quod
498 2006 635 2068 nonnulli
656 2026 708 2069 eos
722 2028 739 2070 e
753 2009 877 2071 Thracia
895 2009 1105 2089 repetiverunt,
1131 2025 1220 2088 mam
1239 2007 1327 2069 etiam

167 2110 319 2192 gigantum
345 2107 445 2168 sedem
462 2106 596 2168 amultis
620 2107 751 2170 habitam
779 2110 871 2172 tuisse
897 2110 1078 2184 eonstat.¹⁶)
1122 2109 1163 2170 lle
1178 2110 1329 2188 gigantum
1435 2116 1438 2123 ’

168 2222 269 2276 autem
284 2217 389 2273 natura
407 2217 439 2272 et
452 2210 573 2271 notione
587 2212 716 2289 genuina
730 2211 802 2273 satis
817 2229 898 2274 nune
911 2212 988 2274 inter
1001 2210 1112 2293 peritos
1128 2219 1263 2273 constare
1280 2229 1329 2272 ar·

168 2309 328 2387 bitror,¹⁹)
347 2310 419 2374 nihil
436 2308 515 2374 aliud
537 2311 675 2394 primitus
698 2312 806 2375 borum
827 2314 962 2396 persenis
982 2313 1178 2394 signifioutum
1193 2330 1258 2374 esse
1273 2312 1330 2375 nisi

168 2419 245 2480 vires
260 2413 402 2497 quasdam
416 2421 539 2495 naturae
553 2412 764 2476 immoderatas
783 2421 873 2495 atque
890 2415 1051 2477 indomitas
1067 2414 1174 2494 partim
1190 2414 1330 2476 caelestes

169 2527 258 2600 atque
280 2517 373 2579 aerius
392 2516 500 2597 partim
519 2514 682 2578 maritimas
700 2517 810 2596 partim
829 2523 994 2589 terrestres,
1014 2534 1089 2597 quae
1104 2517 1135 2577 iu
1149 2515 1331 2596 tempestati·

170 2624 227 2687 bus
252 2620 445 2700 violentisque
470 2635 574 2682 earum
600 2618 823 2690 mutationibus,
849 2620 881 2681 ln
907 2617 1051 2700 proediis,
1078 2626 1174 2679 terrae
1200 2616 1331 2679 motibus

169 2723 377 2803 montiumque
390 2720 608 2801 ignivomorum
623 2720 839 2800 eruptionibus,
855 2722 885 2783 in
897 2721 1033 2783 ductibus
1045 2723 1077 2782 et
1086 2718 1332 2782 exundationibus

170 2843 314 2908 aquarum
333 2822 565 2895 dominarentur,
592 2838 744 2904 quumque
763 2824 887 2903 modum
904 2831 993 2905 atque
1013 2823 1149 2886 ordinem
1169 2821 1332 2902 legitimum

167 3021 396 3097 χειρογᾶστορες,
407 3015 455 3077 οἶα
462 3024 651 3095 χειροτέχναι.
662 3020 724 3076 -ὂ
737 3023 877 3093 distribue
888 3026 1067 3097 τερατολογεῐ
1076 3026 1124 3089 τῆς
1135 3022 1258 3095 γαστρὸς
1269 3018 1332 3075 &i-

171 3127 230 3181 orp
241 3108 333 3164 αὐτῶν
344 3108 532 3180 instrepentem
543 3107 593 3167 uic
600 3113 707 3178 χεῖρας.
731 3106 788 3162 ὑπὸ
801 3106 906 3164 τούτων
916 3110 997 3181 ysaie,
1009 3110 1091 3181 φασὶ,
1102 3109 1159 3162 τῶν
1167 3103 1334 3161 Κυκλώπων

171 3196 316 3267 ἐτειχίσθη
328 3195 360 3249 τὰ
375 3191 481 3267 Ἄργος,
493 3189 546 3263 οὐχ
557 3186 616 3247 ὑπὸ
628 3194 686 3247 sois
696 3196 859 3259 Σικελικῶν,
872 3186 917 3254 οἷς
927 3190 1012 3248 οὐδὲν
1023 3192 1121 3247 κοινὸν
1130 3190 1203 3266 πρὸς
1211 3190 1334 3256 τούτους,

169 3286 245 3355 τρεῖς
262 3278 345 3342 ὄντας
360 3275 376 3347 ἢ
393 3277 465 3335 ἑπτὰ
481 3275 551 3332 κατά
568 3295 659 3343 τινας,
676 3264 717 3332 sis
732 3276 839 3346 ἑκάστῳ
856 3270 896 3337 εἷς
914 3274 1066 3349 ὀφθαλμὸς
1077 3274 1198 3332 issaram
1208 3271 1333 3347 μετώπῳ

170 3367 241 3422 κατὰ
259 3365 405 3421 Ἡσίοδον.

242 3454 284 3518 11)
301 3449 450 3521 Apollodor.
462 3448 482 3512 l,
494 3448 520 3513 2,
531 3449 551 3515 l,
562 3448 587 3501 2.

242 3540 285 3601 lb)
303 3537 447 3591 Callimedis
456 3537 540 3606 hymn
551 3535 577 3589 iu
587 3534 645 3587 bol
654 3550 680 3586 v.
688 3533 719 3585 al
728 3549 736 3585 1
745 3527 812 3602 ἄορι
821 3528 991 3600 τριγλόχινι,
1000 3527 1034 3585 τό
1043 3531 1073 3585 οἱ
1083 3525 1335 3599 nigimfredus.

243 3624 284 3684 lb)
303 3623 387 3675 Strub.
400 3622 461 3674 XlV
473 3638 496 3690 p.
510 3621 568 3673 654.
580 3620 697 3672 Eustatb.
710 3617 741 3669 ud
754 3618 860 3689 Dionys.
871 3615 971 3681 Perleg.
985 3614 1044 3666 sot.

244 3709 285 3772 17)
303 3704 342 3761 ci.
355 3707 486 3774 Spaubem.
499 3707 531 3758 ad
544 3703 642 3758 Gallim.
656 3707 680 3758 l.
693 3705 720 3757 iu
731 3702 786 3756 Del.
800 3718 823 3769 p.
837 3702 888 3754 404
899 3701 961 3753 Ero.
973 3698 1068 3765 lloeok,
1081 3698 1159 3752 Cret·
1171 3699 1181 3751 l
1193 3714 1218 3765 p.
1231 3699 1336 3766 ddbsqq.

174 3793 287 3847 Loboek.
299 3792 356 3860 Agl.
370 3809 394 3862 p.
410 3792 529 3859 lldlsqq.

126 3908 133 3917 ·
245 3879 286 3944 18)
304 3877 422 3943 Apollod.
434 3876 453 3941 l,
465 3876 490 3943 d,
504 3877 526 3928 1.
537 3875 641 3927 moder.
654 3872 697 3938 lv,
712 3871 790 3939 lm,
803 3872 844 3924 71.
857 3870 964 3922 Pausan.
976 3869 996 3935 l,
1007 3869 1051 3934 25,
1062 3868 1087 3920 2.
1095 3865 1149 3931 vll,
1161 3866 1204 3932 29,
1216 3868 1241 3918 2.
1251 3867 1336 3919 Sobel.

173 3963 256 4033 Apoll.
270 3964 316 4018 ltu.
329 3961 369 4027 ΙΙΙ,
381 3961 441 4013 234.

245 4050 286 4115 19)
305 4050 363 4103 Vld.
384 4045 506 4112 imprimis
521 4044 564 4096 Fr.
583 4043 721 4097 Wieseleri
738 4042 945 4096 dissertationem
963 4041 994 4091 de
1006 4038 1151 4105 gigantibus
1168 4052 1264 4089 summa
1281 4052 1337 4089 eum

174 4137 319 4191 eruditione
336 4142 363 4186 et
379 4132 526 4185 subtilitate
545 4130 681 4194 seriptum,
702 4128 728 4180 in
748 4127 886 4198 Eoeyelop.
904 4126 969 4178 Litt.
985 4132 1012 4177 et
1027 4124 1097 4176 Artt.
1114 4123 1181 4176 Soet.
1202 4123 1214 4174 1
1234 4124 1287 4173 vol.
1304 4122 1336 4173 67

176 4240 200 4291 p.
214 4220 367 4275 111-184.
390 4217 488 4270 Similis
504 4224 588 4268 sutem
606 4230 678 4282 quam
696 4216 762 4281 opud
779 4214 894 4266 Graecos
911 4213 1040 4279 gigantum
1054 4217 1144 4263 natura
1156 4209 1231 4260 atim
1244 4208 1270 4259 lu
1283 4221 1336 4259 ma·

174 4310 258 4362 iorum
270 4315 415 4360 nostrorum
424 4303 609 4355 Germanorum
620 4299 715 4352 tabulis
727 4309 841 4365 apparet,
853 4299 885 4350 de
897 4298 986 4366 quibus
997 4302 1117 4349 accurate
1131 4309 1209 4361 nuper
1221 4293 1339 4362 exposuit

178 4391 347 4445 Woluboldus
363 4390 389 4441 in
406 4388 500 4441 llalstt.
513 4387 591 4441 bend.
603 4386 711 4440 vindob.
724 4383 967 4453 (Sitznngsberiellte
981 4383 1008 4435 d.
1024 4381 1050 4435 b
1066 4382 1091 4433 k
1104 4380 1153 4433 Ab.
1170 4382 1195 4432 d.
1207 4380 1263 4445 W.)
1280 4394 1337 4431 uun.

178 4476 245 4531 1⁸58
256 4475 331 4529 Febr.
343 4490 369 4540 p.
380 4474 430 4528 226
437 4489 491 4543 sqq.
