3284 5152
827 461 975 559 A

323 646 407 728 πρὸς
421 652 486 712 τοῖν
507 643 668 735 piltonae
683 639 822 726 ἔκγονον
837 636 980 711 diniaco.
1005 649 1053 727 qni
1070 664 1180 721 semus,
1197 649 1264 711 licet
1279 649 1403 714 fortasse
1418 671 1478 714 non

320 756 384 816 sine
399 772 486 817 cansa
501 773 517 816 a
533 750 639 815 criticis
654 747 828 829 quibusdam
844 748 874 810 in
891 748 1089 830 suspicionem
1104 754 1233 823 vocatas,
1249 751 1313 812 sine
1328 752 1418 816 dubio
1432 761 1479 815 ta-

321 875 389 919 men
405 877 421 920 a
437 863 533 919 velere
552 851 680 936 quodam
708 867 769 912 noa
799 851 919 914 indocto
942 852 1153 933 interpolatore
1176 853 1305 916 insertus
1320 855 1411 919 rideri
1425 855 1479 918 de·

320 958 409 1021 bebit.
453 958 490 1021 Et
504 958 631 1020 afferunt
644 972 714 1015 eum
731 961 842 1015 veteres
856 953 976 1033 quidam
993 954 1185 1034 grammatici,
1202 955 1371 1036 superlativi
1382 958 1479 1020 forma

321 1077 381 1122 naa
397 1060 511 1124 cilensi.
554 1057 617 1120 via.
634 1055 759 1117 Lobech.
776 1072 884 1117 comm.
900 1074 929 1137 p.
948 1055 1018 1116 371.

405 1162 439 1224 ln
467 1163 617 1242 gigantum
634 1176 730 1241 pugna
753 1158 891 1222 mulieres
908 1158 1037 1238 primum
1060 1156 1219 1221 Minervam
1242 1160 1481 1225 animadvertunt

321 1264 466 1327 Encelado
481 1263 695 1328 imminentem.
740 1250 741 1253 ¹

622 1358 788 1437 Λεῦοοεις
810 1350 867 1424 οὖν
889 1354 946 1424 ἐπ’
965 1353 1149 1446 Ἐγκελάδῳ

621 1461 803 1547 γοργωπὸν
826 1458 1016 1527 πάλλουσαν
1036 1456 1123 1541 iam

322 1571 371 1634 Sic
385 1572 465 1633 enim
481 1571 510 1633 in
526 1569 675 1633 codicibus
702 1569 819 1650 legitur,
846 1584 907 1629 non
929 1563 1111 1649 γοργῶπιν,
1138 1569 1219 1649 quod
1244 1586 1297 1631 cur
1317 1568 1480 1631 altanoisia

320 1672 463 1754 scriptum
489 1672 527 1735 sit
551 1671 661 1734 nescio.
714 1670 787 1732 Nam
812 1669 977 1731 subiectum
1000 1668 1118 1749 quidem
1143 1670 1287 1750 participii
1312 1688 1372 1733 nou
1397 1672 1482 1735 lacile

320 1774 476 1855 quisquam
493 1773 522 1834 iu
538 1773 673 1836 hocloco
690 1772 904 1834 desideraverit.
949 1771 994 1832 ln
1011 1772 1100 1832 movit
1117 1790 1194 1843 eum,
1210 1773 1290 1854 quod
1306 1771 1481 1855 γοργωπὸν

319 1872 465 1938 Minervae
478 1882 596 1937 scutum
612 1874 643 1935 in
657 1874 889 1955 gigantomachia
905 1873 993 1936 tribui
1008 1891 1067 1935 non
1082 1892 1170 1955 posse
1184 1875 1316 1949 credidit,
1338 1877 1479 1958 quoniam

319 1977 349 2038 in
375 1976 430 2037 hac
455 1975 518 2058 ipsa
543 1975 662 2038 demum
691 1994 786 2057 pugna
811 1975 980 2056 Gorgonem
1000 1975 1126 2038 blinerva
1152 1975 1332 2040 interfecisse
1357 1979 1479 2061 eiusque

318 2080 424 2161 pellem
450 2079 611 2142 detractam
638 2096 698 2140 non
724 2086 808 2141 scuto
834 2078 885 2141 sed
911 2078 1024 2140 thoraci
1051 2078 1189 2140 indidisse
1211 2078 1317 2143 dicitur
1336 2099 1363 2142 v.
1390 2080 1480 2144 1008.

322 2179 427 2246 ltili?
442 2182 530 2263 Atqui
546 2177 721 2264 γοργωπὸν
735 2191 851 2245 scutum
875 2182 931 2243 dici
952 2180 1047 2263 potuit
1062 2181 1177 2243 etiamsi
1193 2182 1305 2244 ncillam
1322 2182 1353 2244 in
1366 2204 1402 2247 eo
1419 2193 1481 2248 crat

319 2285 513 2367 Gorgonium,
528 2284 656 2365 generab
670 2284 881 2365 significatione
897 2282 1043 2355 vocabuli,
1066 2284 1150 2346 caius
1164 2284 1296 2365 exempla
1311 2285 1405 2349 ubivis
1427 2305 1479 2348 ex·

319 2392 392 2449 taut.
416 2387 453 2448 m
467 2387 494 2448 si
508 2386 635 2450 maxime
651 2387 718 2467 quis
731 2386 768 2449 de
783 2385 931 2466 Gorgonio
947 2384 1136 2465 cogitandum
1154 2405 1219 2448 esse
1234 2388 1401 2462 contendat,
1419 2388 1479 2451 dis-

319 2507 438 2571 crepare
458 2489 576 2571 quidcm
598 2491 678 2552 hunc
699 2490 796 2551 locum
818 2507 885 2551 cum
906 2488 998 2553 altero
1018 2487 1188 2563 fatebimur,
1208 2490 1259 2551 sed
1282 2490 1480 2555 incredibilem

318 2593 395 2656 banc
409 2593 633 2674 discrepantiam
648 2610 712 2656 esse
727 2590 908 2671 negabimus,
925 2608 1073 2653 memores
1088 2589 1206 2653 alterius
1220 2592 1318 2673 paullo
1338 2593 1479 2675 insignio-

317 2696 368 2768 ris,
384 2695 420 2757 de
436 2713 493 2775 qua
508 2695 539 2757 in
554 2695 646 2757 schol.
669 2695 704 2757 ad
726 2693 839 2775 prolog.
854 2712 882 2775 p.
899 2694 940 2755 50
962 2693 1073 2755 dictam
1096 2682 1150 2754 est.
1166 2727 1209 2738 —
1221 2683 1315 2755 ’Ίιυν
1336 2694 1393 2757 hoc
1415 2696 1481 2760 loca

319 2798 483 2879 aegidem
499 2816 563 2860 esse
585 2804 714 2879 apparet,
737 2814 794 2877 qua
816 2812 960 2858 concussa
983 2803 1128 2858 terrorem
1151 2795 1320 2859 adversariis
1342 2797 1421 2861 iniici
1443 2818 1478 2860 ex

317 2900 572 2964 Homeronotum
595 2907 648 2961 est.
693 2899 756 2961 lid.
773 2899 803 2960 ll.
820 2899 866 2973 lV,
887 2898 955 2959 167.
971 2898 1031 2971 XV,
1048 2896 1120 2960 230.
1138 2897 1209 2959 321.
1253 2900 1392 2962 Formam
1415 2898 1478 2963 eius

316 3004 441 3066 artilloes
461 3001 583 3065 rotundi
602 3000 679 3064 sculi
700 3000 826 3062 similem
848 3000 957 3081 lingere
980 3001 1122 3062 solebant.
1167 3000 1211 3062 Cf.
1231 3001 1322 3082 Hepn.
1339 3002 1375 3065 ad
1390 3003 1422 3065 ll.
1440 3002 1476 3075 11,

317 3105 391 3177 448,
419 3113 449 3167 et
479 3105 529 3186 qui
555 3121 650 3183 nuper
674 3109 807 3166 accurate
829 3101 865 3163 de
891 3102 991 3181 aegide
1018 3101 1154 3165 dixerunt
1172 3103 1245 3165 Lud.
1263 3104 1413 3187 Stephani,
1441 3104 1477 3166 de

315 3207 451 3288 Apolline
466 3204 639 3268 boedromio
653 3224 683 3285 p.
701 3204 751 3265 33.
769 3204 829 3276 36..
846 3212 876 3265 et
890 3204 969 3266 Frid.
987 3204 1136 3267 Wieseler.
1152 3206 1180 3267 d.
1194 3205 1286 3288 bpoll.
1299 3207 1476 3287 Strogaaoil.

315 3329 344 3392 p.
360 3308 401 3372 39
416 3326 458 3388 sq.
503 3307 680 3370 Enceladum
700 3315 799 3369 auum
819 3307 851 3369 in
869 3307 1099 3388 gigantomachia
1115 3308 1259 3372 Minervae
1273 3309 1474 3372 adversarium

315 3409 406 3473 luisse
421 3410 552 3491 plerique
567 3409 758 3471 tradiderunt.
805 3409 865 3471 Vid.
881 3408 1008 3471 boechh.
1025 3410 1042 3471 l.
1059 3410 1078 3470 l.
1095 3431 1123 3492 p.
1143 3410 1212 3473 teo.

404 3512 464 3573 lam
479 3510 566 3574 aliam
581 3511 829 3592 gigantomachiae
843 3520 957 3591 partem
973 3512 1119 3574 intuentes
1141 3512 1279 3576 muheres
1293 3513 1476 3578 exclamant:

619 3614 653 3679 ri
674 3609 746 3695 γάρ,
769 3609 924 3694 κεραυνὸν
1156 3628 1158 3633 ·

617 3707 808 3800 α’μφλπυρον
831 3707 971 3799 ὄβριμον
993 3710 1026 3779 ἐν
1048 3712 1132 3791 Διὸς

619 3809 812 3899 ἑκηβόλοισι
834 3816 950 3899 χερσίν.

317 3920 366 3981 Sic
385 3919 463 3980 enim
486 3919 726 3981 commodissime
746 3919 776 3980 hi
798 3919 943 3993 versiculi,
973 3938 1048 4001 quos
1076 3919 1122 3982 alii
1145 3921 1227 3983 aliter
1250 3922 1436 3994 ordinarunt,
1459 3940 1476 3984 a

316 4020 447 4083 Nauckio
463 4030 493 4082 ct
507 4021 688 4083 llirchbolllo
700 4020 830 4102 discripti
846 4022 990 4097 videntur,
1006 4022 1144 4103 rhythmo
1159 4024 1299 4095 iambico,
1315 4030 1348 4086 ul
1361 4024 1477 4105 primus

315 4124 353 4187 sit
368 4130 554 4186 monometer
569 4124 697 4202 hyperc,
713 4122 786 4185 alter
797 4122 921 4185 dimeter
931 4129 1014 4197 acal,
1030 4124 1134 4188 tertius
1146 4125 1271 4188 dimeter
1282 4126 1476 4189 catalecticus.

316 4217 524 4310 Ἅμφίπυρον
546 4218 699 4307 κεραυνόν
724 4225 806 4300 dicit,
842 4234 874 4288 ut
905 4223 1055 4311 φλογμόν
1077 4217 1270 4313 ἀμφίπυρον
1297 4228 1329 4291 in
1357 4228 1477 4293 Hecuba

315 4348 342 4390 ν.
358 4330 429 4401 474,
445 4336 475 4389 et
489 4321 630 4411 βρόντιιν
651 4318 854 4413 ἀμφίπυρον,
876 4329 971 4392 0rest.
996 4349 1022 4392 v.
1040 4329 1111 4392 559.
1131 4366 1163 4373 ω·
1181 4330 1353 4412 ignoscunt
1374 4336 1475 4395 autem

315 4430 452 4495 mulieres
467 4429 557 4493 enan
572 4430 770 4495 adversariam
785 4432 862 4493 loris
876 4431 1000 4495 humine
1015 4436 1211 4514 prostratum:
