3164 5138
800 413 1002 510 .,.‚.²-⁴..-„

319 615 390 690 post
412 606 540 688 primaru
564 604 627 667 ualli
657 603 903 685 expugnationem
929 609 1010 680 gesta
1035 610 1203 676 narrantur,
1228 600 1355 682 Neptuni
1380 620 1476 683 opera,

318 707 440 773 iunonis
459 707 545 770 dolus
565 716 681 770 etcum
701 706 768 767 love
788 703 974 779 concubitus,
995 706 1082 768 huius
1101 721 1240 779 somnus,
1259 703 1392 767 Hectoris
1414 704 1476 767 rul-

318 811 443 885 unaue,
465 802 632 886 παλίωξις
651 810 842 881 Graecorum,
864 806 940 868 lovis
964 806 1156 888 expergefacti
1175 805 1327 882 mandata,
1345 805 1477 870 Hectoris

317 912 478 989 restitutio,
493 913 665 977 instauratio
686 910 803 992 proelii,
824 909 911 971 altera
932 910 1055 991 irruptio
1076 917 1255 983 castmrum,
1274 908 1322 971 his
1342 909 1477 971 omnihus

320 1015 497 1097 aliquantum
517 1023 593 1078 certe
614 1012 756 1095 temporis
776 1012 911 1074 consumi
931 1030 1053 1073 necesse
1073 1021 1148 1085 erat,
1170 1011 1258 1090 idque
1272 1019 1387 1074 tantum
1400 1012 1477 1075 haud
1567 1042 1570 1083 q

319 1117 421 1193 dubie,
443 1127 487 1193 ut,
513 1118 539 1179 si
556 1125 628 1197 post
645 1117 722 1179 hanc
740 1114 859 1176 alteram
886 1116 1003 1176 ‹lemum
1024 1124 1187 1176 castrorum
1208 1114 1404 1195 irruptionem
1422 1113 1479 1176 Pa·

319 1220 430 1284 trorius
450 1219 585 1283 hostibus
606 1218 721 1281 obviam
741 1217 891 1298 prolectus
911 1226 1002 1290 esset,
1030 1237 1047 1279 a
1066 1235 1139 1279 sano
1159 1217 1263 1296 suique
1287 1216 1382 1297 ipsius
1402 1215 1478 1278 haud
1568 1278 1570 1289 ,

320 1321 413 1386 oblito
432 1331 519 1403 poeta
538 1320 625 1383 huius
646 1338 764 1400 quoque
782 1318 928 1399 proelium
948 1318 979 1380 in
999 1319 1191 1381 meridianum
1210 1327 1328 1398 tempus
1355 1318 1479 1380 conferri

320 1424 399 1489 nullo
419 1425 509 1487 modo
534 1424 688 1505 potuisset.
738 1421 787 1484 Sic
805 1432 849 1484 est
868 1422 1015 1502 prolecto,
1039 1430 1072 1485 ut
1091 1421 1164 1485 diri:
1184 1421 1234 1503 qui
1253 1420 1314 1497 XV,
1333 1419 1395 1484 390
1416 1441 1478 1502 sqq.

319 1527 421 1609 legerit
441 1538 470 1590 et
489 1544 556 1589 cum
576 1526 654 1589 exitu
677 1525 741 1587 lihri
762 1524 815 1586 ΧΠ
834 1526 1002 1600 contulerit,
1022 1525 1102 1587 coire
1120 1525 1193 1587 haec
1209 1524 1285 1587 inter
1303 1542 1337 1586 se
1355 1542 1480 1605 prorsus

319 1639 387 1709 apte
401 1628 550 1704 fatebitur,
570 1647 666 1709 neque
681 1628 837 1702 damnum,
857 1628 910 1689 sed
930 1628 1043 1691 luorum
1058 1628 1122 1690 lieri
1142 1627 1247 1689 sentiet
1260 1627 1401 1690 omnihus
1416 1627 1480 1696 illis,

320 1749 395 1812 quae
413 1749 492 1793 nunc
516 1731 670 1793 intertexta
695 1738 779 1803 sunt,
804 1729 934 1791 resectis.
987 1731 1170 1810 Quamquam
1197 1730 1233 1791 dc
1263 1730 1372 1791 damno
1399 1730 1481 1792 aliter

320 1833 475 1896 iudicaria
494 1834 557 1895 viro
578 1832 749 1895 doctissimo
771 1831 854 1893 video
874 1851 903 1912 p.
919 1832 991 1893 241.
1034 1833 1064 1894 ls
1084 1832 1165 1894 enim
1184 1849 1246 1894 non
1265 1832 1480 1895 satisfacturum
1569 1872 1570 1909 ,

320 1934 429 2016 absque
458 1935 514 1999 illis
536 1935 698 1998 Homerum
730 1934 820 1997 luisse
850 1942 934 2015 putat
959 1933 1145 2015 popularium
1170 1952 1293 1997 suorum
1323 1934 1428 1996 studiis
1454 1943 1483 1995 et
1569 1975 1570 2014 ,

321 2037 530 2118 expectationi,
550 2056 678 2118 quorum
697 2044 776 2099 taum
796 2036 883 2099 luerit
902 2037 937 2098 de
951 2036 1075 2099 heroum
1090 2054 1212 2099 suorum
1229 2036 1334 2099 virtute
1348 2056 1383 2099 ac
1397 2037 1481 2098 lorti·
1569 2080 1570 2117 ,

322 2139 421 2202 tudine
436 2139 550 2220 opinio,
570 2146 687 2220 tamque
708 2148 786 2201 certa
806 2140 843 2200 de
858 2157 977 2202 suntme
993 2140 1118 2201 deorum
1133 2157 1199 2219 erga
1215 2139 1280 2201 illos
1300 2141 1399 2202 lavore
1414 2157 1481 2220 per·
1569 2194 1570 2213 ,

321 2242 430 2316 suasio,
445 2251 478 2304 ut
488 2260 573 2321 aegre
584 2241 669 2303 laturi
680 2242 805 2303 luissent
820 2249 879 2303 tam
894 2242 1057 2322 simplicem
1072 2241 1175 2322 proelii
1187 2249 1321 2303 eventum
1333 2260 1482 2322 unamque

271 2355 306 2408 tt)
324 2352 487 2406 metrorum
507 2343 761 2425 expugnationem.
805 2343 930 2406 Necesse
949 2343 1035 2424 igitur
1054 2343 1145 2404 luisse
1159 2352 1278 2423 poetae,
1293 2351 1326 2405 ut
1341 2343 1482 2424 multipli·
1569 2392 1570 2429 q

321 2453 401 2509 earet
413 2445 563 2527 pugnandi
577 2445 664 2519 vices,
680 2454 713 2507 ut
726 2445 819 2508 victos
831 2445 957 2507 Graecos
972 2463 1042 2506 mox
1057 2463 1172 2519 rursus,
1187 2446 1223 2507 ad
1237 2453 1356 2525 tempus
1371 2446 1483 2520 saltem,
1569 2502 1570 2507 ,

320 2548 446 2611 uictores
461 2549 578 2623 laceret,
604 2548 729 2629 denique
743 2556 777 2610 ut
791 2548 862 2609 deos
878 2566 995 2629 quoque
1019 2548 1131 2629 proelio
1156 2548 1351 2612 immisceret:
1378 2568 1482 2630 quam-

322 2650 425 2715 ohrem
448 2651 498 2732 qui
522 2650 688 2731 vituperent
710 2652 787 2712 hauc
811 2658 925 2730 partem
950 2659 980 2713 et
1003 2649 1090 2713 nimis
1105 2651 1197 2713 multa
1222 2660 1390 2715 coacemata
1416 2672 1483 2715 esse

321 2754 525 2829 criminentur,
551 2772 694 2835 perquam
716 2753 824 2816 iniuste
844 2753 938 2815 lacere
955 2752 1086 2833 nihilque
1104 2753 1180 2818 aliud
1201 2773 1289 2835 quam
1316 2755 1482 2829 ostendere,

320 2857 452 2920 nondum
468 2855 523 2918 sibi
539 2856 707 2937 contigisse,
722 2865 755 2918 ut
768 2856 854 2936 plane
867 2856 898 2917 in
913 2864 1017 2936 poetae
1028 2856 1149 2935 eiusque
1163 2857 1325 2936 aequalium
1342 2868 1371 2922 et
1385 2877 1483 2940 popu·

319 2959 423 3023 lorium
449 2976 556 3022 sensus
580 2966 666 3040 atque
692 2959 822 3020 animum
849 2977 915 3020 sese
940 2956 1194 3022 insinuarent-
1212 2959 1348 3023 Ceterum
1375 2961 1485 3042 aliquot

321 3061 392 3125 satis
408 3079 531 3141 magnas
546 3060 577 3122 in
591 3060 646 3123 hac
655 3060 752 3123 iliadis
767 3069 850 3141 parte
864 3060 1104 3141 interpolationes
1115 3061 1280 3124 Nitzsohius
1294 3063 1361 3144 ipse
1374 3083 1483 3145 agnos·

321 3162 368 3226 cit.
417 3163 492 3225 Nam
512 3172 627 3243 praeter
648 3163 765 3243 longam
784 3163 863 3225 illam
887 3171 917 3225 et
940 3164 1091 3244 loquacem
1115 3165 1248 3228 Nestoris
1274 3167 1483 3235 narrationem,

321 3265 370 3339 xl,
386 3264 574 3339 our-762,
590 3266 626 3327 de
641 3284 697 3346 qua
712 3266 924 3345 supradictum
940 3274 995 3337 est,
1011 3267 1096 3329 etiam
1111 3267 1186 3330 libro
1202 3269 1255 3330 ΧΗ
1269 3288 1390 3331 omnem
1405 3270 1483 3333 illam

321 3367 502 3448 Sarpedonis
518 3357 696 3450 ἀριστείαν,
711 3386 785 3448 quae
800 3376 846 3429 est
861 3388 878 3430 a
893 3387 919 3429 v.
935 3368 1114 3444 tuo-429,
1130 3370 1312 3433 subditiciam
1328 3392 1395 3436 esse
1411 3391 1484 3436 con-

321 3467 406 3543 cedit,
421 3488 451 3550 p.
463 3470 539 3546 3843
554 3487 733 3549 quamquam
745 3470 775 3533 in
788 3471 930 3550 proximis
942 3472 1034 3546 libris,
1052 3473 1101 3553 qui
1117 3473 1204 3535 nohis
1216 3474 1343 3536 mammo
1355 3476 1485 3557 suspecti

320 3579 400 3644 sunt,
415 3580 532 3650 praeter
546 3590 656 3652 paucos
672 3573 815 3651 quosdam
828 3591 930 3637 versus
942 3575 1014 3636 nihil
1029 3592 1209 3655 magnopere
1223 3578 1316 3638 virum
1333 3577 1485 3658 egregium

320 3671 480 3733 offendisse
501 3671 623 3735 videtur.
666 3673 783 3736 Illarum
809 3685 907 3737 autem
932 3676 1055 3737 duarum
1079 3676 1339 3757 interpolatiouum
1366 3681 1484 3743 alteram

319 3784 473 3855 propterea
488 3775 621 3844 damnat,
648 3776 727 3856 quod
752 3795 814 3839 non
839 3786 906 3859 apta
921 3779 960 3839 sit
986 3778 1040 3840 ista
1067 3779 1196 3841 narratio
1217 3781 1282 3842 loco
1303 3802 1338 3843 ac
1358 3782 1484 3865 tempori

316 3876 444 3958 nihilque
464 3886 513 3940 aut
537 3878 615 3940 utilis
635 3880 758 3960 exempli
779 3889 829 3943 aut
848 3880 1057 3943 admonitionis
1083 3881 1202 3954 habeat,
1229 3884 1351 3947 alteram
1378 3893 1484 3958 autem,

318 3979 398 4058 quod
413 3998 486 4059 quae
499 3981 539 4043 ihi
554 3966 720 4045 reseruntur
733 4001 794 4044 non
811 3983 881 4045 satis
898 3983 940 4044 vel
957 4003 1023 4046 cum
1040 3985 1277 4049 antecedentibus
1293 3988 1336 4049 vel
1351 4007 1420 4051 cum
1436 4008 1484 4050 se·

318 4080 475 4159 quentihus
487 4083 665 4164 conspirent
692 4084 779 4164 Atqui
791 4085 849 4145 hoc
864 4084 981 4164 quidem
993 4084 1115 4148 alterum
1127 4106 1220 4167 genus
1233 4092 1398 4168 argtumenti
1411 4092 1483 4171 quin

317 4181 403 4245 etiam
416 4194 517 4247 contra
527 4184 592 4248 libr.
604 4185 772 4256 xlii-xv,
785 4185 847 4247 389
860 4186 989 4249 adhiberi
1001 4188 1107 4267 possit,
1122 4206 1183 4250 noo
1196 4189 1317 4252 dubium
1329 4191 1402 4254 mihi
1415 4213 1480 4254 esse

317 4284 438 4348 ridetur.
460 4286 513 4349 llis
524 4297 621 4350 tameo
630 4287 795 4349 Nitzsohius
808 4305 906 4350 carere
915 4288 1034 4352 iliadem
1049 4308 1110 4352 non
1122 4291 1256 4371 potuisse
1268 4292 1376 4355 iudicat
1387 4314 1481 4375 prop·

316 4395 361 4449 ter
376 4386 452 4450 illam
469 4389 568 4451 nescio
585 4408 672 4469 quam
684 4388 826 4455 rationem
837 4390 1019 4470 popraiarem,
1030 4427 1072 4438 -
1085 4392 1128 4454 sic
1139 4394 1217 4455 enim
1227 4395 1371 4477 appellare
1381 4396 1480 4460 licebit
