3190 5136
893 420 935 485 92

816 503 1017 520 *Q—

337 603 469 679 borbem,
497 622 555 684 qua
577 605 676 686 specie
697 623 828 688 unquam
852 607 1063 673 Prometheum
1086 611 1273 693 propositum
1299 632 1364 676 assa
1387 632 1488 695 pamm

337 706 472 769 credibile
495 718 550 769 est
589 708 619 771 ls
643 710 792 789 prominet
816 709 935 774 dimidia
960 712 1020 774 lere
1044 713 1090 775 sui
1115 721 1238 793 partae
1261 722 1342 777 strue
1367 718 1489 796 quadm

336 808 482 889 lapidum,
504 809 622 873 rudium
643 811 760 891 quidem
779 813 910 887 illorum,
937 815 990 876 sed
1009 815 1112 877 ordine
1129 824 1227 878 tamsn
1247 817 1487 898 compositorum,

338 918 371 973 ut
388 930 454 973 esse
475 911 574 974 solent
591 912 623 974 in
641 913 791 988 aedifidis,
811 933 885 994 quae
905 916 1035 997 cyclopia
1049 917 1201 992 dicuntur,
1218 918 1278 980 nisi
1297 921 1375 999 quod
1391 920 1423 982 in
1437 921 1490 983 hac

338 1014 451 1095 pictura
476 1013 586 1095 lapides
612 1015 684 1076 satis
710 1017 791 1095 parvi
816 1025 898 1090 sunt,
923 1018 1100 1100 maximique
1115 1037 1230 1092 eorum,
1256 1020 1282 1081 si
1306 1021 1342 1082 ad
1361 1022 1488 1086 hominis

338 1133 507 1179 mensuram
519 1127 739 1197 comparentur,
760 1118 807 1180 rix
822 1119 924 1200 capitis
940 1121 1062 1182 modum
1076 1122 1233 1196 excedunt,
1252 1123 1382 1199 minimi,
1397 1143 1489 1206 qaan-

338 1227 386 1281 tos
407 1218 489 1280 laoilo
507 1236 614 1282 manus
637 1227 717 1282 totos
737 1221 981 1300 comprehendat:
1005 1222 1138 1285 universa
1159 1232 1256 1286 autem
1278 1226 1393 1305 species
1417 1228 1490 1290 muri

338 1331 384 1386 est
402 1329 452 1385 aut
469 1321 632 1401 imperfecti
646 1330 696 1384 aut
714 1322 816 1395 diruti,
836 1324 913 1403 quali
928 1324 1026 1404 specie
1043 1344 1162 1407 mpem,
1181 1326 1213 1388 in
1227 1345 1284 1408 qua
1299 1327 1490 1391 Prometheus

337 1425 451 1487 rinctus
470 1422 538 1498 luit,
556 1430 775 1506 repraesentare
793 1443 881 1487 nemo
897 1427 1029 1507 prolecto
1048 1428 1152 1508 potuit
1181 1428 1310 1511 benique
1329 1430 1444 1493 advolat
1456 1433 1490 1494 ad

337 1526 490 1589 hominem
507 1543 629 1606 serpens
648 1526 754 1588 alatus:
778 1546 865 1607 quem
886 1547 941 1608 pro
960 1529 1067 1609 aquila,
1086 1529 1254 1593 Promethei
1274 1550 1383 1613 corpus
1402 1533 1490 1595 lania·

338 1638 417 1704 tura,
435 1647 451 1690 a
466 1627 579 1709 pictore
594 1628 785 1691 substitutum
799 1648 866 1691 esse
880 1637 930 1691 aut
942 1631 1076 1711 potuisse
1090 1632 1228 1695 substinui
1240 1651 1392 1714 nonquam
1404 1635 1490 1697 nobis

337 1730 569 1814 persuadebitur.
588 1763 632 1777 -·
651 1731 777 1793 Necesse
795 1740 842 1794 est
861 1733 948 1812 igitur
967 1733 1042 1795 aliud
1063 1752 1130 1796 esse
1148 1734 1236 1797 huius
1255 1735 1386 1816 picmrae
1406 1754 1491 1817 arga·

337 1843 486 1897 mantum:
500 1834 650 1915 quodnam
664 1834 715 1908 sit,
734 1851 796 1896 non
811 1833 929 1913 quidem
944 1835 1051 1916 pudeat
1064 1855 1113 1898 me
1126 1837 1254 1910 nescire,
1276 1855 1371 1919 neque
1384 1846 1491 1913 tamen,

338 1936 407 2018 quid
428 1936 499 1999 mihi
522 1935 665 2012 videatur,
689 1936 785 1998 dicere
807 1936 1040 2011 verecundabor,
1064 1956 1154 2019 quom
1176 1941 1351 2019 praesertim
1375 1941 1492 2003 Iahnius

337 2047 454 2115 noster,
487 2040 695 2118 archaeologus
724 2038 934 2119 peritissimus,
968 2039 1045 2101 idem
1075 2039 1131 2103 sibi
1163 2041 1274 2104 dudum
1303 2043 1398 2105 usum
1430 2060 1493 2105 essa

339 2142 557 2224 significaverit,
583 2143 614 2203 in
633 2141 786 2205 Palamede
810 2160 839 2222 p.
860 2141 914 2215 44,
938 2142 1082 2223 nisuque
1105 2161 1207 2207 eornm
1230 2163 1279 2206 me
1298 2144 1493 2219 admonuerit,

338 2245 453 2327 quaein
467 2246 590 2308 eandum
601 2243 775 2306 sententiam
790 2244 879 2306 ariro
893 2243 1100 2320 illustrissimo,
1115 2245 1370 2327 eumdemque,
1385 2247 1493 2328 scripta

338 2356 408 2411 sunt
425 2349 456 2409 in
471 2347 631 2410 Annalibus
649 2345 718 2408 inst.
738 2346 880 2409 arcbaeol.
901 2355 973 2409 tom.
988 2348 1010 2421 l,
1026 2367 1090 2429 pag.
1106 2348 1168 2411 407
1189 2368 1253 2430 sqq.
1283 2348 1389 2411 Videor
1411 2350 1496 2430 igitur

338 2452 411 2514 mihi
442 2449 595 2513 hominem
627 2466 784 2528 agnoscere
811 2448 844 2510 in
876 2467 1027 2511 cavernam
1057 2450 1222 2532 l'rophonii
1254 2451 1495 2527 descendentcma

339 2571 461 2633 eamque
480 2551 654 2614 senmntiam
673 2552 758 2614 etiam
779 2559 881 2615 contra
899 2552 1043 2614 Wclclseri
1061 2552 1305 2633 disputationem,
1326 2553 1357 2614 in
1375 2554 1493 2617 Diumis

340 2654 510 2737 antiquariis
526 2673 552 2717 a.
571 2652 662 2728 1838,
681 2672 710 2733 p.
727 2653 798 2728 219,
812 2654 895 2717 facile
912 2654 1027 2716 delendi
1045 2672 1137 2734 posse
1155 2654 1289 2717 arbitror.
1319 2655 1396 2718 llam
1416 2656 1493 2738 quod

339 2759 365 2821 is
384 2757 569 2820 Palamedem
589 2757 799 2835 repraesentari
819 2756 910 2818 credit
927 2756 1072 2838 lapidibus
1091 2757 1244 2832 obrutum,
1263 2758 1310 2819 vir
1329 2758 1431 2821 minus
1449 2759 1494 2819 in-

340 2859 475 2925 credibile
488 2867 546 2933 est,
565 2876 652 2939 quam
671 2857 740 2919 illud
756 2859 792 2920 de
806 2858 992 2920 Prometheo.
1022 2859 1152 2921 Pumum
1173 2861 1251 2922 enim
1267 2859 1297 2921 in
1310 2860 1495 2940 lapidatione,

340 2982 431 3045 mum
457 2962 603 3042 lapidosa
629 2977 732 3040 magna
757 2959 942 3022 multitudine
967 2961 1175 3036 coniiciuntur,
1201 2962 1258 3024 hos
1282 2979 1372 3024 nemo
1400 2963 1497 3024 credet

339 3068 379 3129 ita
393 3066 495 3128 cadere
510 3082 615 3145 posse,
628 3070 663 3125 ut
676 3063 706 3123 in
721 3062 797 3123 mori
813 3061 965 3141 diligenter
980 3065 1140 3126 constructi
1156 3067 1280 3126 lormam
1297 3072 1412 3139 coeant,
1429 3082 1496 3126 aum

340 3178 451 3243 autem,
470 3167 500 3228 in
520 3184 609 3247 quem
629 3165 751 3226 coniecti
767 3171 852 3239 sunt,
871 3173 1001 3227 erectum
1016 3174 1106 3240 stare,
1127 3167 1197 3229 dum
1212 3165 1322 3247 lapides
1336 3166 1374 3228 ad
1388 3167 1497 3248 pubem

340 3290 433 3352 usque
452 3267 672 3333 accumulantur
691 3276 719 3328 et
738 3274 809 3347 post
827 3286 894 3329 eum
914 3268 986 3330 adeo
1007 3268 1037 3329 in
1056 3268 1145 3330 altum
1165 3277 1339 3348 exsurgunt,
1358 3276 1499 3349 utsupra

339 3374 433 3456 ipsius
448 3380 535 3451 eaput
548 3371 709 3444 emineant,
724 3370 971 3449 quemadmodum
992 3370 1023 3431 in
1038 3369 1092 3432 bac
1104 3370 1217 3450 pictura
1231 3371 1340 3433 lactum
1355 3370 1497 3433 ridemus

340 3478 409 3539 Non
423 3475 510 3553 igitur
524 3473 665 3553 intelligo,
681 3471 730 3553 qui
744 3473 872 3553 potuerit
886 3472 1053 3534 Wclclserus
1073 3473 1109 3535 ad
1125 3472 1223 3553 ipsum
1238 3472 1410 3554 adspectum
1424 3491 1498 3553 pro-

341 3597 456 3652 vocare,
478 3577 529 3657 qui
547 3575 620 3637 milri
638 3575 754 3656 quidem
779 3592 898 3636 omnem
916 3574 1100 3655 lapidationis
1119 3574 1324 3654 cogitationem
1344 3575 1500 3637 excludere

341 3691 370 3744 et
388 3679 492 3763 procul
516 3695 615 3741 aroere
637 3676 758 3739 ridetm.
793 3678 879 3752 Quod
903 3684 999 3740 sutem
1020 3676 1173 3739 inhoitum
1196 3677 1229 3738 in
1247 3694 1401 3739 caremam
1422 3678 1501 3739 'Pro-

340 3782 444 3866 phcnii
469 3779 680 3863 repraesentari
705 3787 802 3860 negat,
828 3796 890 3840 non
916 3796 986 3841 sane
1012 3779 1081 3841 ostii
1105 3779 1198 3841 instar
1222 3779 1369 3853 videmus,
1396 3778 1500 3860 patulo

340 3886 386 3947 rel
418 3884 500 3947 aditu
526 3884 572 3945 vel
600 3883 755 3945 descensu:
791 3881 842 3943 sed
876 3882 912 3945 ad
941 3881 1106 3962 l'ropbonii
1140 3899 1291 3944 sesamam
1319 3881 1501 3943 descensum

341 3987 432 4051 rusae
450 3986 572 4067 legirnus
592 4004 646 4066 per
671 3985 803 4046 foramen
818 3985 1072 4063 angustissimum,
1088 4002 1147 4064 quo
1162 4001 1252 4064 quum
1267 3983 1293 4043 is
1308 3983 1358 4063 qui
1373 3982 1501 4044 descen-

341 4108 429 4152 snrus
455 4096 516 4151 erat
539 4088 630 4170 pedes
656 4086 837 4160 immisisset,
861 4085 959 4148 subito
986 4086 1096 4149 occulta
1121 4086 1246 4166 quadam
1268 4085 1297 4146 vi
1317 4085 1399 4147 intus
1421 4084 1503 4146 abri-

342 4199 474 4274 peretur:
495 4192 582 4272 idque
604 4191 737 4251 loramen
756 4188 848 4251 tunsa
863 4189 894 4249 in
908 4188 997 4250 latere
1017 4205 1125 4268 specus
1144 4187 1294 4250 cuiusdam
1313 4204 1375 4249 non
1396 4195 1504 4249 natura

295 4304 328 4357 tt
345 4296 397 4359 sed
421 4302 484 4357 arte
510 4293 590 4367 lacti,
620 4291 702 4353 cuius
728 4290 880 4353 circuitum
906 4290 1056 4370 probabile
1080 4297 1126 4351 ost
1148 4289 1292 4369 lapidibus
1317 4296 1504 4351 exstructum
