3178 5136
857 413 920 480 att

313 626 347 670 ao
366 605 491 669 familiae
509 612 587 669 reete
605 604 763 685 regendae,
782 619 878 684 neque
896 601 1055 683 quidquam
1074 618 1142 665 esse
1163 602 1240 665 inter
1260 593 1463 683 clamosarum

313 716 342 770 et
354 703 531 789 decedendo
544 716 594 771 aut
608 701 783 771 πολιτικὸν
797 702 985 778 οἰνωίωἰοίο,
1002 702 1060 766 uisi
1074 702 1155 786 quod
1169 704 1201 766 in
1215 704 1328 767 maiore
1342 704 1465 786 prodam

313 810 469 873 hominum
487 827 522 871 ac
539 824 638 872 rerem
658 807 730 870 orhe
748 806 856 869 horum
875 823 962 886 quam
988 804 1064 869 illios
1089 805 1306 868 administratio
1330 810 1465 869 versetur.

313 906 946 992 vrarmepascanamop.isso.
976 907 1148 971 meram
1159 909 1248 988 regg.
1265 908 1468 989 esposse

314 1014 405 1094 Cyrus
420 1021 584 1095 propterea,
604 1013 684 1094 quod
698 1012 857 1074 liberorum
873 1028 996 1073 suorum
1012 1010 1215 1073 maestiorem
1229 1010 1386 1090 neglexerit
1404 1029 1467 1073 eoa·

314 1134 370 1195 que
380 1115 550 1178 muherihus
560 1115 735 1196 permiserit,
751 1117 947 1177 oeconomiam
957 1128 1064 1194 parurn
1078 1131 1199 1176 mirasse
1213 1112 1332 1188 didam,
1349 1104 1469 1177 cinero·

313 1210 377 1302 μία
391 1207 639 1280 cothronem
649 1209 923 1301 repooeuxpxdroe:
938 1234 974 1277 ex
989 1233 1047 1296 quo
1062 1224 1193 1296 apparet,
1207 1214 1325 1279 Platoni
1340 1233 1402 1277 non
1415 1214 1468 1276 mi·

314 1336 371 1382 nus
386 1338 475 1401 quam
488 1319 637 1381 Aristoteli
652 1320 688 1382 ad
703 1318 906 1382 oeconomiam
920 1318 1066 1398 pertinere
1079 1317 1174 1378 visum
1189 1335 1259 1379 esse
1272 1316 1303 1378 id
1319 1333 1407 1377 omne
1424 1334 1472 1395 ge-

314 1440 371 1484 nus
391 1422 570 1495 officiorum,
595 1422 675 1501 quod
693 1421 729 1484 ah
748 1420 1100 1504 haemorroissam
1118 1438 1143 1480 s.
1164 1420 1335 1503 πατρικῆς
1358 1417 1474 1481 nomine

316 1522 586 1604 comprehenditur,
600 1522 687 1585 Poht
705 1523 733 1597 1,
749 1521 769 1583 2
783 1541 813 1602 p.
830 1523 860 1596 ὅ,
875 1521 916 1583 25
932 1529 961 1583 ct
974 1539 999 1583 α
1016 1522 1035 1583 h
1050 1539 1081 1601 p.
1096 1519 1148 1594 22,
1167 1521 1216 1583 17.
1246 1521 1350 1601 ltaque
1364 1521 1402 1583 ds
1414 1538 1474 1582 am·

315 1627 377 1688 hitu
397 1624 516 1706 ophim
537 1624 728 1686 oeconomiae
747 1624 779 1685 hi
798 1623 875 1687 inter
893 1642 926 1686 se
945 1624 1145 1698 consentiunt,
1163 1622 1233 1685 lieet
1253 1622 1290 1685 de
1310 1622 1476 1686 discrimine
1564 1608 1565 1637 ¹

315 1728 378 1790 eius
393 1723 1316 1806 etpoliticaenonimmeritodisseutiutaPlatoueAristoteles.
1344 1726 1386 1788 Cf.
1398 1743 1475 1806 supr.
1564 1710 1565 1715 ἵ

315 1849 346 1911 p.
363 1831 392 1891 7.
419 1829 519 1910 Neque
532 1828 713 1909 posteriores
726 1847 761 1889 ex
775 1828 930 1891 Academia
944 1836 972 1890 et
981 1827 1077 1909 Lyaeo
1092 1828 1305 1909 philosophos,
1320 1829 1348 1891 si
1363 1827 1431 1909 quid
1444 1827 1479 1889 de
1564 1814 1565 1817 ¹

316 1930 507 1995 oeconomica
520 1929 729 2002 disseruemnt,
750 1929 823 1992 ahos
844 1929 1013 2011 disciplinae
1030 1930 1173 1993 immines
1193 1930 1307 1993 fecisse
1327 1937 1477 1994 consenta-

316 2052 406 2097 neum
420 2040 478 2109 ast,
498 2051 672 2113 quamquam
692 2033 729 2094 de
747 2032 855 2094 horum
875 2032 963 2106 nulio,
983 2041 1187 2115 praeterquam
1207 2034 1247 2097 de
1266 2033 1481 2115 Theophrasto,

317 2137 424 2218 aliquid
443 2136 478 2197 ad
498 2133 632 2197 notitiam
651 2144 784 2197 nostram
804 2134 983 2215 perdurarit:
1009 2144 1039 2198 at
1056 2136 1238 2199 reoenu'ores
1262 2155 1387 2217 qnoque
1410 2135 1480 2207 illos,
1565 2126 1566 2145 ¹

263 2251 296 2302 to
318 2239 368 2321 qui
388 2258 421 2302 se
440 2238 641 2319 Pythagoram
661 2237 763 2300 haberi
780 2236 941 2312 voluerunt,
959 2240 1086 2301 eundem
1106 2239 1325 2302 oeconomicus
1343 2238 1482 2302 οιαὶνίίιιω

316 2342 445 2405 tenuhsa
459 2341 622 2420 fragmema
635 2358 652 2401 a
664 2339 794 2403 Stobaeo
803 2340 845 2402 tit
854 2340 895 2404 85
910 2341 1251 2404 amramdemoustrant.
1279 2341 1374 2404 Aliter
1387 2344 1480 2402 summ

316 2450 482 2505 statuerunt
494 2459 556 2503 non
570 2440 669 2503 solum
680 2441 823 2522 Epicurei,
838 2460 965 2523 quorum
981 2443 1156 2507 sententiam
1167 2442 1266 2507 modo
1281 2442 1482 2506 ePhilodemo

315 2544 517 2625 cognorimus,
538 2544 589 2605 sed
609 2543 696 2606 etiam
711 2542 803 2607 Stoici
819 2545 888 2623 (rid.
904 2545 1020 2608 Stohae.
1034 2545 1133 2625 Eolog.
1148 2544 1182 2620 il,
1198 2544 1218 2608 7
1235 2554 1317 2628 part
1332 2546 1359 2608 11
1378 2565 1408 2626 p.
1426 2540 1482 2608 188
1566 2558 1567 2571 ¹

315 2648 422 2725 tieem),
438 2647 593 2728 quiquam
609 2648 829 2711 oeconomicam
844 2648 998 2711 delinirent
1010 2643 1223 2734 θεωρητικὴν
1239 2643 1315 2727 ἕξιν
1329 2641 1389 2710 καὶ
1400 2666 1483 2729 προ-

315 2746 430 2836 aarum
439 2751 504 2812 τῶν
514 2741 598 2833 οἴκῳ
613 2743 852 2834 συμφερόντων,
871 2737 962 2813 οἶκον
971 2758 1071 2813 tanam
1081 2768 1144 2812 non
1154 2751 1211 2813 alio
1225 2768 1325 2814 sensu
1337 2749 1484 2831 accepisse

316 2853 456 2928 ridemur,
475 2870 565 2932 quam
579 2869 638 2931 quo
653 2870 671 2913 a
684 2851 881 2933 Xenophonte
899 2853 1048 2934 accipitur,
1069 2862 1101 2916 ut
1119 2853 1159 2916 sit
1176 2853 1196 2915 i.
1213 2872 1245 2935 q.
1263 2851 1400 2939 κτῆσιςι
1419 2869 1484 2915 nam

316 2945 509 3035 οἰκονομίαν
530 2952 666 3015 dixemut
688 2971 754 3016 esse
773 2947 926 3033 διάταξιν
945 2949 1024 3038 περὶ
1043 2946 1273 3036 ἀναλωμάτων
1292 2951 1357 3019 καὶ
1379 2946 1486 3039 ἔργων,

315 3051 372 3120 καὶ
394 3050 540 3141 κτήσεως
560 3047 754 3135 ἐπιμέλειαν
783 3050 841 3118 καὶ
861 3053 927 3118 τῶν
946 3048 1023 3120 κατ’
1045 3048 1146 3143 ἀγρὸν
1173 3051 1486 3141 tardissimos:

315 3159 423 3240 quippe
443 3158 523 3221 huuc
540 3174 633 3220 rmum
648 3166 813 3238 quaestum,
832 3158 882 3238 qui
902 3178 937 3222 aa
956 3160 1016 3240 agri
1037 3159 1149 3223 cultura
1167 3161 1355 3243 percipitur,
1374 3168 1487 3243 praeter

315 3269 429 3324 ceteros
448 3259 634 3340 probandum
653 3259 720 3335 rati,
743 3261 993 3340 quemadmodum
1012 3263 1070 3325 iere
1087 3262 1173 3325 eham
1193 3282 1211 3325 a
1231 3263 1444 3346 Xenophonte
1461 3270 1490 3323 at

314 3363 470 3426 Aristotele
484 3363 593 3425 famum
608 3372 661 3426 eat.
694 3364 731 3426 Et
745 3364 822 3427 sicut
835 3365 1006 3428 Aristoteles
1024 3362 1202 3451 οκτητικῇ,
1223 3385 1308 3447 quae
1322 3374 1373 3430 est
1390 3373 1491 3447 quurtt

315 3465 505 3529 oeconomiae
516 3482 594 3546 pars,
611 3472 782 3547 constatque
793 3467 825 3529 in
836 3475 956 3547 qmestu
967 3467 1102 3529 laudabili
1113 3475 1143 3529 et
1157 3469 1352 3544 necessario,
1367 3466 1492 3545 sumpt

315 3587 419 3632 eorum
434 3576 598 3649 quaestum,
613 3569 662 3648 qui
676 3569 749 3632 nihil
764 3570 822 3633 uisi
836 3569 990 3651 pamniam
1004 3570 1108 3650 quouis
1123 3570 1216 3631 modo
1232 3578 1267 3634 et
1278 3590 1378 3655 supra
1389 3589 1493 3636 usam·

395 3743 442 3749 .—
471 3743 481 3747 -
495 3742 613 3750 -----.-

386 3827 425 3890 15)
446 3826 499 3876 Hoc
520 3826 575 3877 ioco
588 3827 678 3895 aliquis
692 3829 730 3879 uti
746 3829 827 3895 possit
842 3828 874 3880 ad
891 3830 1059 3881 excusandum
1076 3830 1222 3882 hodiernum
1241 3833 1362 3885 nomims
1379 3832 1493 3893 abusum

316 3928 390 3980 quum
408 3914 552 3964 oeconomia
569 3914 661 3966 dicitur
677 3914 746 3982 qusai
764 3914 864 3981 proprie
881 3915 912 3965 da
929 3915 967 3966 rai
984 3915 1095 3967 rusticae
1112 3915 1288 3984 mactatione,
1308 3918 1382 3988 quod
1402 3916 1494 3970 nerito

314 3998 517 4051 haumatarokius
534 4004 621 4050 nostar
637 3999 800 4067 improbatio
816 3999 881 4051 libro
898 4000 1014 4065 agrario,
1031 3998 1267 4054 ammomum
1285 4001 1496 4075 &aquaputa

316 4083 443 4146 (nsidera.
458 4082 561 4149 wilh),
573 4100 597 4151 p.
610 4084 651 4136 58.
685 4082 752 4135 idam
766 4085 807 4134 vir
822 4083 983 4137 doetimimua
999 4093 1039 4149 at,
1052 4086 1117 4152 quod
1130 4085 1250 4153 saeida·
1263 4088 1349 4155 longa
1362 4089 1448 4158 pluris
1459 4086 1495 4139 ia-

315 4170 363 4235 eio,
375 4170 551 4234 integerrimus
564 4184 618 4221 eam
631 4185 702 4238 quam
715 4169 787 4220 Plato
804 4178 831 4221 et
846 4170 1003 4222 Aristoteles
1017 4170 1136 4222 dixerunt
1152 4174 1354 4241 oecouoniam,
1368 4176 1395 4227 h.
1407 4190 1431 4226 a.
1444 4172 1498 4225 uai-

315 4270 415 4306 rcrsam
426 4254 666 4305 administrationem
678 4255 846 4321 domesticam,
858 4255 889 4307 ah
902 4257 956 4321 hae,
969 4270 1042 4323 quam
1054 4257 1135 4307 catari
1145 4257 1244 4320 dicunt,
1259 4260 1303 4311 rai
1318 4258 1460 4312 familiaria
1471 4264 1497 4308 at

315 4340 435 4390 honorum
456 4339 672 4389 administratione
691 4340 827 4407 aptissimis
849 4341 987 4392 nominihus
1003 4341 1145 4406 distinguit,
1170 4341 1289 4396 alteram
1307 4344 1497 4411 Horremus

316 4426 454 4493 appellans,
466 4424 572 4476 alteram
585 4424 769 4492 Wirtlrchuj‘t
