3222 5148
808 473 960 570 ..a-m-

303 683 352 727 me
368 665 403 727 ad
419 665 495 727 hauc
510 664 606 728 lucem
622 663 765 726 caecutire
780 664 844 725 sine
858 663 967 726 rubore
979 663 1088 726 fateor:
1105 670 1207 726 contra
1221 663 1368 743 disputare
1382 679 1464 725 nnnc

303 784 365 829 non
379 767 484 847 placet,
501 785 594 848 quum
609 766 783 848 praesertim
799 783 861 827 non
875 766 931 827 sim
947 767 1073 839 nescius,
1089 785 1148 845 quo
1163 765 1319 848 supercilio
1330 765 1462 846 plerique

303 869 339 930 de
359 878 447 949 gente
461 870 697 950 phonologorum
713 886 768 931 uos
784 868 947 949 philologos
962 876 1102 948 tanquam
1117 869 1257 949 proiauos
1273 869 1417 949 quosdam
1433 872 1462 931 el

302 973 415 1034 areanis
430 973 563 1054 ipsorum
578 990 638 1035 nou
653 972 783 1033 initiatos
798 971 948 1051 despicere
963 972 1086 1033 soleant.
1118 971 1253 1033 Ceterum
1269 970 1328 1032 hoc
1342 972 1461 1052 quidem

303 1092 407 1137 omnes
420 1076 591 1150 concedent,
604 1075 692 1135 etiam
709 1074 760 1155 qui
775 1074 856 1136 dem
872 1073 941 1136 illud
953 1093 978 1135 v.
994 1073 1075 1135 dam
1090 1080 1141 1135 aut
1156 1073 1240 1134 dum
1256 1092 1272 1135 a
1287 1073 1352 1136 luce
1366 1093 1401 1136 ac
1415 1075 1461 1136 dic

300 1184 447 1258 repetunt,
463 1186 546 1258 aptas
561 1178 614 1240 has
629 1197 716 1239 voces
732 1178 768 1239 ad
783 1177 1065 1239 demonstrationem
1082 1183 1169 1256 atque
1184 1176 1253 1237 hinc
1264 1176 1299 1238 ad
1312 1195 1461 1239 assevera-

301 1280 413 1341 tionem
434 1299 515 1353 esse,
537 1280 683 1361 siquidem
703 1300 737 1343 ea
757 1282 884 1342 maximo
905 1279 1100 1342 demonstrari
1121 1288 1152 1340 et
1170 1287 1313 1359 tanquam
1334 1286 1413 1341 certa
1426 1298 1461 1342 ac

301 1382 456 1445 manifesta
467 1381 611 1463 designari
623 1390 757 1465 possunt,
771 1402 845 1463 quae
857 1381 975 1444 inclara
986 1380 1050 1443 luce
1063 1382 1157 1463 posita
1169 1390 1199 1443 et
1211 1381 1370 1461 conspicua
1381 1387 1458 1443 sunt.

387 1484 428 1546 [le
442 1484 536 1565 prima
552 1492 651 1546 autem
666 1485 743 1546 vocis
759 1484 905 1565 quidem
921 1492 1013 1567 parte,
1029 1503 1105 1566 quac
1119 1485 1265 1565 gutturalc
1279 1485 1459 1546 elementum

301 1587 405 1662 habet,
425 1591 511 1669 pluro
537 1606 616 1650 nunc
632 1589 688 1651 dici
703 1606 765 1650 nou
779 1607 854 1672 opus
869 1596 927 1661 est,
950 1606 1042 1668 quum
1059 1588 1095 1651 de
1109 1589 1198 1650 huius
1213 1588 1350 1649 elementi
1365 1589 1392 1648 vi
1407 1587 1458 1649 de-

300 1692 491 1754 monstrativa
510 1692 569 1753 iam
587 1709 677 1774 supra
693 1691 723 1752 in
738 1709 801 1771 cap.
816 1691 838 1752 l.
855 1690 1022 1771 expositum
1037 1690 1091 1766 sit;
1115 1690 1246 1770 quaevis
1262 1690 1329 1751 licet
1343 1690 1373 1750 in
1388 1707 1459 1771 pro·

300 1793 471 1855 nominibus
494 1801 524 1855 et
542 1793 795 1874 pronominalilvus
817 1792 953 1855 relativae
973 1799 1088 1854 tantum
1107 1802 1197 1874 atque
1216 1792 1384 1856 indefinitae
1406 1792 1455 1854 de·

301 1895 522 1969 monstrationi,
543 1902 631 1977 atque
651 1895 720 1957 hinc
740 1914 828 1979 porro
844 1895 933 1959 etiam
948 1894 1169 1975 interrogationi
1183 1895 1336 1967 inserviat,
1357 1902 1458 1958 umen

300 1998 465 2081 primitivae
487 1999 573 2059 etiam
595 2006 624 2060 et
642 1999 746 2083 plenae
767 1998 1010 2061 demonstrationi
1030 1998 1151 2060 inservit
1166 1999 1195 2059 iu
1216 2018 1254 2061 ce
1274 2000 1357 2077 (lae),
1378 1998 1457 2078 quod

300 2100 389 2161 etiam
411 2120 481 2162 curn
500 2100 594 2162 labiali
617 2102 764 2164 elemento
787 2103 880 2182 (que)
901 2118 962 2163 uon
982 2118 1049 2163 raro
1064 2100 1151 2162 scribi
1166 2100 1299 2163 vidimus.
1329 2101 1366 2161 Et
1380 2101 1456 2184 apud

298 2201 386 2264 Italos
401 2203 547 2284 hodieque
562 2205 624 2284 qui
639 2204 809 2266 adverbium
820 2204 877 2266 loci
888 2210 942 2277 est,
958 2223 1017 2284 quo
1029 2203 1193 2265 utunturin
1205 2203 1456 2266 demonstratione

298 2321 399 2367 rerum
411 2306 441 2368 in
451 2307 589 2387 proximo
601 2315 631 2368 et
642 2307 680 2368 ob
691 2307 793 2369 oculos
804 2308 977 2390 positarum,
990 2306 1039 2368 ubi
1051 2313 1164 2369 veteres
1172 2306 1266 2369 Latim
1277 2306 1337 2369 lato
1348 2308 1456 2382 dicunt,

299 2412 329 2468 et
342 2427 427 2470 ecco
448 2408 509 2489 qui
533 2409 615 2471 esti.
633 2429 661 2489 q.
684 2428 768 2472 ecce
783 2411 858 2485 hlc,
879 2429 939 2491 quo
954 2427 1045 2472 sensu
1059 2410 1239 2491 Francogalli
1253 2411 1350 2472 voici
1365 2410 1455 2471 aiunt.

298 2510 454 2583 Quidem
474 2510 572 2593 ipsum
596 2518 694 2572 autem
716 2513 853 2592 primitus
873 2512 946 2575 nihil
966 2512 1043 2574 aliud
1065 2530 1153 2593 quam
1174 2512 1456 2575 demonstrationem

297 2629 366 2675 curn
382 2613 594 2675 asseveratione
609 2613 798 2676 coniunctam
813 2615 844 2676 in
859 2634 891 2677 se
906 2614 1013 2677 habere
1025 2633 1113 2679 nemo
1125 2622 1176 2677 aut
1185 2616 1301 2696 ignorat
1311 2623 1362 2677 aut
1373 2616 1457 2696 igno·

297 2731 363 2776 rare
377 2714 479 2777 debet:
501 2733 571 2777 nam
591 2717 790 2779 concessivam
807 2719 869 2779 eius
884 2717 1126 2808 significationem
1141 2718 1211 2780 hinc
1225 2717 1346 2780 demum
1361 2726 1455 2780 ortam

298 2834 363 2877 esse
378 2815 455 2878 haud
472 2816 588 2879 difficile
603 2825 650 2879 est
665 2819 700 2880 ad
715 2818 952 2900 intelligendum,
973 2839 1028 2882 nec
1041 2839 1108 2883 raro
1124 2821 1213 2883 etiam
1228 2821 1259 2882 in
1274 2821 1456 2903 oppositione

297 2919 442 2999 quidem
458 2921 611 2997 dicitur³l‚
628 2920 678 2983 ubi
692 2921 737 2982 vel
752 2923 815 2983 sed
831 2924 875 2984 vel
890 2926 1030 2995 tamen,
1047 2923 1126 3003 quod
1140 2924 1211 2984 item
1222 2942 1258 2985 ex
1269 2922 1454 2985 demonstra-

296 3021 357 3084 tivo
372 3027 441 3083 tam
458 3032 558 3085 ortum
573 3031 628 3097 est,
644 3004 780 3104 usurpari
794 3024 900 3105 potuit.

382 3124 439 3185 Sed
460 3127 522 3206 qui
539 3127 726 3189 asseverandi
749 3127 808 3188 vim
827 3127 897 3189 satis
918 3127 1102 3189 manifestam
1124 3126 1213 3189 habet
1226 3127 1315 3190 etiam
1330 3126 1380 3190 ubi
1394 3144 1455 3189 non

296 3245 364 3289 cum
385 3228 477 3290 altero
500 3229 731 3291 demonstrativo
746 3230 825 3291 dem
841 3229 1054 3311 compositum,
1074 3231 1126 3292 sed
1141 3249 1195 3313 per
1209 3249 1241 3292 se
1255 3232 1354 3293 solum
1367 3248 1455 3292 usur·

294 3338 392 3410 patur,
408 3338 487 3394 certe
501 3333 579 3416 apud
594 3332 743 3404 Plautum,
759 3333 837 3413 apud
852 3351 942 3414 quem
957 3350 1170 3416 saepenumero
1181 3332 1243 3394 aliis
1256 3334 1364 3395 voculis
1375 3333 1454 3394 altir-

296 3432 427 3506 mativis,
446 3436 526 3496 velut
544 3433 681 3507 hercle,
703 3434 851 3514 edepol,
871 3436 1207 3499 ecastoradiuuctum
1222 3435 1377 3516 tegiturtt.
1406 3435 1456 3498 Sic

294 3534 325 3596 in
339 3534 446 3598 Pseud.
462 3537 484 3612 l,
502 3538 531 3612 5,
547 3535 603 3599 58:

999 3622 1073 3685 uum
1088 3623 1141 3685 tibi

479 3725 590 3787 mirum
605 3724 634 3786 ld
650 3723 821 3787 videtur?::
839 3724 937 3788 hercle
953 3725 1003 3806 qui
1018 3733 1052 3788 ut
1066 3732 1100 3787 tu
1114 3723 1263 3806 praedicas

482 3827 675 3891 cavendumst
689 3827 730 3889 mi
746 3828 799 3890 abs
815 3836 842 3890 te
858 3828 942 3890 irato.

363 3979 389 4043 3)
407 3978 528 4047 Exemplo
540 3979 583 4031 vel
596 3996 610 4033 e
622 3979 713 4033 lexicis
726 3983 776 4050 peti
789 3990 903 4048 possunt,
915 3997 961 4033 nec
973 3982 1064 4034 desunt
1075 3984 1140 4047 apud
1152 3988 1372 4045 commentatores,
1384 3979 1455 4033 velut

294 4065 358 4131 apud
371 4063 534 4117 Matthiacum
551 4067 582 4117 ed
600 4066 652 4119 Cic.
671 4067 716 4120 Or.
734 4083 772 4133 pr.
791 4068 817 4119 S.
836 4066 929 4120 lloscio
945 4066 1001 4119 Am.
1019 4084 1040 4119 e.
1062 4069 1103 4131 ll,
1115 4067 1145 4118 at
1166 4074 1191 4119 et
1203 4082 1249 4133 pro
1262 4066 1329 4119 llnr.
1341 4084 1363 4118 e.
1376 4068 1401 4131 5,
1416 4066 1454 4118 tt.

292 4150 410 4202 Wunder
426 4152 458 4202 ad
471 4168 509 4202 or.
527 4169 564 4219 pr.
578 4151 663 4204 Plane.
682 4170 705 4220 p.
722 4152 777 4219 llll,
794 4152 882 4219 quibus
899 4154 1006 4219 adiungo
1019 4169 1082 4218 eum,
1094 4153 1136 4220 qui
1148 4167 1227 4218 nuper
1238 4154 1269 4203 da
1281 4167 1330 4203 nau
1340 4151 1453 4203 Plinieno

292 4236 403 4304 scripsit,
417 4233 627 4303 Gresbergerum,
641 4254 664 4304 p.
681 4238 738 4290 118.

360 4322 386 4384 4)
405 4321 505 4373 Summe
523 4338 579 4374 oum
596 4324 670 4375 laude
688 4325 903 4376 commemoranda
919 4332 959 4375 eat
972 4323 1140 4375 Fleckeiseuii
1157 4322 1286 4387 sollertia,
1303 4323 1345 4390 qui
1357 4322 1452 4388 primus

233 4453 238 4462 .
291 4408 357 4457 hunc
373 4407 513 4472 particulae
529 4409 581 4476 qui
597 4426 670 4461 usum
687 4410 870 4462 demonstravit
887 4410 912 4460 iu
924 4408 1031 4462 Miscell.
1048 4410 1105 4461 crit.
1120 4410 1215 4476 (progr.
1227 4425 1312 4478 qymu
1322 4408 1452 4461 Vitatltnm

290 4507 348 4542 ann.
361 4491 436 4555 tuot)
449 4508 473 4558 p.
486 4494 529 4546 28.
551 4495 672 4561 Exempla
684 4498 761 4549 etiam
772 4496 874 4548 Briuius
885 4496 974 4548 attulit
985 4496 1016 4547 ed
1028 4494 1110 4547 Pleut.
1123 4495 1193 4547 Tria.
1206 4511 1230 4549 v.
1244 4495 1309 4557 4643
1322 4494 1448 4546 rationem

290 4592 340 4627 uon
352 4578 493 4646 perspexit.
