3178 5136
287 1571 647 1669 ΟΒΕΕΕΕΑΤΙΟΝΕΕ
668 1575 717 1667 ΙΝ
729 1571 1037 1669 ΤΗΕΟΡΗΕΑΕἹῚ
1051 1574 1367 1672 oeconomum
1386 1578 1444 1670 ΕΤ

348 1713 594 1809 renonum
613 1717 696 1808 LIB.
713 1718 766 1808 Ill
788 1718 848 1808 DE
872 1716 1138 1813 llRlUTIBUS
1161 1719 1216 1811 ΕΤ
1231 1719 1378 1813 Vltus

250 2039 265 2087 5
372 2000 441 2086 Non
460 2023 606 2085 immerito
622 2023 757 2086 Socrates
776 2023 852 2104 apud
868 2023 1037 2086 Ciceronem
1051 2026 1079 2102 ¹)
1100 2023 1206 2087 dicitur
1223 2024 1338 2105 primns
1353 2024 1447 2086 devo·

287 2143 369 2187 casse
394 2125 613 2206 philosophiam
634 2124 670 2186 de
689 2124 768 2187 caelo
795 2133 824 2186 et
844 2125 876 2186 in
894 2126 1018 2188 urbibus
1039 2126 1211 2202 collocasse,
1238 2135 1266 2189 et
1284 2127 1316 2188 in
1335 2127 1446 2189 domos

286 2246 403 2308 quoque
416 2226 616 2290 introduxisse
629 2235 659 2288 et
673 2228 803 2307 coegisse
822 2229 858 2289 de
877 2227 933 2289 vita
956 2238 985 2290 et
1002 2227 1134 2290 moribus
1150 2229 1296 2310 rebusque
1308 2228 1396 2290 bonis
1415 2239 1448 2290 et

285 2329 371 2391 malis
387 2348 536 2409 quaerere.
571 2329 709 2403 Quamvis
731 2330 811 2391 enim
826 2329 909 2391 multi
924 2330 1010 2392 etiam
1026 2338 1091 2393 ante
1107 2331 1260 2393 Socratem
1276 2334 1446 2394 enumerari

286 2431 417 2511 possint,

408 2537 458 2615 qui
470 2535 540 2615 quid
553 2537 591 2596 sit
599 2533 773 2616 pulchrum,
790 2536 859 2616 quid
872 2546 966 2617 torpe,
981 2535 1050 2615 qaid
1063 2534 1142 2608 odie,
1157 2537 1226 2618 quid
1239 2554 1309 2607 sorr,

286 2637 330 2698 vel
344 2636 508 2718 praeceptis
523 2637 566 2698 rel
581 2637 720 2717 exemplis
734 2637 896 2717 propositis
912 2637 1077 2711 docuerint,
1090 2637 1178 2718 idque
1192 2638 1353 2701 Homerum
1369 2639 1445 2702 adeo

282 2738 403 2820 plonius
427 2758 461 2801 oc
482 2739 584 2802 melios
604 2738 764 2822 Chrysippo
788 2749 817 2801 et
834 2738 977 2803 Crantore
999 2739 1104 2802 iecisse
1121 2738 1260 2803 Horatius
1285 2741 1446 2825 iudaeos),

285 2850 382 2903 tamen
394 2843 443 2923 (pri
459 2842 640 2906 subtiliorem
656 2842 780 2906 docendi
796 2842 941 2905 rationem
953 2850 1103 2923 artemque
1114 2842 1275 2905 disserendi
1290 2842 1337 2905 his
1351 2844 1445 2906 rebus

285 2944 448 3007 adhibuerit
461 2965 477 3007 e
491 2945 639 3008 veteribus
651 2945 707 3008 illis
719 2944 765 3006 rix
776 2963 954 3026 quemquam
968 2944 1141 3007 invenimus.
1164 2943 1238 3006 Nam
1249 2963 1288 3007 ne
1299 2946 1334 3008 de
1345 2945 1445 3026 poetis

284 3046 388 3126 loquar
405 3047 512 3128 illoque
531 3065 635 3127 genem
656 3056 894 3128 praeceptorum,
919 3048 998 3126 quod
1028 3066 1082 3129 per
1100 3046 1221 3108 Hesiodi
1248 3047 1395 3128 imprimis
1415 3061 1447 3111 et

284 3149 491 3230 qnomicorum
513 3150 640 3212 carmina
663 3168 799 3229 sparsum
823 3158 882 3223 est,
901 3148 987 3210 etiam
1008 3158 1120 3229 septem
1142 3149 1208 3212 illos
1232 3149 1281 3231 qui
1306 3150 1447 3213 dicuntur

284 3251 430 3333 sapientes
445 3260 581 3313 nontam
596 3251 792 3331 philosophos
808 3270 895 3333 quam
911 3251 988 3313 viros
1005 3251 1164 3332 prudentes
1183 3252 1275 3315 luisse
1294 3254 1446 3334 comperi·

284 3373 362 3430 mus,
374 3353 426 3435 qui
438 3354 548 3435 absque
559 3352 704 3415 subtiliori
714 3361 776 3414 arte
787 3373 821 3415 ac
832 3353 983 3434 disciplina
993 3353 1119 3416 breviter
1129 3373 1164 3416 ae
1175 3354 1345 3437 simpliciter
1356 3374 1446 3437 prae-

285 3457 423 3537 ceperint,
439 3474 513 3537 qnae
527 3455 676 3535 multiplex
691 3474 789 3517 rerum
805 3476 877 3517 usus
888 3464 917 3517 et
928 3455 1103 3536 experientia
1118 3475 1179 3518 non
1195 3458 1320 3537 vulgaris
1332 3476 1445 3540 suppe-

284 3560 407 3623 ditasset
416 3561 459 3637 ³):
475 3566 655 3640 quaeautem
667 3558 845 3639 Pythagoras
857 3558 976 3638 eiusque
987 3557 1173 3639 dissipium),
1188 3568 1238 3623 aut
1248 3560 1443 3623 Eleaticorum

285 3700 409 3708 --.—-.-.-
422 3699 470 3705 ..-
486 3700 502 3704 -
515 3698 583 3705 ...μ-

353 3766 377 3829 1)
396 3763 533 3817 Tusculan.
544 3761 577 3828 V,
589 3762 614 3812 4.
639 3761 677 3813 Cl.
690 3762 767 3814 Acad.
780 3769 875 3830 poster.
891 3762 913 3826 1,
926 3762 950 3811 4.

352 3852 378 3916 2)
397 3849 480 3917 Epist.
494 3848 517 3915 1,
531 3848 546 3899 2
559 3864 583 3899 v.
596 3846 620 3898 3.
633 3848 657 3897 4.

352 3935 377 4001 3)
397 3927 569 4003 Καταμάθοι
581 3924 616 3984 ἄν
627 3949 669 3990 τις
681 3925 771 3984 αὐτῶν
782 3928 832 3999 τὴν
844 3933 952 4001 σοφίαν
962 3926 1092 3998 τοιαύτην
1104 3925 1202 3999 οὖσαν,
1215 3928 1325 4005 ῥήματα
1335 3934 1444 4005 βραχέα

284 4014 525 4091 ἀξιομνημόνευτα
537 4014 647 4086 ἑκάστῳ
661 4018 801 4089 εἰρημένα.
829 4017 895 4070 Plat
907 4017 1009 4083 Protaq.
1018 4033 1043 4085 p.
1056 4016 1106 4070 eta
1119 4018 1146 4070 B.
1174 4018 1214 4070 Hx
1226 4019 1265 4070 his
1276 4033 1339 4086 quae
1350 4019 1384 4069 ad
1396 4020 1443 4070 do-

284 4107 410 4158 mesticam
426 4105 666 4157 administrationem
683 4104 811 4171 pertinent
821 4102 970 4156 Plutarchus
987 4104 1117 4170 proposuit
1128 4102 1198 4170 Sept
1211 4103 1270 4171 Sap.
1286 4119 1360 4155 conv.
1373 4120 1396 4155 e.
1412 4105 1443 4155 1²

285 4199 312 4243 et
327 4192 384 4243 binc
400 4193 530 4258 desumpta
547 4189 672 4242 Stobaeus
684 4189 754 4240 Flor.
767 4187 806 4255 ⁸5,
821 4188 853 4239 14
865 4195 923 4240 tom.
937 4186 970 4240 lll
981 4204 1005 4256 p.
1021 4188 1069 4239 176
1081 4187 1160 4241 Gaisl.
1180 4189 1307 4241 Chilonem
1319 4190 1443 4256 imprimis

284 4276 529 4343 llioq.1.aert.tom.
546 4274 557 4326 l
572 4291 596 4341 p.
609 4274 643 4324 lb
659 4273 755 4325 lluehn.
775 4274 934 4341 praecepisse
954 4282 1086 4326 memorat:
1107 4270 1266 4344 μανθάνειν
1286 4273 1334 4341 τῆς
1354 4270 1444 4325 αὑτοῦ

285 4362 377 4421 nialus
388 4362 478 4418 καλῶς
491 4363 668 4432 προστατεῖν.

351 4448 377 4505 dt
395 4446 432 4497 lle
441 4452 556 4496 veterum
565 4443 779 4511 Pythagoreorum
789 4444 919 4511 disciplina
930 4445 1019 4511 ethica,
1031 4445 1151 4511 imprimis
1162 4444 1272 4512 politica,
1283 4451 1389 4512 praeter
1397 4462 1443 4497 eos
