3276 5144
792 398 942 495 Q

291 586 411 651 reniret
458 585 549 649 Nobis
573 604 675 648 verum
702 585 808 649 vidisse
833 587 978 659 videntur,
1003 587 1055 669 qui
1080 606 1143 650 non
1168 589 1379 652 transsiliendis
1403 591 1456 654 sed

291 688 517 771 transponendis
537 689 631 751 verbis
648 707 801 752 removere
821 691 1013 754 offensionem
1034 691 1204 767 voluerunt,
1233 694 1381 773 totiusque
1400 694 1455 756 loci

292 799 463 858 centenum
488 791 569 855 buno
589 792 680 854 fuisse
699 793 861 856 credimus:
888 794 913 856 N
922 814 962 856 os
986 802 1166 857 terrarum
1192 813 1231 857 ac
1256 795 1455 859 libertatis

292 906 478 962 extremos
497 913 665 958 recessus
687 896 765 976 ipse
786 916 826 958 ac
846 897 949 959 sinus
968 897 1088 959 lamae
1106 898 1145 958 in
1165 897 1262 960 hunc
1282 899 1376 961 diem
1391 900 1454 962 de·

291 1000 428 1064 iendit:
457 1014 611 1079 namque
638 1015 740 1059 omne
762 999 934 1078 ignotum
960 1018 1023 1081 pro
1050 999 1249 1079 magnifico
1274 1009 1341 1063 est.
1385 1001 1454 1064 Sed

292 1120 389 1166 nuno
412 1103 592 1166 terminus
617 1101 832 1163 Britanniae
860 1109 970 1183 patet
1014 1101 1122 1164 Nulla
1147 1102 1215 1164 iam
1242 1103 1341 1166 ultra
1366 1123 1455 1185 gons

292 1195 358 1268 e'tc.
402 1205 562 1268 Recensum
577 1224 612 1267 ac
625 1205 725 1266 sinum
740 1204 835 1267 famae
851 1204 929 1277 dicit,
951 1213 986 1267 ut
1004 1204 1115 1268 famam
1131 1205 1356 1269 Caledoniorum
1372 1206 1456 1287 quasi

292 1316 438 1370 remotam
453 1317 485 1370 et
498 1309 535 1369 ab
549 1307 729 1370 accusatione
743 1308 848 1369 notitia
862 1307 1026 1370 seiunctam
1041 1308 1194 1387 significet,
1210 1315 1243 1370 ut
1256 1310 1329 1370 nihil
1339 1318 1457 1391 praeter

293 1412 453 1475 obscurum
468 1411 616 1492 quendam
631 1427 785 1472 rumorem
799 1410 836 1472 ad
851 1409 1003 1472 Romanos
1023 1411 1211 1490 permanarit.
1256 1412 1343 1474 Hunc
1357 1431 1455 1475 reces-

195 1534 198 1539 ·
292 1533 361 1577 sum
376 1514 463 1595 igitur
477 1533 511 1576 ac
525 1514 623 1575 sinum
638 1513 744 1585 lamae,
765 1531 858 1593 quum
875 1513 938 1574 lere
958 1513 1050 1594 ignoti
1065 1514 1206 1576 Romanis
1223 1524 1332 1590 essent,
1352 1515 1456 1577 delen·

293 1617 371 1680 disse
386 1636 437 1679 cos
452 1617 634 1697 tutioresque
648 1634 665 1677 a
680 1616 883 1678 Romanorum
903 1617 1071 1679 incursione
1090 1617 1280 1697 praestitisse,
1299 1627 1456 1701 propterea

294 1720 373 1802 qdod
389 1738 477 1782 omne
491 1718 627 1800 quotum
641 1737 696 1799 pro
711 1719 865 1800 magnifico
880 1738 946 1780 esse
966 1719 1073 1793 soleat,
1094 1720 1219 1801 ideoque
1240 1720 1363 1803 deipsis
1378 1740 1457 1802 quo-

295 1843 353 1906 qne
373 1822 526 1902 magnilica
544 1822 620 1906 apud
635 1822 786 1884 Romanos
806 1820 982 1885 existimatio
1001 1822 1099 1885 fuerit.
1143 1823 1230 1885 Nunc
1242 1832 1352 1899 autem,
1371 1833 1456 1907 pate-

294 1927 371 1989 facto
387 1925 553 1989 Britanniae
572 1926 710 1999 termino,
731 1932 875 1987 mutatam
896 1943 961 1987 esse
980 1943 1081 1987 rerum
1102 1943 1222 1988 suarum
1244 1927 1455 1990 conditionem.

295 2029 453 2110 Namque
473 2046 528 2109 pro
548 2036 662 2109 atque
677 2045 694 2088 a
708 2027 793 2089 nobis
808 2027 973 2108 repositum
989 2028 1014 2089 si
1030 2028 1095 2108 quis
1110 2029 1317 2110 reprehendat,
1332 2046 1393 2091 non
1407 2047 1456 2090 re-

295 2132 499 2216 pugnabimus,
516 2130 677 2211 quominus
691 2131 717 2193 is
731 2133 763 2192 in
777 2132 892 2210 vulgata
906 2129 1032 2193 lectione
1046 2150 1168 2193 securus
1183 2132 1357 2212 acquiescat.

380 2235 415 2297 ln
431 2234 533 2297 eadem
557 2234 672 2315 Galgaoi
692 2233 834 2308 oratione,
856 2251 919 2316 cap.
942 2232 1044 2307 xxxi,
1067 2232 1457 2309 quinamentorum

296 2338 455 2424 scriptura:
487 2355 555 2399 nos
583 2336 725 2416 integri
754 2343 790 2397 et
816 2336 987 2397 indomiti
1017 2344 1054 2398 et
1078 2337 1117 2398 iu
1143 2337 1361 2401 libertatem
1382 2357 1457 2401 non

295 2442 332 2506 in
354 2441 624 2524 poenitentiam
643 2440 771 2517 laturi,
794 2437 1028 2501 emendationem
1044 2439 1124 2502 haud
1134 2449 1213 2503 certe
1223 2442 1458 2523 improbabilem,

295 2545 367 2608 olim
381 2561 399 2606 a
414 2543 499 2606 nobis
511 2542 715 2624 excogitatam,
732 2541 883 2623 occupavit
892 2540 1086 2625 Peerlkampii
1100 2543 1251 2623 sagacitas,
1264 2544 1358 2606 deleta
1371 2563 1459 2625 prae·

296 2647 442 2729 positione
454 2646 700 2709 antelibortatem
711 2647 812 2729 proin
827 2645 1095 2731 poenitentiam
1110 2647 1299 2710 scribendum
1310 2666 1377 2709 esse
1387 2663 1459 2709 cen·

296 2750 401 2813 sends:
416 2750 563 2831 impune
583 2755 770 2812 tentatam.
801 2751 860 2823 Sed
874 2753 947 2815 mihi
962 2752 1050 2815 etiam
1064 2750 1250 2833 participium
1263 2750 1376 2813 laturi
1391 2768 1459 2814 cor-

297 2859 420 2937 ruptum
436 2872 472 2917 ex
485 2853 603 2916 ulturi
621 2852 783 2916 ridebatur.
817 2855 886 2917 Non
905 2855 994 2919 nimis
1016 2855 1156 2917 audacem
1178 2872 1244 2915 esse
1263 2854 1459 2915 mutationem

295 2956 476 3031 fatebuntur,
492 2957 543 3037 qui
556 2956 756 3039 reputaverint
768 2975 824 3039 pro
839 2957 992 3040 impune
1006 2957 1095 3020 etiam
1116 2956 1288 3038 imposne
1307 2956 1408 3030 scribi,
1429 2963 1460 3018 et

268 3088 272 3095 ·
296 3065 493 3134 tentatam,
520 3078 574 3140 per
594 3060 803 3140 compendium
829 3061 982 3141 scriptum,
1008 3059 1146 3122 facillime
1162 3059 1193 3120 in
1208 3059 1364 3122 tentiam
1379 3059 1458 3121 abire

297 3163 437 3245 potuisse.
458 3162 534 3224 Nam
549 3163 586 3225 de
601 3162 763 3225 coniunctis
778 3163 895 3244 syllabis
911 3182 986 3244 quae
999 3162 1129 3244 separari
1143 3161 1292 3233 deberent,
1308 3178 1370 3222 non
1384 3180 1459 3242 opus

297 3272 344 3326 ost
358 3264 429 3327 dici:
455 3282 553 3346 neque
566 3266 825 3347 praepositionem,
852 3274 992 3346 corrupta
1016 3265 1047 3328 in
1072 3265 1153 3327 hunc
1177 3264 1302 3326 modum
1324 3263 1458 3337 lectione,

297 3372 366 3430 aute
393 3367 604 3430 libertatem
632 3368 669 3430 ab
693 3368 791 3450 aliquo
817 3376 984 3431 correctore
1008 3367 1138 3430 additam
1164 3383 1342 3448 magnopere
1368 3366 1459 3428 mba-

297 3469 406 3533 bimur.

382 3573 452 3656 Cap.
466 3571 596 3647 xxxiv,
613 3573 642 3636 3.
687 3573 914 3637 Nouissimas
934 3592 991 3637 res
1012 3579 1048 3634 st
1065 3581 1231 3636 extremo
1252 3578 1354 3635 metu
1374 3590 1459 3634 cor-

299 3694 391 3759 pora
405 3677 567 3739 defixere
587 3676 698 3739 aciem
717 3677 754 3739 in
773 3677 829 3739 his
850 3678 1027 3758 vestigiis.
1056 3676 1201 3749 Haeosio,
1216 3677 1295 3738 utin
1310 3674 1460 3739 codicibus

298 3780 444 3860 leguntur,
468 3779 597 3841 Kritzius
622 3779 756 3842 exhibuit
777 3797 907 3861 sanaque
927 3799 991 3843 esse
1011 3785 1102 3863 putat.
1137 3779 1212 3842 Nam
1237 3779 1460 3842 notissimas

298 3900 357 3945 res
380 3882 437 3945 dici
454 3900 510 3965 pro
530 3883 668 3963 pessimis
687 3902 722 3946 ac
741 3884 913 3965 desperatis,
933 3883 1009 3945 ultra
1023 3902 1097 3965 quas
1112 3881 1184 3944 nibil
1199 3882 1315 3962 gravius
1329 3882 1461 3944 accidere

299 3985 402 4067 possit,
428 3992 459 4047 st
483 3993 647 4048 extremo
674 3993 774 4049 metu
799 4004 952 4068 corpora
978 4004 1032 4067 pro
1046 3985 1363 4048 hominibusertremo
1379 3992 1461 4047 metu

300 4088 443 4169 correptis
469 4089 626 4169 animoque
652 4096 774 4170 propter
793 4108 933 4172 pavorem
952 4090 993 4152 ita
1012 4089 1174 4163 destitutis,
1200 4096 1235 4151 ut
1252 4086 1460 4151 tantummodo

300 4209 424 4272 corpora
443 4210 510 4253 esse
529 4191 693 4254 videantur.
722 4191 867 4272 Equidem
890 4192 927 4254 de
946 4192 1114 4254 novissimis
1130 4191 1218 4254 rebus
1233 4208 1295 4252 non
1310 4188 1460 4262 dissentio,

301 4293 481 4375 praeivitque
497 4294 572 4357 hanc
586 4295 859 4375 interpretationem
878 4295 938 4357 iam
951 4295 1074 4357 Wexius
1089 4294 1176 4358 Proll.
1190 4312 1220 4375 p.
1238 4292 1318 4369 1973
1337 4292 1389 4355 sed
1409 4310 1461 4353 ex-
