3284 5152
665 482 814 579 .--ΗΞ-
1050 485 1065 517 ”

163 670 279 733 dentur.
307 670 350 732 Ac
363 669 494 750 primum
509 670 628 750 quidem
642 672 673 732 in
687 690 721 732 ea
736 676 828 751 parte,
845 669 897 732 ubi
909 671 1018 733 chorus
1032 689 1222 754 summopere
1236 691 1268 734 ae
1279 670 1326 733 in-

164 772 276 853 dignari
290 773 455 853 profitetur,
471 791 563 853 quum
580 791 665 834 senes
685 774 865 854 grandaevos
880 792 914 835 ao
929 773 1091 854 decrepitos
1106 775 1143 836 ab
1155 775 1326 837 adolescen-

163 876 242 939 tibus
257 875 474 938 amusatoribus
489 876 520 936 in
534 876 580 937 ius
595 876 691 938 vocari
705 876 862 956 vexarique
877 875 982 948 videat,
998 876 1028 937 in
1043 895 1130 939 versu
1147 875 1218 950 685,

363 967 382 1039 ὁ
406 971 444 1038 δὲ
464 976 591 1052 νεανίας
613 969 723 1060 ἑαυτῷ
744 971 940 1051 σπουδάσας
962 975 1155 1062 ξυνηγορεῖν,

163 1079 271 1160 ambigi
285 1087 393 1161 potest,
408 1081 648 1160 coniungendane
670 1081 729 1141 sint
742 1080 830 1143 rerba
850 1072 869 1143 ὁ
892 1075 931 1142 δὲ
951 1073 1089 1157 νεανίας,
1112 1092 1145 1144 ιιι
1165 1072 1184 1143 ὁ
1206 1098 1261 1162 pro
1278 1097 1327 1142 ar-

162 1183 253 1246 ticulo
268 1183 440 1264 accipiatur,
463 1183 634 1263 dicaturque
654 1183 825 1245 adolescens
845 1183 966 1245 annisus
988 1201 1070 1255 esse,
1094 1191 1130 1246 ut
1149 1177 1327 1267 συνηγόρου

164 1302 273 1347 munus
287 1285 343 1348 sibi
358 1285 561 1363 demandetur,
577 1302 614 1349 an
629 1286 728 1365 potius
744 1276 763 1346 ὁ
781 1279 820 1346 δὲ
833 1284 1056 1347 demonstrativi
1071 1287 1257 1366 pronominis
1268 1286 1328 1348 rim

163 1387 269 1450 babeat
284 1393 356 1469 (quo
372 1404 461 1450 sensu
477 1407 511 1449 er
526 1388 804 1468 probatissimorum
819 1387 1076 1468 grammaticorum
1091 1396 1225 1451 veterum
1240 1406 1326 1470 prae·

165 1497 250 1571 cepto
267 1478 286 1551 ὃ
308 1483 347 1552 δέ
359 1490 547 1552 scribendum
570 1491 695 1568 erit⁵)),
717 1488 846 1564 νεανίας
866 1497 965 1551 autem
986 1507 1047 1552 non
1067 1491 1266 1553 nominativus
1286 1492 1325 1554 sit

164 1593 216 1654 sed
232 1593 410 1654 accusativus
424 1592 560 1674 pluralia,
587 1594 759 1674 dicaturque
779 1599 940 1665 accusator,
961 1592 1025 1654 solo
1047 1593 1224 1673 pronomine
1244 1580 1265 1655 3
1287 1587 1327 1656 δέ

164 1695 345 1775 designatus,
366 1712 486 1758 summo
508 1695 606 1758 studio
627 1695 828 1768 contendisse,
856 1704 890 1757 ut
913 1695 1113 1756 adolescentes
1134 1695 1247 1776 aliquot
1266 1696 1329 1757 sibi

165 1792 340 1881 συνήγοροι
361 1799 391 1859 h.
406 1818 432 1860 e.
449 1798 597 1862 adiutores
613 1798 817 1872 accusationis,
833 1798 1070 1877 adiungerentur.
1115 1797 1188 1859 Illud
1201 1797 1326 1860 alterum

165 1901 325 1980 quominus
340 1900 552 1980 amplectamur
567 1901 664 1963 obstat
678 1900 832 1963 insolentia
849 1901 1020 1962 locutionis:
1041 1916 1109 1962 nam
1131 1899 1167 1961 ad
1192 1900 1326 1963 indican-

165 2001 232 2063 dam
258 2002 414 2075 actionem,
439 2020 529 2083 quam
553 2004 657 2084 aliquis
671 2003 728 2065 sibi
743 2003 912 2064 demandari
927 2003 1017 2085 cupit,
1032 2002 1129 2064 solum
1146 2002 1322 2065 infinitivum

165 2121 233 2165 cum
249 2104 428 2183 pronomine
443 2105 594 2185 reciproco
617 2122 672 2167 nec
687 2104 808 2166 memini
824 2123 872 2165 me
887 2122 1020 2185 unquam
1035 2112 1212 2184 usurpatum
1227 2105 1325 2185 legere

165 2222 220 2268 uec
240 2206 379 2286 usurpari
400 2207 529 2287 potuisse
554 2206 689 2269 arbitror.
734 2207 771 2267 Et
788 2207 880 2268 movit
894 2207 951 2269 hoc
971 2208 1096 2270 fortasse
1111 2208 1145 2269 Α.
1160 2208 1324 2280 llr'rllerum,

165 2315 199 2370 nt
213 2327 266 2389 pro
282 2300 390 2391 ἑαυτῷ
412 2308 634 2372 rescribendum
657 2317 791 2371 censeret
812 2301 950 2392 ἑταίρῳ,
971 2328 1030 2391 quo
1056 2310 1204 2372 dicaretur
1224 2311 1324 2373 adole·

164 2428 249 2473 scens
264 2409 312 2471 ille
328 2429 449 2490 operam
464 2411 592 2485 dedisse,
613 2419 648 2474 ut
668 2410 769 2484 sodali,
785 2428 874 2491 quem
889 2412 961 2473 item
973 2413 1189 2475 adolescentem
1205 2413 1325 2492 cogitari

165 2512 320 2594 oportebit,
338 2506 515 2597 συνήγορος
529 2514 589 2576 sive
604 2513 702 2576 socius
718 2514 748 2574 in
762 2513 926 2576 accusando
941 2514 1003 2594 ipse
1019 2515 1112 2577 fieret.
1142 2515 1326 2578 Hamalrerus

164 2633 218 2697 pro
234 2605 344 2697 ἑαυτῷ
358 2615 446 2676 scribi
461 2615 552 2677 voluit
566 2609 709 2700 ἔσαττον,
732 2636 792 2698 quo
808 2623 926 2695 recepto
940 2617 1028 2678 etiam
1042 2618 1074 2678 in
1088 2618 1223 2698 proximo
1238 2634 1325 2680 versu

164 2735 235 2791 uon,
255 2724 395 2791 munuc,
426 2711 461 2791 ἐς
482 2711 583 2794 τάχος
605 2710 711 2795 παίει,
737 2719 789 2781 sed
810 2709 873 2791 κᾶς
894 2712 993 2794 τάχος
1014 2719 1110 2782 παίει
1134 2720 1323 2783 scribendum

164 2840 230 2883 esse
252 2827 382 2901 apparet.
426 2819 558 2882 Retineri
583 2813 617 2893 ἐς
638 2813 739 2897 τάχος
760 2820 869 2903 poterit
894 2820 919 2881 si
948 2839 1016 2882 cum
1042 2820 1186 2883 ltleinekio
1213 2822 1323 2883 Vindio.

164 2923 314 3005 Aristoph.
340 2941 369 3003 p.
401 2922 440 2983 tt
465 2938 528 2983 non
553 2914 685 3006 ἑσρὶσιει
707 2923 758 2985 sed
785 2922 970 3006 participium
998 2915 1143 3007 ἐσᾴττων
1163 2925 1322 2986 scribatur:

164 3043 344 3106 quamquam
359 3025 438 3106 quod
453 3025 532 3087 idem
548 3024 592 3086 vir
606 3024 793 3088 doctissimus
807 3020 1004 3098 σπουδάσας
1026 3021 1209 3108 ξυνηγορεῖν
1231 3027 1266 3087 de
1282 3026 1323 3088 si-

165 3129 275 3189 mulato
296 3146 398 3190 senem
419 3127 593 3189 defendendi
613 3127 711 3190 studio
737 3128 957 3211 interpretatur,
985 3127 1101 3209 probari
1127 3128 1209 3189 nullo
1235 3130 1324 3190 modo

164 3236 269 3311 potest.
313 3230 427 3310 Quippe
443 3231 540 3291 omnis
555 3229 643 3292 huius
657 3231 714 3293 loci
730 3238 883 3319 contextus
898 3249 960 3293 non
975 3231 1011 3292 de
1027 3231 1165 3292 advocato
1181 3237 1210 3292 et
1221 3231 1323 3292 deten-

163 3349 229 3393 sore
250 3332 342 3406 senis,
364 3332 415 3394 sed
437 3339 553 3394 tanturn
573 3334 610 3394 de
635 3342 803 3396 accusatore
823 3334 947 3395 chorum
968 3335 1048 3415 loqui
1069 3333 1260 3407 demonstrat,
1294 3340 1324 3394 et

164 3428 338 3516 συνήγοροι
360 3435 391 3495 in
405 3433 528 3516 publicis
544 3437 649 3509 causis,
664 3437 714 3499 ubi
729 3436 834 3517 aliquis
849 3455 903 3518 per
918 3427 1123 3517 εἰσαγγελίαν
1144 3453 1213 3497 rcus
1227 3436 1324 3498 iactus

165 3541 236 3609 erat,
251 3552 311 3597 non
325 3536 368 3597 rei
383 3537 522 3609 adsueui,
538 3538 617 3598 seda
632 3540 743 3621 populo
759 3539 910 3601 constituti
922 3545 1054 3600 oratores
1070 3537 1250 3610 dicebantur,
1272 3539 1322 3619 qui

164 3639 328 3718 principem
342 3646 549 3712 accusatorem,
571 3638 600 3699 h.
621 3660 647 3702 e.
670 3660 738 3703 eum
759 3643 810 3723 qui
825 3633 1031 3722 εἰσαγγελίαν
1050 3640 1168 3712 iecerat,
1189 3641 1220 3700 in
1234 3658 1321 3701 accu-

164 3741 255 3804 sando
270 3740 441 3804 adiuvarent
455 3759 571 3822 unaque
588 3760 654 3804 cum
670 3763 706 3805 eo
721 3762 806 3806 reum
821 3744 921 3827 populi
933 3742 1052 3804 nomine
1065 3750 1321 3823 persequerentur.

163 3846 211 3908 Sic
220 3845 307 3926 igitur
316 3844 415 3905 locum
427 3844 678 3926 interpretandum
691 3846 807 3908 dicemu
815 3846 1054 3908 setiamadmissa
1062 3845 1110 3907 illa
1120 3845 1319 3907 correctione:

162 3948 214 4009 sed
257 3945 468 4009 admittendam
504 3951 603 4006 tamen
636 3946 715 4008 illam
748 3948 839 4009 nilrilo
875 3949 966 4028 magis
1004 3965 1168 4010 censemus.
1228 3948 1319 4009 blulto

163 4050 304 4112 leuiorem
319 4048 494 4112 medicinam
509 4046 665 4109 Elmsleiue
676 4050 816 4125 adhibuit,
831 4050 960 4113 ararica
969 4068 1024 4131 piro
1035 4049 1170 4123 νεανίας,
1186 4068 1321 4131 eamque,

163 4160 199 4212 ut
212 4153 282 4214 olim
302 4152 475 4224 Meinelrius,
501 4150 544 4212 sic
563 4150 652 4212 etiam
673 4168 753 4214 nunc
772 4153 939 4215 ltindorfius
960 4152 1103 4234 probavit.
1151 4152 1188 4213 Et
1208 4152 1322 4214 tollitur

163 4271 232 4316 sane
248 4254 290 4316 sic
304 4255 401 4316 cmuis
417 4253 600 4332 ambiguitas,
616 4271 672 4316 nec
686 4254 814 4317 dubitari
827 4262 925 4335 potest
940 4257 1011 4334 quin
1025 4255 1139 4317 dicatur
1153 4253 1208 4325 ille,
1231 4242 1249 4315 ὃ
1273 4249 1320 4327 δέ,

165 4396 204 4406 a>
223 4398 275 4407 vno-
297 4402 363 4409 ‹u-a-

232 4474 257 4533 5)
276 4472 312 4523 Ci.
328 4473 457 4526 Auiurudv.
472 4477 501 4524 ad
517 4482 577 4526 vett.
592 4490 696 4541 gramm.
709 4477 789 4527 doctr.
802 4478 831 4526 di·
845 4473 954 4527 articulo
967 4491 989 4540 p.
1002 4476 1035 4525 30
