3284 5152
804 483 956 580 ...Q

297 669 414 733 numeri
433 666 668 749 incongruentia,
694 658 787 745 ὅστις
807 702 847 714 -
868 661 1010 745 τούτοις,
1031 668 1259 751 haudquaquam
1281 669 1398 735 insolita
1419 680 1464 734 est

298 770 472 850 broilumque
485 769 575 837 hauet
589 767 822 850 explicationem.
853 768 911 832 Sed
927 768 1004 833 hano
1024 770 1117 852 ipsam
1136 771 1238 835 tallere
1254 771 1321 834 lieet
1335 771 1462 837 admissa
1561 828 1565 833 .

299 872 514 947 emendatione,
529 889 605 952 quae
619 870 693 935 mibi
708 870 789 946 olim,
805 881 835 935 et
849 871 928 937 baud
944 872 1005 935 soie
1020 889 1057 939 an
1073 873 1136 937 aliie
1151 891 1271 955 quoque
1285 873 1316 937 iu
1331 884 1462 938 mentem

299 976 388 1051 venit,
402 969 442 1039 ad
457 970 592 1057 σῶφρον
605 964 783 1057 εἰλήχασιν.
810 973 885 1036 Nam
900 979 970 1055 post
983 973 1112 1041 dativum
1128 966 1222 1050 ὅσοις
1237 974 1358 1043 rubum
1374 967 1465 1060 εἰλή-

298 1093 397 1155 χασιν
417 1075 529 1157 absque
543 1075 651 1147 diserta
670 1073 774 1141 mutati
797 1074 921 1141 subieoti
941 1075 1140 1157 designatione
1160 1076 1291 1159 positum
1313 1078 1462 1145 nemiuem

300 1178 438 1243 mandet.

388 1280 487 1347 Helen
500 1299 526 1343 r.
543 1280 584 1345 35
599 1281 673 1345 luno
687 1280 794 1345 dieitur
807 1280 998 1345 simulacrum
1010 1278 1136 1343 Helenae
1150 1280 1281 1355 barbae,

502 1374 806 1464 czaslavienses
828 1373 966 1464 οὐρανοῦ
987 1374 1132 1460 §enbald
1153 1376 1231 1458 lino,

301 1496 332 1550 et
344 1486 471 1550 tuendae
485 1485 710 1568 praepositionis
725 1503 813 1548 causa
827 1485 949 1549 luerunt
963 1485 1014 1567 qui
1027 1485 1183 1567 significari
1202 1494 1407 1563 autumarent,
1428 1490 1462 1552 il·

301 1590 350 1655 lud
366 1589 557 1653 simulacrum
573 1605 629 1670 ope
644 1586 769 1649 aetberie
784 1586 953 1655 coniectum
968 1606 1042 1661 esee,
1057 1588 1147 1669 idque
1168 1590 1355 1672 comprobari
1375 1590 1462 1654 etiam

160 1726 163 1731 ·
302 1710 388 1756 versu
403 1691 476 1767 did,
491 1690 542 1753 ubi
555 1689 674 1752 elabens
689 1689 880 1753 simulacrum
895 1690 980 1757 dicit:
994 1682 1110 1772 πατέρ’
1126 1682 1173 1767 εἶς
1185 1684 1321 1773 οὐρανόν
1330 1684 1463 1773 ἄπειμι,

302 1802 333 1859 et
357 1812 443 1858 versu
463 1792 539 1866 584,
566 1791 616 1854 ubi
647 1794 800 1874 quaerenti
826 1790 972 1866 llenelao,
997 1789 1055 1859 ναὶ
1085 1794 1135 1869 τίς
1155 1788 1322 1874 βλέποντα
1343 1786 1465 1877 σώματ’

302 1891 522 1978 terpretetur,
543 1895 704 1977 respondet
720 1894 837 1970 Helena,
852 1887 986 1980 Αἰθήρ.
1008 1896 1155 1973 Quaerere
1169 1902 1268 1961 autem
1283 1906 1352 1963 aute
1367 1898 1466 1965 omnir

302 2001 456 2075 debebant,
471 2016 641 2080 unquamne
656 1998 699 2062 eie
712 1998 781 2061 alibi
794 1991 862 2061 ὑπό
875 1998 989 2066 dutum
1004 2017 1020 2063 t
1039 2018 1189 2082 quoquam
1210 2002 1249 2065 ait
1268 2010 1319 2069 aut
1334 2001 1390 2069 diui
1410 2020 1464 2084 po·

303 2104 393 2173 tuerit
406 2104 443 2167 de
458 2122 505 2176 eo,
520 2102 604 2169 maius
626 2100 730 2182 aliquis
744 2101 852 2165 auritio
876 2101 907 2163 in
927 2120 1016 2183 opere
1036 2103 1170 2167 fauente
1191 2112 1305 2179 alatum
1324 2104 1353 2168 id
1372 2104 1467 2169 dones

302 2208 459 2290 probatum
468 2205 567 2279 luerit,
576 2203 715 2286 equidem
725 2195 797 2267 α’πό
807 2205 1010 2286 reponendum
1021 2224 1087 2267 esee
1095 2224 1212 2281 censeo,
1225 2207 1304 2289 quod
1315 2206 1465 2273 Raisltium

303 2328 423 2396 quoque
438 2308 565 2375 voluiaee
580 2308 673 2371 video.
698 2307 766 2369 Nan
781 2306 861 2369 anim
876 2308 984 2373 auritio
1000 2309 1099 2371 neseio
1111 2327 1170 2391 quo
1186 2310 1262 2375 Caeli
1273 2319 1324 2377 aut
1333 2308 1466 2377 terteris

303 2415 448 2480 lunonem
462 2413 494 2477 in
507 2409 644 2493 lingendo
655 2410 812 2475 simonem
828 2426 913 2477 tuam
925 2410 1061 2485 arbitror,
1073 2412 1124 2475 sed
1136 2414 1289 2477 materiam
1302 2432 1337 2477 er
1348 2413 1465 2477 aethere

305 2524 454 2601 sumpturo
469 2515 500 2577 iu
514 2513 646 2579 mulieris
661 2514 787 2578 termam
803 2513 1010 2579 eandemmse.
1055 2514 1139 2588 Quod
1155 2534 1249 2596 quum
1268 2516 1397 2581 aetheris
1412 2532 1465 2583 na·

305 2630 381 2694 tura,
395 2640 432 2685 er
446 2617 592 2702 Euripidis
606 2617 725 2699 malem
747 2615 907 2691 sententia,
925 2616 989 2699 ipsa
1008 2617 1172 2685 animabilis
1192 2626 1272 2682 esset
1291 2620 1465 2702 vitalemque

304 2725 442 2809 spiritum
456 2724 485 2787 iu
500 2741 533 2784 ee
547 2721 679 2799 baberet,
694 2755 736 2767 -
751 2718 1002 2801 quemadmodum
1017 2721 1105 2785 etiam
1118 2721 1210 2787 stoiu
1222 2722 1381 2793 censebant
1396 2721 1465 2801 trit.

306 2823 621 2898 (iterandum,
642 2824 692 2889 tit.
713 2832 743 2886 et
762 2824 813 2897 45,
838 2822 931 2896 lli),
952 2821 1023 2887 ltine
1043 2822 1153 2893 Helena
1171 2832 1253 2893 reate
1274 2824 1406 2893 Menelao
1425 2825 1465 2895 id,

305 2930 385 3013 quod
400 2946 488 3014 supra
504 2927 667 3011 posuimus,
681 2927 861 3009 respondere
876 2926 982 3010 poterit
997 2928 1078 3010 quot
1087 2947 1149 3009 quo
1161 2926 1252 2993 modo
1263 2927 1462 3011 accipiendam

305 3033 354 3109 ait,
369 3033 458 3097 etiam
472 3030 605 3115 prorima
620 3030 707 3095 rerba
722 3030 891 3103 ostendunt,
908 3022 991 3093 dass
1012 3026 1050 3093 οὐ
1073 3021 1253 3115 θεοπόνητ’
1274 3021 1360 3108 ἔχεις
1380 3024 1464 3112 λέχη,

307 3139 336 3199 b.
357 3157 384 3200 e.
405 3126 463 3222 ἐφ’
493 3119 533 3195 οὗ
555 3132 600 3199 vel
622 3124 658 3210 ἐξ
679 3114 727 3208 οὗ,
749 3134 923 3215 neutiquam
942 3139 1042 3197 eutem
1064 3125 1121 3215 ὑφ’
1142 3118 1191 3197 οὗ.
1234 3133 1276 3197 lie
1291 3132 1465 3216 permutatis

306 3240 492 3307 librariorum
518 3254 618 3301 urere
639 3235 904 3320 praepositionibus
924 3225 996 3299 dud
1021 3244 1052 3298 et
1078 3226 1147 3301 too
1173 3237 1270 3303 liuere
1291 3236 1364 3303 uilail
1391 3253 1465 3317 opus

308 3348 363 3407 eei.
406 3342 502 3407 Etiam
523 3339 600 3421 apud
622 3339 800 3410 llaesiodum,
820 3339 918 3419 theos.
941 3355 966 3399 ν.
987 3339 1048 3401 tlt
1069 3354 1130 3405 uon
1151 3328 1210 3403 ὑπ’
1235 3328 1376 3421 οὐρανοῦ
1397 3356 1464 3405 mm

308 3443 484 3524 Goettlinqio
502 3462 520 3507 a
541 3442 689 3526 plerisque
708 3441 868 3515 rodidbue,
888 3441 940 3505 sed
963 3430 1022 3503 ἀπ’
1045 3431 1183 3523 οὐρανοί·
1198 3459 1265 3504 cum
1280 3438 1465 3525 paucioribus

308 3547 497 3615 mendam
512 3566 577 3610 esse
591 3546 695 3611 monui
709 3546 740 3608 iu
755 3545 862 3628 Opuso.
878 3543 905 3607 ll
918 3564 947 3627 p.
963 3543 1035 3605 ute.

394 3650 535 3715 Eiusdem
548 3649 664 3715 tabulae
680 3668 706 3710 ν.
723 3647 785 3709 aot
799 3646 886 3727 volgo
901 3646 1008 3727 legitur

451 3742 474 3838 ἢ
495 3747 689 3840 ξιφοκτόνον
711 3746 840 3831 δίωγμα

451 3848 653 3942 λοιμορότοο
676 3853 808 3940 σφαγᾶς

453 3951 671 4040 αὐτοσίδαρον
694 3947 760 4019 ἔσω
782 3948 918 4017 πελάσω
942 3949 1001 4016 διὰ
1024 3945 1147 4037 σαρκὸς
1169 3945 1320 4031 ἅμιλλαν,

309 4072 340 4127 et
353 4056 553 4148 λαιμόροτον
575 4052 707 4147 σφαγάν
728 4057 882 4139 Euripides
901 4057 1008 4120 dixisse
1028 4056 1156 4120 ereditur
1178 4055 1310 4119 vulnus
1323 4063 1376 4119 aut
1390 4075 1466 4119 οοα-

310 4166 389 4228 dem
404 4165 570 4247 gutturis
584 4161 784 4233 stillantis,
798 4160 968 4227 ssulnae
982 4157 1468 4240 sauguinemegutturesli·

309 4268 422 4332 aiens.
466 4268 500 4330 ld
514 4265 588 4330 mibi
601 4282 706 4347 pamm
721 4262 857 4329 credibile
872 4262 995 4326 videtur.
1040 4262 1210 4344 Euripidem
1223 4261 1376 4342 scripsisse
1391 4260 1467 4323 arbi·

308 4378 373 4435 mar
393 4362 593 4454 ξιφοκτόνον
614 4362 762 4450 διωγμὸν
783 4357 961 4451 timeamus
984 4361 1124 4449 σφαγᾶς.
