3178 5136
849 420 911 483 202

790 508 980 516 ...mm--

305 627 335 687 p.
351 605 422 670 603.
452 607 561 670 Eadem
575 608 688 670 ratione
702 606 865 688 Sophocles
880 608 953 670 Ood.
969 608 1028 672 Col.
1045 629 1070 670 v.
1086 608 1148 672 223
1169 609 1238 672 dicit
1257 604 1331 687 δέος
1352 604 1462 690 ἰ’σχεεε

305 704 408 795 μηδὲν
429 700 479 772 tlo'
501 701 604 787 addai,
627 709 694 791 quia
713 701 798 788 ἔχειν
819 718 848 771 ot
869 705 943 786 δέος
965 713 1133 776 coalescunt
1150 712 1182 774 in
1204 713 1357 776 notionem
1383 715 1463 778 verhi

307 807 462 890 δεδιέναι,
475 819 504 873 et
517 812 614 892 paullo
629 813 767 876 audacius
781 813 936 894 Euripides
951 813 982 875 in
997 814 1102 878 Bacch.
1122 834 1148 876 v.
1167 814 1263 877 1281:
1284 807 1349 898 λίγ’
1364 808 1410 892 dg
1422 811 1462 879 σδ

305 909 423 995 μέλλον
440 905 564 997 καρδία
578 907 704 1000 πήδημ>
725 907 804 993 ἔχει,
826 935 882 996 pro
898 910 973 991 δέος
987 912 1125 1001 πήδημα
1139 935 1265 998 ponens,
1280 927 1313 980 ut
1326 920 1462 982 ellectum

307 1016 434 1093 timoris,
464 1018 711 1096 quomadmodum
736 1013 857 1102 τρόμος
881 1038 1093 1101 saepenumero
1128 1020 1241 1083 dicitur.
1289 1022 1344 1085 Est
1375 1022 1464 1102 igitur

305 1113 325 1204 ή
348 1112 471 1204 καρδία
499 1113 639 1205 πήδημα
665 1112 731 1201 ἔχει
757 1124 776 1185 i.
798 1143 826 1205 q.
848 1114 869 1208 ή
891 1115 1013 1206 καρδία
1034 1119 1142 1210 πηδᾷ,
1166 1124 1415 1205 quemadmodum
1443 1104 1463 1209 ή

305 1214 428 1306 καρδία
448 1216 572 1307 τρόμον
593 1215 660 1303 ἔχει
682 1226 701 1287 i.
721 1245 749 1306 q.
773 1220 793 1310 ή
816 1219 938 1309 καρδία
957 1225 1085 1309 vuchei:
1111 1226 1301 1307 quodquam
1324 1221 1464 1312 πήδημα

306 1333 339 1388 nt
356 1317 478 1409 τρόμος
499 1345 554 1407 pro
583 1346 632 1403 eo,
661 1329 744 1391 cuius
778 1329 899 1391 effectus
921 1336 980 1403 est,
1011 1329 1039 1390 h.
1070 1349 1095 1389 a.
1121 1348 1176 1409 pro
1205 1330 1312 1391 timore
1342 1330 1462 1406 dicatur,

307 1429 497 1510 consequitur
527 1431 613 1492 edam
646 1426 786 1516 πήδημα
808 1422 894 1510 ἔχειν
925 1439 957 1493 ut
977 1425 1100 1513 πρόμον
1125 1426 1211 1511 ἔχειν
1235 1433 1341 1495 eodem
1371 1451 1465 1496 sensu

307 1551 366 1615 quo
393 1525 468 1607 δέος
488 1523 574 1613 ἔχειν
598 1535 736 1613 usurpari
761 1545 790 1596 et
819 1552 885 1597 cum
917 1533 1083 1597 accusativo
1105 1535 1168 1597 eius
1203 1536 1244 1596 roi
1278 1554 1367 1617 quom
1396 1537 1464 1617 quis

308 1636 391 1697 timet
414 1637 545 1697 construi
576 1655 675 1717 posse.
722 1638 817 1699 Porro
849 1655 940 1716 quum
969 1636 1109 1717 μοχθεῖν
1136 1638 1177 1699 sit
1208 1637 1362 1715 ίοόονσνι,
1391 1640 1466 1704 haec

306 1739 479 1819 significatio
494 1739 593 1802 addito
608 1740 788 1803 substantivo
808 1731 1045 1823 θεραπεύμασι
1065 1741 1104 1802 ita
1129 1748 1324 1821 temperatur,
1354 1753 1387 1807 ut
1412 1745 1467 1807 alia

307 1843 410 1905 existat
424 1843 527 1904 haece:
547 1839 724 1927 μοχθηρῶς
742 1836 956 1924 θεραπεύειν,
980 1844 1171 1923 quamohrem
1186 1844 1342 1925 Euripides
1368 1845 1467 1909 dicere

308 1945 404 2025 potuit
426 1945 582 2007 Phoeniss.
612 1944 706 2007 1590:
732 1933 755 2006 ἃ
779 1938 871 2007 πόδα
904 1940 962 2008 σδν
986 1940 1180 2031 τυφλόπουν
1209 1942 1467 2029 θεραπεύμασιν

309 2040 381 2112 αἰὲν
401 2040 577 2128 ἐμόχθουν.
631 2049 726 2128 Atque
751 2049 936 2129 passivorum
960 2068 1078 2130 quoque
1104 2049 1260 2113 verborum
1290 2050 1465 2129 significatio

308 2150 346 2212 ila
373 2146 473 2231 potest
501 2150 599 2213 addito
629 2150 813 2212 substantivo
838 2152 1008 2232 temperari,
1037 2161 1070 2214 ut
1098 2152 1201 2215 existat
1228 2153 1351 2215 actionis
1381 2161 1467 2217 tran·

308 2253 407 2316 sitivae
431 2253 528 2328 notio,
554 2254 631 2315 volut
649 2254 685 2316 ad
699 2249 878 2339 τήκεσθαι,
900 2258 1042 2330 commi,
1068 2255 1094 2317 si
1105 2255 1195 2317 addas
1210 2254 1337 2317 dativum
1361 2249 1466 2338 γόοις,

262 2366 291 2417 ta
309 2364 343 2418 ut
357 2357 395 2419 sit
409 2357 543 2418 tonsum
558 2361 700 2427 commi,
722 2356 791 2418 hinc
804 2357 887 2419 notio
906 2357 1000 2420 evadit
1019 2358 1199 2421 lomcotoodi
1218 2358 1288 2420 adeo
1306 2369 1341 2421 ot
1359 2377 1467 2423 ιονιιιι-

308 2464 409 2533 moris,
425 2478 460 2521 ac
472 2459 596 2539 proinde
611 2460 791 2521 accusativus
801 2460 868 2522 addi
883 2461 991 2540 poterit
1005 2461 1067 2523 eius
1079 2462 1130 2537 rei,
1146 2478 1234 2542 quam
1246 2460 1311 2542 quis
1322 2461 1468 2527 lamenta·

307 2572 364 2636 tur,
379 2562 628 2643 quomadmodum
642 2562 798 2642 Euripides
809 2562 881 2625 dixit
894 2563 990 2626 Orest
1003 2563 1078 2627 850:
1090 2559 1129 2627 τὸ
1139 2559 1256 2644 μέλλον
1269 2558 1468 2652 ἐξετηκόμην

309 2658 410 2747 γόοις.
448 2665 527 2728 llaec
542 2664 640 2727 omnia
654 2666 786 2746 exempla
800 2667 858 2728 hoc
872 2666 947 2728 intcr
961 2686 994 2728 se
1009 2684 1168 2729 commune
1182 2667 1302 2741 hahent,
1319 2669 1398 2749 quod
1412 2688 1466 2732 ac-

307 2769 452 2831 cusativus
465 2768 632 2847 adiungitur
646 2785 707 2830 non
722 2787 739 2830 a
753 2769 840 2830 verho
855 2769 922 2850 ipso
938 2789 973 2832 ac
986 2770 1051 2831 solo
1063 2788 1117 2850 per
1130 2788 1164 2831 se
1174 2778 1306 2850 spectato
1321 2771 1466 2851 pendens,

308 2873 359 2935 sed
374 2872 411 2935 ah
426 2891 459 2933 ea
474 2870 596 2934 actionis
611 2870 747 2945 notione,
767 2890 842 2952 quae
860 2872 958 2934 existit
977 2892 994 2933 e
1008 2872 1088 2935 vorbi
1109 2891 1176 2935 oum
1192 2872 1374 2935 substantivo
1390 2892 1467 2936 con-

308 2976 470 3048 iunctione;
484 2973 624 3035 differunt
637 2980 733 3034 autem
749 2973 825 3036 inter
838 2993 870 3035 se
885 2993 931 3047 eo,
947 2976 1027 3054 quod
1041 2975 1073 3037 in
1087 2975 1149 3037 aliis
1166 2975 1381 3039 substantivum
1395 2976 1467 3040 illud

308 3077 452 3139 actionem
468 3075 648 3138 transitivum
662 3076 783 3149 indicat,
803 3095 877 3157 quae
896 3078 960 3156 ipsa
981 3096 1035 3141 sua
1055 3077 1081 3139 vi
1096 3079 1293 3141 accusativum
1307 3096 1407 3159 rogere
1422 3078 1467 3141 vi·

309 3179 370 3242 deri
384 3179 493 3260 possit,
508 3186 541 3240 ut
554 3170 756 3260 θεράπευμα
769 3178 881 3258 aliaque
895 3179 1033 3255 verbalia,
1053 3180 1085 3242 in
1104 3180 1167 3243 aliis
1185 3199 1248 3244 non
1261 3190 1307 3243 ost
1320 3181 1467 3244 eiusmodi

308 3281 530 3354 substantivum,
547 3280 600 3341 sed
614 3282 796 3343 accusativus
807 3281 964 3345 manifesto
976 3301 1037 3345 non
1049 3283 1106 3344 nisi
1120 3283 1157 3346 ah
1169 3302 1202 3345 ea
1213 3284 1335 3347 notione
1348 3284 1468 3366 pmdet,

309 3403 383 3465 qme
397 3403 414 3444 e
428 3381 635 3445 coniunctione
649 3383 727 3444 verbi
742 3393 771 3446 et
785 3384 957 3448 substantivi
968 3385 1124 3460 enascitur,
1139 3387 1261 3449 velutin
1274 3387 1393 3472 ψήφου
1402 3381 1470 3450 θέ-

309 3488 396 3549 σθαι
415 3477 513 3547 Ἰλίου
535 3478 677 3570 φθοροίς.
721 3486 796 3548 Sunt
810 3488 897 3550 ctiam
919 3489 1005 3568 pauci
1026 3488 1139 3568 aliquot
1163 3489 1229 3563 loci,
1244 3489 1274 3551 in
1295 3487 1403 3568 quihus
1428 3506 1470 3550 ne

310 3590 383 3650 hacc
401 3586 519 3669 quidem
539 3587 618 3650 vorhi
639 3607 706 3650 cum
726 3589 907 3652 substantivo
928 3589 1095 3653 coniunctio
1115 3591 1223 3654 suflicit
1236 3591 1274 3653 ad
1283 3589 1468 3653 efficisnmm

310 3691 464 3755 notionem
478 3690 600 3753 actionis
621 3692 787 3754 transitivae
802 3711 876 3773 quae
894 3693 1093 3756 accusativum
1112 3701 1205 3772 regat,
1225 3693 1279 3755 sod
1292 3692 1470 3756 adiectivnm

309 3795 397 3857 etiam
411 3793 528 3873 adiungi
544 3811 664 3856 necesso
676 3801 730 3867 est,
747 3794 831 3856 veluti
844 3794 874 3857 in
889 3795 980 3876 Soph.
995 3795 1099 3857 Electr.
1118 3786 1249 3878 137οεή
1270 3812 1308 3857 σε
1328 3791 1474 3880 λιπαρεῖ

308 3885 476 3981 προόσιην
488 3887 572 3977 χερίι
587 3914 685 3976 neque
705 3897 782 3958 enim
802 3896 883 3958 licuit
902 3897 998 3960 dicere
1016 3888 1038 3981 ή
1059 3915 1097 3960 σε
1119 3887 1284 3982 προόσεην
1305 3890 1386 3981 χερί,
1408 3898 1471 3961 nisi

309 3999 516 4079 adiungeretur
535 3998 707 4061 adiectivum
730 3995 880 4080 λιπαρεῖ,
907 4018 966 4081 quo
993 4000 1130 4063 aditmcto
1150 3999 1298 4062 enascitur
1315 4000 1473 4064 transitiva

309 4103 396 4165 huius
410 4101 592 4183 loquutionis
607 4101 691 4163 notio
707 4108 735 4162 et
750 4103 931 4165 constructio
947 4104 1049 4166 eadem
1063 4120 1137 4183 mmo
1153 4100 1230 4165 verbi
1243 4097 1408 4184 λιπαρεῖν.
1425 4137 1472 4149 —·

310 4204 448 4286 Sequitur
467 4204 628 4267 secundum
647 4202 735 4265 huius
754 4203 863 4284 figurae
882 4224 989 4285 genus,
1009 4205 1046 4268 ds
1066 4224 1124 4286 quo
1145 4223 1239 4285 pauca
1257 4222 1380 4267 monere
1394 4207 1473 4269 satis

308 4307 372 4369 erit
402 4306 553 4369 Pertinent
570 4305 647 4368 enim
666 4306 726 4368 huc
743 4324 793 4369 sac
810 4306 1012 4388 loquutionos‚
1038 4308 1131 4389 qualis
1155 4314 1201 4370 est
1219 4327 1267 4389 ap.
1287 4306 1473 4386 Sophoclem

310 4409 445 4471 Trachin.
462 4429 487 4471 v.
504 4410 559 4471 59:
574 4403 683 4471 πολλοὶ
696 4402 756 4488 μέν
776 4400 805 4471 o'
820 4402 883 4491 lyd
898 4405 1052 4472 κατεῖδον
1065 4400 1129 4495 ήδη
1145 4399 1345 4492 πανδάκρυτ’
1368 4399 1474 4492 ὀδύρ-
