3222 5148
606 1207 666 1299 DE
696 1204 876 1301 EPIGURI
906 1204 1172 1301 Tununuuln

308 1426 351 1536 In
366 1470 484 1553 Epicuri
503 1470 624 1552 epistola
644 1470 680 1531 ad
701 1469 907 1545 Menoeceum‚
928 1487 1004 1552 quae
1024 1471 1099 1535 bene
1117 1471 1262 1552 beateque
1279 1468 1394 1533 urendi
1417 1487 1469 1531 ra-

306 1575 420 1637 tionem
435 1573 515 1637 brevi
530 1579 753 1655 praeceptorum
765 1592 886 1659 'summa
901 1574 1145 1657 comprehensam
1162 1573 1317 1655 proponit,
1338 1572 1468 1655 primum

308 1685 500 1759 praeceptum
515 1685 561 1738 est
574 1676 611 1737 do
625 1693 695 1737 vera
710 1675 818 1755 pietate
838 1676 979 1739 adversus
1000 1676 1081 1739 deos.
1116 1677 1195 1741 llaec
1213 1696 1250 1738 cc
1270 1681 1404 1739 constare
1421 1675 1469 1736 di·
1581 1694 1582 1731 ι

309 1779 394 1851 citur,
410 1786 445 1840 ut
460 1786 489 1839 ct
504 1797 584 1841 esse
598 1779 629 1840 di
642 1778 800 1841 credantur
814 1786 844 1841 ct
859 1779 916 1840 rita
930 1779 990 1842 lrui
1004 1778 1163 1841 immortali
1177 1787 1265 1858 atquc
1280 1778 1378 1851 beata,
1392 1777 1470 1839 sicut
1581 1808 1582 1823 r

309 1880 477 1944 communis
496 1880 575 1960 apud
594 1897 698 1942 omnes
724 1885 938 1964 pervagatusque
965 1879 1088 1942 deorum
1115 1878 1198 1941 notio
1222 1880 1312 1952 terat,
1338 1884 1472 1941 arceatur

308 1991 409 2046 autem
426 1989 456 2044 et
470 1990 658 2044 removeatur
673 1980 810 2063 quicquid
825 1991 877 2044 aut
891 1980 1104 2043 immortalitati
1115 1989 1166 2043 aut
1179 1980 1352 2043 beatitudini
1366 1980 1471 2043 adrer-

309 2096 401 2162 sctur,
416 2084 581 2149 cuiusmodi
596 2084 723 2166 plurima
736 2085 768 2145 in
782 2085 916 2168 populari
932 2084 1070 2165 religione
1084 2091 1300 2167 poetarumque
1314 2082 1418 2146 tabulis
1437 2082 1471 2143 in

310 2188 382 2251 deos
396 2186 617 2249 transferantur.
643 2186 771 2266 Impium
787 2187 873 2267 igitur
887 2203 1027 2249 essenon
1042 2186 1093 2268 qui
1108 2186 1277 2249 huiusmodi
1292 2186 1363 2247 deus
1373 2203 1471 2266 popu·

309 2291 385 2355 lares
399 2298 431 2352 et
445 2288 595 2352 lahulosos
609 2296 739 2369 respuat,
756 2289 806 2351 sed
824 2289 875 2369 qui
890 2288 966 2369 vulgi
986 2286 1175 2372 opinionibus
1197 2296 1308 2350 temere
1326 2286 1470 2350 assentia-

310 2400 374 2454 tur:
390 2409 486 2472 nequc
508 2389 586 2451 enim
608 2384 798 2473 προλήψεις
821 2391 873 2452 has
887 2390 1024 2453 dicendas
1039 2409 1119 2462 esse,
1139 2389 1170 2451 h.
1185 2408 1211 2451 c.
1234 2390 1372 2452 nouenos
1386 2406 1471 2452 ueras

310 2494 431 2577 ipsaque
446 2500 550 2554 natura
566 2492 639 2553 duce
661 2489 693 2552 in
714 2490 868 2553 hominurn
885 2493 990 2555 animis
1004 2492 1189 2563 informatas,
1209 2492 1261 2554 sed
1281 2484 1473 2573 ὑπολήψεις

311 2600 436 2668 tantum,
452 2596 481 2656 h.
498 2614 524 2656 e.
539 2593 722 2676 opinationes
737 2611 824 2657 vanas
838 2604 928 2676 atque
943 2595 1163 2657 commenticias
1178 2612 1277 2657 errore
1291 2592 1390 2656 iudicii
1404 2609 1472 2654 sus-

312 2706 411 2779 ceptas
426 2697 558 2777 adeoque
578 2695 666 2757 etiam
687 2714 755 2757 cum
775 2698 925 2758 communi
945 2697 1067 2758 notione
1088 2696 1212 2758 deorum
1233 2680 1408 2777 pugnantes,
1427 2699 1471 2765 ut,

312 2801 364 2881 qui
384 2818 432 2861 eas
451 2798 649 2881 susceperint,
673 2815 775 2859 secum
796 2798 851 2879 ipsi
871 2815 1001 2878 pugnare
1019 2797 1136 2859 dicendi
1150 2797 1225 2869 sint,
1246 2798 1354 2878 quippe
1370 2813 1471 2876 quum,

314 2903 415 2983 quales
430 2921 466 2963 ex
483 2900 634 2963 communi
649 2901 769 2963 notione
784 2901 856 2963 deos
868 2919 934 2962 esse
944 2900 1147 2980 profiteantur,
1162 2901 1235 2962 tales
1246 2900 1472 2981 haudquaquam

313 3013 412 3067 tamen
427 3002 615 3078 retineant1).

385 3170 408 3233 1}
426 3170 512 3222 Verba
529 3169 633 3237 Epicuri
649 3170 713 3234 apul
725 3168 863 3234 Diogenem
875 3168 904 3221 L.
916 3168 951 3233 X,
969 3169 1017 3220 123
1029 3170 1068 3221 sic
1079 3169 1175 3235 scripta
1187 3176 1258 3221 sunt:
1280 3169 1358 3226 olous
1373 3163 1473 3225 sisois
1581 3188 1582 3241 p

316 3258 349 3321 (Ι.
361 3270 384 3307 o.
401 3253 467 3313 τοὺς
482 3253 576 3319 θεοὺς)
595 3254 624 3305 oi
640 3254 741 3305 nollet
753 3255 926 3321 νομίζουσιν,
943 3251 994 3305 οὖν
1006 3255 1090 3306 εἰσιν·
1110 3249 1143 3305 οὗ
1156 3252 1210 3324 γὰρ
1223 3253 1412 3324 φυλάττουσιν
1424 3248 1471 3304 ori·
1581 3284 1582 3313 f

315 3339 380 3398 τοὺς
392 3340 469 3397 οἵους
480 3339 654 3407 νομίζουσιν.
677 3339 721 3390 sed
734 3339 848 3404 quamvis
862 3337 1019 3405 negligenter
1030 3339 1167 3406 Epicurum
1178 3339 1291 3390 seribere
1302 3337 1405 3391 solitum
1416 3352 1472 3390 assu
1581 3346 1582 3405 ᾖ

316 3442 364 3478 non
381 3426 455 3477 morlo
472 3432 587 3477 vetorum
602 3425 753 3475 testimoniis
771 3426 901 3476 credamus
919 3424 964 3475 secl
981 3424 1103 3475 etiamen
1116 3425 1194 3490 ipsius
1207 3423 1345 3490 opusculis,
1358 3438 1473 3492 quaese
1581 3436 1582 3439 ’

315 3519 393 3564 tatem
410 3510 537 3573 tulerunt,
555 3509 733 3574 intelligamus,
750 3509 795 3559 vix
812 3516 894 3561 nmen
912 3516 1009 3561 tantm
1022 3509 1076 3561 eius
1089 3509 1212 3562 incuriam
1223 3508 1302 3561 luisse
1313 3510 1434 3572 arbitror,
1444 3515 1473 3558 ut

317 3614 364 3648 non
377 3594 541 3662 intelligeret,
558 3609 630 3665 qoam
648 3609 795 3660 perversum
808 3602 876 3646 essct
887 3595 950 3645 idem
963 3595 1069 3645 verbum
1082 3596 1207 3661 νομίζειν
1218 3595 1243 3646 in
1255 3596 1344 3646 mnam
1355 3600 1474 3647 contum
1581 3594 1582 3597 ’

316 3683 421 3750 primum
442 3683 474 3733 ‹la
485 3681 556 3747 vulgi
572 3680 716 3746 opininlone
729 3677 793 3730 lalsa
805 3687 832 3730 ct
843 3679 996 3741 reiectanea,
1008 3696 1066 3731 mor
1079 3686 1163 3731 autom
1172 3681 1203 3731 dc
1214 3695 1278 3731 rara
1290 3680 1402 3743 notione,
1414 3690 1475 3745 quas

316 3768 401 3819 teucri
421 3767 550 3831 debuerit,
570 3773 726 3832 usurpatum.
748 3764 889 3830 Scripsisse
901 3780 956 3817 cum
969 3766 1092 3832 suspicor,
1115 3762 1214 3833 οὐγὰρ
1226 3761 1417 3835 φυλάττουσιν
1428 3758 1474 3813 sal·

316 3850 381 3909 τοὺς
401 3851 479 3909 οἵους
498 3847 648 3916 ὁρίζουσιν.
676 3850 729 3901 Hoc
745 3851 821 3916 enim,
837 3846 949 3920 ὁρίζειν,
965 3851 1060 3901 dieitur
1076 3851 1107 3901 tlc
1124 3851 1169 3913 iis,
1185 3850 1227 3917 qui
1239 3848 1335 3918 aliquid
1346 3865 1393 3916 pro
1404 3854 1473 3900 ccmo

317 3944 433 3989 statuum
449 3944 476 3987 et
492 3937 653 4001 eloquuntur,
675 3937 869 4004 npous‘poorac
880 3933 951 4004 μετὰ
965 3936 1206 4005 συγκαταθέσεως,
1225 3942 1255 3985 ut
1266 3937 1302 3986 sit
1314 3934 1409 3986 Sextus
1419 3933 1475 3984 En·

317 4023 413 4089 piricus
426 4020 551 4092 Pyrrhon.
572 4021 659 4090 lippet.
673 4018 690 4086 Ι,
704 4021 762 4071 197.
786 4019 839 4071 Nec
858 4021 960 4072 aliunde
981 4021 1082 4071 ductam
1102 4027 1143 4071 est
1163 4034 1251 4071 nomen
1263 4020 1317 4083 ,τῆς
1337 4016 1476 4086 ὁριστικῇς

318 4104 473 4175 ἐγκλίσεως,
486 4122 535 4172 quo
548 4106 646 4156 nomina
659 4105 730 4155 verli
746 4105 833 4156 molus
847 4105 1001 4157 indicativus
1013 4121 1028 4158 a
1040 4107 1210 4171 grammaticis
1222 4105 1373 4171 appellatur.
1398 4100 1475 4170 Apol·

318 4190 402 4242 lunius
419 4192 530 4257 quidem,
550 4190 581 4240 da
599 4198 695 4242 constr.
707 4188 747 4254 ΙΙΙ,
762 4190 802 4254 19,
815 4206 838 4256 p.
850 4189 910 4253 245,
924 4192 939 4242 5
960 4192 1036 4243 madii
1046 4190 1125 4243 forms
1139 4193 1229 4242 utitur:
1252 4188 1300 4241 διὰ
1312 4188 1369 4259 γιΙρ
1380 4186 1477 4252 ταύτης
1581 4198 1582 4201 ’

319 4276 377 4359 (τῆς
397 4274 552 4344 ἐγκλίσεως)
572 4268 804 4345 ἀποφαινόμενοι
820 4273 989 4346 ὁριζόμεσα,
1009 4284 1036 4328 ct
1048 4293 1070 4327 c.
1084 4277 1108 4341 6,
1121 4294 1144 4343 p.
1158 4275 1216 4342 not,
1229 4276 1262 4327 23
1278 4271 1399 4346 γράφεις
1415 4275 1477 4325 illan

319 4361 464 4427 signlflcars
485 4363 521 4412 alt
540 4367 615 4426 atqua
631 4356 765 4431 ὁρίζομαι
780 4375 813 4413 σε
830 4358 960 4431 γράφειν,
982 4378 1056 4427 quum
1072 4363 1135 4427 apud
1153 4359 1313 4427 philosophos
1324 4359 1388 4412 haas
1399 4356 1478 4411 tom
1581 4338 1582 4369 Ι
