3266 5140
690 458 892 551 -sm

216 634 427 727 αλρεεολεερος
440 636 528 724 βίος,
548 636 568 707 ὁ
584 639 642 706 aaa
654 639 713 706 aori
726 636 1034 724 συμπολιτεύεσθαι
1051 639 1110 707 καὶ
1124 644 1291 707 κοινωνεῖν
1305 638 1370 707 πό-

215 740 308 821 λεως,
334 735 357 829 ἢ
375 741 499 824 μᾶλλον
517 737 536 809 ὁ
554 740 682 822 ξενικὸς
694 740 751 808 καὶ
765 743 824 830 τῆς
837 739 1012 820 πολιτείας
1025 736 1276 828 ἀπολελυμένος,
1295 748 1327 809 h.
1342 766 1367 808 e.

217 855 314 908 uuum
329 847 402 909 vitae
416 864 508 926 genus
523 848 725 928 praestabilius
739 849 787 922 sit,
803 847 918 922 illudne,
933 849 1012 930 quod
1023 858 1155 911 versetur
1165 850 1196 912 in
1207 868 1240 911 re
1255 849 1369 930 publica

215 948 397 1030 civiliumque
412 950 596 1030 negotiorum
611 950 845 1031 participatione,
862 969 898 1012 an
913 962 1014 1015 contra
1029 952 1108 1031 quod
1123 952 1168 1013 bis
1184 952 1328 1014 abstineat
1341 960 1371 1013 et

216 1059 326 1113 tantum
341 1052 507 1133 hospitetur
520 1052 691 1117 incivitate:
706 1053 775 1116 illud
791 1054 908 1135 quidem
923 1054 1078 1116 convenire
1088 1053 1164 1115 inter
1175 1053 1368 1134 sapientiores

215 1154 263 1227 ait,
278 1154 560 1233 praestantissimam
575 1157 759 1236 maximeque
773 1156 929 1237 optabilem
944 1157 1031 1218 vitam
1046 1175 1110 1218 eam
1125 1176 1199 1229 esse,
1215 1175 1289 1237 quae
1303 1155 1368 1236 pln-

214 1257 322 1319 rimum
336 1256 519 1337 maximeque
531 1258 698 1336 expeditum
709 1259 823 1321 virtmh
838 1276 925 1321 usum
940 1260 1054 1332 habeat,
1069 1260 1127 1321 hoc
1140 1268 1239 1321 tamen
1253 1257 1369 1337 ambigi,

216 1358 245 1420 in
259 1367 326 1421 utro
343 1359 414 1420 ritae
429 1377 534 1438 genere
549 1360 577 1421 id
592 1360 685 1439 magis
700 1361 857 1439 contingat
900 1360 996 1422 i'ideri
1011 1361 1089 1422 enim
1106 1360 1215 1433 miritis,
1229 1360 1261 1421 iu
1275 1359 1368 1421 admi-

215 1461 388 1523 nistratione
403 1479 500 1524 rerum
517 1462 699 1541 publicarum
715 1463 777 1524 beri
791 1481 854 1524 non
865 1482 962 1543 posse,
978 1464 1048 1544 quin
1061 1480 1271 1543 saepenumero
1282 1462 1368 1523 etiarn
1387 1472 1402 1521 5

215 1563 322 1625 iniuste
336 1563 481 1642 agendum
497 1564 549 1636 sit,
565 1564 594 1625 id
609 1564 688 1644 quod
704 1573 804 1627 corum
819 1565 954 1627 virtutem
969 1584 1035 1626 esse
1049 1572 1184 1645 apparet,
1199 1572 1249 1625 aut
1263 1563 1369 1625 multas

215 1684 394 1746 magnasque
407 1667 558 1727 molestias
573 1674 659 1746 atque
674 1667 852 1728 amasiones
867 1667 1034 1729 subeundas
1045 1686 1120 1739 esse,
1136 1666 1215 1747 quod
1226 1665 1368 1745 tranquil-

214 1770 284 1831 litati
305 1768 394 1830 animi
413 1779 441 1829 et
459 1768 585 1831 felicitati
600 1769 779 1831 contrarium
794 1778 853 1844 est3
879 1768 950 1831 alios
966 1777 1064 1832 contra
1080 1768 1273 1839 contendere,
1299 1766 1368 1827 viris

215 1870 333 1950 dignam
358 1888 392 1932 ec
405 1870 541 1932 decoram
555 1871 644 1932 ritam
659 1872 751 1933 solam
767 1872 844 1934 bano
858 1871 969 1933 civilem
985 1879 1013 1933 et
1026 1880 1177 1934 annosam
1192 1888 1271 1944 esse,
1297 1887 1368 1950 pro-

214 1981 312 2052 pterea
334 1973 412 2052 quod
434 1990 580 2052 nusquam
601 1973 726 2053 amplior
739 1974 836 2035 virtuti
852 1992 973 2054 campus
988 1982 1100 2054 pateat,
1122 1974 1154 2035 in
1168 1992 1227 2053 quo
1242 1971 1368 2033 exerceri

216 2091 392 2154 omnemque
412 2092 495 2135 suam
515 2073 573 2134 vim
589 2092 762 2154 expromere
777 2076 881 2155 possit.
926 2074 1095 2136 Aristoteles
1110 2074 1175 2155 ipse
1187 2081 1284 2135 utram
1299 2090 1368 2133 scn-

214 2177 334 2238 tentiam
350 2177 491 2237 venerem
506 2175 613 2238 iudicet
627 2177 684 2238 hoe
698 2175 816 2257 quidem
830 2177 895 2238 loco
910 2194 971 2238 non
987 2175 1099 2238 delinit:
1126 2184 1253 2237 ceterum
1269 2175 1368 2253 quanti

216 2277 299 2338 iaciat
318 2276 430 2338 civilem
446 2276 600 2337 hominum
615 2276 784 2339 societatem
799 2278 870 2339 satis
884 2277 949 2339 alibi
965 2286 1088 2339 testatus
1102 2285 1159 2349 est,
1178 2275 1367 2356 quamobrem

216 2380 276 2440 lieri
291 2397 354 2440 non
369 2379 473 2458 potuit,
488 2378 558 2458 quin
573 2379 626 2440 riri
641 2379 711 2441 boni
726 2398 761 2442 ao
774 2378 915 2459 sapientis
930 2380 1059 2441 offimum
1075 2397 1140 2441 csse
1154 2378 1307 2451 indicaret,
1321 2378 1368 2438 in·

215 2478 324 2543 servire
346 2488 486 2561 quantum
509 2488 612 2559 posset
627 2480 694 2541 huic
708 2479 839 2541 societati
854 2498 977 2559 eamque
992 2480 1073 2541 omni
1089 2479 1179 2542 modo
1195 2479 1269 2541 tueri
1283 2486 1369 2559 atque

215 2600 396 2646 conservare.
415 2616 458 2628 -
483 2583 525 2643 lix
547 2581 695 2661 discipulis
714 2582 876 2643 Aristotelis
898 2582 1073 2644 nobilissimi
1095 2583 1318 2661 Theophrastus
1340 2592 1370 2643 et

215 2685 405 2746 Dicaearchus
430 2686 561 2757 luemnt,
587 2702 713 2764 quomm
739 2701 876 2762 magnam
900 2685 1130 2747 controversiam
1159 2685 1250 2747 luisse
1267 2685 1367 2747 Cicero

216 2785 327 2859 scribit,
343 2785 380 2847 ad
395 2786 521 2846 Atticum
537 2785 563 2846 ll
578 2804 624 2865 ep.
640 2786 693 2858 ld,
713 2803 804 2865 quum
820 2786 1012 2848 Dicaearchus
1026 2784 1084 2849 τὸν
1097 2783 1281 2872 πρακτικὸν
1294 2781 1370 2867 βίον

214 2889 300 2966 longe
326 2887 464 2949 omnibus
490 2893 693 2966 anteponeret,
719 2886 942 2965 Theophrastus
962 2896 1058 2950 autern
1080 2884 1140 2952 τόν
1152 2882 1367 2973 θεωρητικόν.

214 2991 348 3052 Celetrum
362 2989 423 3063 hie,
445 2993 576 3069 quamvis
591 2988 737 3050 abstinere
751 2988 911 3068 sapientem
926 3009 959 3051 re
973 2991 1086 3070 publiea
1100 3009 1196 3072 neque
1210 2991 1368 3052 immisceri

215 3092 346 3155 cirilibm
360 3091 483 3172 negotiis
498 3092 590 3163 vehet
605 3098 703 3151 tamen
718 3090 754 3151 ad
766 3093 964 3172 praeceptoris
976 3092 1367 3174 suihristotelisexemplum

216 3194 359 3275 plurimos
379 3202 408 3255 et
423 3195 486 3274 ipse
499 3193 590 3255 libros
605 3193 642 3254 de
656 3210 688 3254 re
703 3192 816 3272 publica
831 3194 951 3274 eiusque
966 3196 1060 3257 torma
1074 3204 1103 3257 ct
1116 3196 1368 3259 administratione

215 3298 392 3378 composuit,
409 3298 622 3378 multarumque
636 3295 783 3358 civitatum
798 3297 877 3376 leges
892 3305 921 3358 et
931 3297 1061 3359 instituta
1073 3297 1233 3360 admirabili
1246 3298 1368 3379 diligen-

214 3400 253 3461 tia
273 3408 468 3480 persequutus
488 3407 546 3461 est:
573 3399 681 3479 quippe
698 3398 893 3477 cognitionem
909 3399 1013 3461 harum
1028 3414 1128 3462 rerum
1144 3400 1180 3461 ad
1195 3400 1368 3480 sapientiam

215 3498 361 3581 pertinere
374 3500 516 3576 iudicans,
536 3501 620 3564 ciuus
634 3500 711 3563 baud
726 3498 846 3561 minima
862 3518 930 3580 pars
945 3500 976 3561 in
990 3519 1027 3561 co
1042 3508 1170 3573 constat,
1188 3510 1220 3563 ut
1234 3501 1321 3563 variis
1336 3522 1369 3564 ac

215 3601 434 3683 multiplicibus,
456 3622 531 3683 quae
549 3602 656 3685 ubique
670 3602 840 3674 extiterunt,
863 3602 967 3663 lormis
982 3620 1017 3663 ac
1030 3602 1183 3681 speciebus
1196 3620 1295 3664 rerum
1311 3604 1367 3665 hu·
1424 3586 1427 3591 ’

215 3720 368 3767 manarum
394 3723 481 3785 qnam
507 3706 569 3766 lieri
595 3713 695 3785 potest
719 3702 887 3784 plenissime
908 3711 937 3764 et
957 3702 1174 3765 accuratissime
1196 3705 1366 3783 perspectis,

215 3805 309 3885 ipsam
324 3807 382 3869 vim
398 3816 426 3870 et
440 3814 573 3869 naturam
588 3806 777 3868 humanitatis
792 3805 885 3884 magis
896 3805 1047 3885 magisque
1057 3814 1156 3867 mente
1165 3812 1194 3866 et
1203 3805 1367 3885 intelligen-

215 3908 253 3969 tia
276 3908 512 3987 complectamur.
556 3910 598 3970 hc
618 3908 782 3970 redundare
805 3926 839 3969 ex
860 3908 919 3969 boe
933 3906 1030 3970 studio
1045 3906 1132 3968 etiam
1147 3907 1178 3969 in
1193 3926 1254 3969 rem
1270 3906 1366 3987 publi-

216 4028 280 4071 cam
294 4011 414 4091 eiusque
428 4010 709 4073 administrationem
724 4011 849 4073 fructum
866 4010 942 4071 haud
958 4008 1203 4072 contemnendum
1219 4029 1308 4090 posse
1319 4011 1367 4072 in·

215 4111 334 4185 tellcxit,
356 4130 445 4191 quum
462 4112 682 4174 instituerentur
694 4111 848 4174 doctorum
864 4110 994 4174 virorum
1010 4111 1255 4191 disputationibus
1270 4111 1315 4175 alii
1330 4113 1367 4174 ad

214 4224 378 4277 accuratam
404 4214 509 4277 barum
529 4231 628 4275 rerum
644 4213 839 4293 cognitionem
856 4222 940 4295 atque
954 4210 1144 4289 intellectum,
1169 4213 1368 4295 exemplisque

216 4316 312 4379 omnis
327 4316 441 4397 generis
453 4314 614 4396 propositis
627 4314 696 4393 quid
708 4313 772 4390 sibi,
786 4333 878 4396 quum
888 4315 1081 4378 accessissent
1091 4316 1129 4378 ad
1139 4334 1202 4378 rem
1213 4314 1367 4396 publicam,

215 4419 405 4499 sequendum,
420 4418 488 4498 quid
503 4416 653 4481 cundum
668 4418 743 4478 leret
756 4416 993 4478 admonerentur.
1036 4416 1196 4496 Propterea
1211 4416 1299 4496 igitur
1312 4425 1366 4478 eta
