3154 5138
854 451 916 515 348

304 642 434 705 Oceani
448 643 524 705 lilia
541 650 645 705 natae
662 649 762 722 patre
782 640 866 703 Sole
884 639 919 701 in
938 641 1082 703 deorum
1101 659 1246 703 numero
1266 658 1337 702 non
1350 640 1449 704 habe-

303 744 459 808 buntur?
489 745 540 808 Sic
563 746 642 807 hunc
659 745 758 806 lunam
783 743 914 806 nonnulli
935 743 1050 806 codices
1070 743 1219 817 exhibent,
1240 762 1330 823 quum
1348 743 1379 804 in
1392 743 1452 806 aliis

304 847 394 910 silet
413 867 450 910 ee
470 848 617 909 Perside
637 856 687 909 aut
706 854 740 908 et
758 865 817 909 eae
836 846 983 908 Perside
1002 856 1053 909 aut
1072 865 1133 909 eae
1147 866 1164 908 e
1178 845 1324 909 Perside
1338 855 1385 908 aut
1398 865 1453 909 ees

304 951 463 1024 Perside,
477 958 526 1012 aut
541 959 576 1013 et
589 970 647 1012 eas
658 950 831 1012 Persidas
846 957 896 1011 aut
910 958 943 1011 et
957 968 995 1010 ea
1010 949 1214 1011 Persideaut
1228 957 1290 1010 ete
1303 947 1453 1022 Perside,

304 1060 357 1116 aut
369 1062 403 1115 et
417 1072 498 1115 eace
509 1052 657 1115 Perside
672 1062 722 1115 aut
736 1063 768 1115 et
782 1072 840 1115 eee
856 1051 1004 1113 Perside
1020 1060 1070 1114 aut
1083 1059 1117 1113 et
1131 1070 1192 1113 coe
1206 1051 1351 1115 Perside
1365 1059 1413 1113 aut
1424 1060 1456 1113 et

304 1154 368 1215 hee
382 1154 578 1236 hesperide
593 1165 643 1218 aut
657 1164 690 1218 et
705 1156 930 1237 hesperides,
945 1174 1019 1235 quae
1033 1155 1104 1216 satis
1118 1154 1333 1225 demonstrant,
1349 1160 1457 1235 praeter

304 1256 405 1319 Circen
421 1266 450 1319 et
464 1258 628 1339 Pasiphaen
642 1259 728 1321 etiam
745 1260 821 1322 aliud
836 1276 946 1320 nomen
961 1277 1014 1338 per
1028 1257 1163 1338 copulam
1178 1258 1350 1321 adiunctum
1364 1256 1458 1331 luisse,

304 1361 356 1422 sed
379 1360 456 1424 varie
481 1361 679 1441 depravatum.
722 1362 796 1424 Nam
822 1361 958 1441 copulam
984 1361 1014 1422 in
1039 1360 1155 1422 duobus
1178 1368 1295 1422 tantum
1315 1358 1459 1422 codicibus

304 1463 447 1525 omissam
466 1464 612 1537 videmus,
632 1464 682 1544 qui
696 1464 806 1526 habent
824 1482 887 1525 eae
902 1482 918 1524 e
933 1462 965 1525 P.
981 1472 1032 1526 aut
1046 1482 1106 1525 eee
1120 1462 1169 1539 P.;
1184 1463 1310 1525 eandem
1325 1480 1461 1525 unacum

303 1565 425 1627 nomine
444 1575 494 1628 aut
513 1566 643 1628 nominis
662 1567 784 1647 vestigio
804 1567 901 1629 nullus
921 1566 1030 1629 omittit
1050 1574 1165 1647 praeter
1183 1584 1279 1629 unum
1295 1565 1462 1628 Leidensem

257 1681 287 1732 tt
304 1666 433 1749 primum
449 1688 473 1730 s.
488 1668 688 1745 Heinsianum,
702 1688 789 1750 quern
805 1671 939 1732 hloserus
954 1670 1046 1732 littera
1063 1673 1085 1731 Α
1101 1669 1236 1749 signarit
1281 1669 1378 1750 Atque
1389 1670 1465 1731 hunc

305 1770 422 1852 quidem
448 1772 627 1834 recentiores
653 1774 779 1834 editores
807 1792 912 1835 omnes
939 1773 1055 1852 sequuti
1081 1782 1160 1834 sunt
1205 1772 1266 1834 Sed
1288 1772 1462 1852 reliquorum

304 1894 469 1938 consensus
485 1877 600 1951 suadet,
614 1886 648 1938 ut
662 1878 843 1939 restituendo
860 1877 959 1958 potius
980 1895 1048 1937 vero
1068 1877 1189 1937 nornine
1203 1893 1296 1956 quam
1312 1873 1466 1936 resecanda

304 1980 467 2059 corruptela
492 1980 590 2042 locum
615 1981 814 2042 emendemus.
859 1981 944 2055 Quod
964 1980 989 2040 si
1010 1979 1048 2041 ita
1064 1985 1121 2054 est,
1136 1978 1266 2041 dubitari
1286 1995 1349 2040 non
1364 1984 1465 2058 potest,

304 2083 375 2164 quin
390 2084 515 2145 Aeetes
538 2084 707 2146 nominatus
722 2084 820 2157 luerit,
836 2103 922 2164 quem
938 2082 1018 2145 Solis
1033 2083 1123 2144 lilium
1140 2099 1207 2143 cunr
1224 2080 1312 2143 Circe
1327 2099 1429 2143 sorore
1441 2088 1467 2141 et

303 2195 396 2248 matre
414 2186 551 2249 Perseide
569 2188 656 2249 etiam
676 2187 822 2249 Hesiodus
842 2187 897 2247 Th.
918 2205 944 2247 v.
959 2185 1022 2247 957
1037 2185 1142 2266 aliique
1158 2192 1338 2246 memorant
1384 2181 1465 2258 Quod

306 2297 404 2351 autem
424 2289 453 2350 in
473 2290 612 2352 omnibus
628 2289 780 2353 codicibus
799 2298 915 2361 natae,
935 2306 1010 2362 non,
1029 2297 1062 2350 ut
1080 2287 1217 2360 debebat,
1233 2288 1312 2350 nati
1329 2286 1467 2366 scriptum

303 2401 363 2465 est,
378 2409 467 2453 nemo
482 2392 642 2456 mirabitur.
686 2393 759 2455 Nem
774 2399 964 2473 posteaquam
980 2392 1072 2453 semel
1086 2391 1213 2453 Aeetae
1228 2409 1346 2452 nomen
1360 2390 1392 2452 in
1405 2406 1468 2451 mu·

303 2493 402 2556 liebris
413 2495 544 2556 nominis
559 2495 778 2558 similitudinem
795 2502 966 2575 conuptum
983 2502 1058 2568 erat,
1077 2494 1269 2574 participium
1287 2511 1409 2575 qnoque
1421 2492 1470 2552 de·

303 2596 497 2660 scribentibus
511 2598 614 2677 utique
629 2598 800 2659 mutandum
815 2597 974 2659 videbatur.

389 2700 457 2781 Cap.
474 2700 549 2773 xlx,
566 2701 615 2761 50.
659 2699 816 2781 Itemque
836 2700 1062 2762 Leonaticum
1081 2707 1136 2762 est
1156 2701 1354 2764 delubrum
1371 2699 1472 2761 tabe-

304 2802 374 2876 nis,
399 2802 491 2884 quod
516 2802 716 2864 Leocorion
742 2804 955 2865 nominatur.
999 2802 1196 2877 Nonrereor,
1217 2820 1258 2865 ne
1280 2803 1330 2867 eati
1354 2802 1474 2865 aliorum

305 2904 548 2985 coniecturaepro
564 2903 791 2967 Leonaticum
808 2914 859 2967 aut
873 2906 1078 2967 Leontinum
1091 2913 1140 2966 aut
1151 2904 1474 2979 Leontium,Leoi·

304 3010 399 3081 dum,
415 3008 482 3069 Leo
498 3016 546 3069 aut
559 3007 617 3068 Lei
632 3016 789 3069 natarum
805 3009 1010 3087 reponentium
1022 3007 1153 3087 potiores
1163 3006 1328 3072 rideantur
1341 3024 1476 3088 cuquam

304 3129 358 3190 ego
375 3119 517 3191 sequutus
533 3111 743 3173 Leontidum
765 3111 884 3192 scripsi,
904 3111 984 3192 quod
1003 3129 1114 3174 nomen
1131 3130 1147 3173 a
1162 3109 1317 3175 librorum
1332 3112 1475 3191 scriptura

304 3232 365 3276 non
379 3213 446 3293 plus
461 3212 574 3273 duabus
589 3212 692 3274 litteris
708 3212 863 3294 discrepat,
878 3216 1063 3293 formamque
1076 3213 1163 3275 habet
1173 3232 1327 3295 perquam
1340 3211 1478 3296 probabi·

302 3315 370 3389 lem,
385 3312 527 3394 siquidem
543 3333 558 3374 a
574 3321 669 3376 vetere
683 3314 731 3377 illo
746 3315 845 3389 heroe,
860 3315 909 3396 qui
925 3315 1010 3395 uulgo
1023 3309 1123 3390 Λέως
1133 3315 1253 3391 dicitur,
1268 3318 1359 3380 cuius
1367 3314 1476 3378 iiliahus

304 3416 469 3478 Leocorion
489 3425 690 3478 consecratum
711 3425 786 3489 erat,
807 3417 893 3479 etiam
914 3418 1007 3479 tribus
1018 3436 1127 3480 nomen
1143 3414 1302 3495 Λεοντίς
1316 3418 1477 3483 reundum

306 3518 388 3600 quasi
402 3518 478 3579 idem
495 3517 581 3580 etiam
598 3512 700 3580 Λέων
714 3519 807 3582 dictus
823 3530 911 3592 esset,
927 3540 1014 3601 quam
1030 3522 1155 3583 sormam
1168 3521 1311 3584 nominis
1324 3523 1415 3586 etiam
1429 3538 1477 3582 eo·

305 3622 384 3685 dices
398 3621 510 3702 aliquot
523 3621 630 3683 bahent
648 3623 725 3702 apud
746 3623 919 3685 Pausaniam
940 3623 962 3697 L
977 3626 1006 3699 5,
1023 3624 1051 3686 2.
1097 3624 1138 3685 dl.
1159 3623 1208 3686 Ps.
1231 3625 1398 3689 Demosth.
1412 3622 1480 3704 Lpi-

305 3726 384 3806 taph.
396 3728 425 3800 h.
441 3724 491 3786 29.
507 3725 593 3787 Phot.
608 3726 675 3787 Len
691 3745 715 3787 s.
733 3746 757 3787 v.
773 3720 927 3802 Λεοντίς.

390 3828 458 3908 Cap.
486 3829 551 3903 xx,
578 3830 627 3890 51.
673 3828 740 3890 Cur
759 3836 874 3891 autem
896 3829 976 3892 Arci
995 3831 1136 3912 species
1162 3849 1236 3893 non
1268 3834 1306 3894 in
1337 3835 1480 3895 deorum

304 3952 450 3997 numero
467 3930 682 4012 reponatur?
725 3932 789 3994 Est
807 3933 897 3995 enim
916 3933 1080 4013 pulcher,
1100 3942 1133 3996 et
1153 3932 1196 3995 oh
1218 3954 1300 3998 eam
1324 3951 1482 4001 oausam.

305 4037 385 4117 quia
407 4035 558 4115 speciem
581 4033 684 4095 hahet
702 4034 963 4111 admirabilem,
984 4038 1205 4100 Thaumante
1233 4039 1381 4101 dicitur
1407 4054 1483 4100 esse

305 4149 414 4203 natus.
459 4138 525 4200 Non
541 4137 673 4198 concedo
689 4136 806 4216 quidem
822 4138 929 4200 Orellio
945 4140 1099 4202 ridiculum
1115 4140 1173 4202 boo
1187 4159 1276 4217 esse,
1294 4142 1382 4224 quod
1394 4142 1484 4204 breue

304 4245 485 4306 Thaumante
505 4250 591 4304 natus
612 4239 735 4302 dicatur:
756 4260 825 4303 nam
845 4241 948 4304 licebat
973 4244 1107 4324 prolecto
1127 4242 1269 4306 Ciceroni
1287 4264 1405 4308 nomen
1420 4253 1483 4305 tan·

304 4366 390 4428 quam
406 4345 559 4426 proprium
568 4359 679 4424 ponere
694 4353 722 4404 et
730 4361 784 4422 pro
800 4345 856 4408 lilia
872 4345 946 4406 lride
961 4346 1068 4407 Arcum
1084 4345 1173 4406 tilium
1191 4345 1401 4409 substituere.
1428 4345 1485 4407 Ta·

283 4467 372 4520 ,meu
400 4467 489 4529 quum
516 4446 544 4508 in
561 4445 710 4508 codicibus
731 4446 865 4526 plurimis
889 4456 917 4509 et
940 4447 1060 4528 optimis
1084 4457 1164 4510 nata
1191 4448 1351 4511 feminino
1379 4464 1485 4529 geum
