3290 5142
776 438 818 501 2¹1

218 630 412 695 institutionis
430 646 518 694 causa
536 646 608 692 mor
628 627 718 692 etiam
738 632 922 695 scenicorum
936 634 1107 710 poetarum,
1124 644 1216 689 norae
1231 625 1377 707 imprimis

218 734 404 809 comoediae,
427 726 558 815 γνώμας
580 739 732 814 excerptas
747 742 776 797 et
791 734 894 798 ordine
907 731 1082 814 plerumque
1095 729 1278 812 alphabetico
1293 748 1378 793 com-

217 836 330 920 positas
344 853 411 898 esse
424 834 567 908 videmus,
580 833 695 916 fuitque
710 838 832 900 omnino
847 835 896 898 hio
906 851 972 896 mos
983 849 1076 914 (ιιιιιιιι
1087 831 1165 914 apud
1176 830 1302 895 Graecos
1312 839 1378 894 tum

217 938 296 1020 apud
309 936 461 1001 Romanos
482 944 672 1017 pervagatus,
695 938 784 1000 etiam
804 957 838 1000 ea
857 942 969 1012 aetate,
990 953 1084 1015 ιιιιιιιιι
1103 933 1170 997 libri
1188 935 1274 1015 longe
1287 951 1378 1016 quam

219 1041 289 1103 olim
303 1046 408 1121 paratu
420 1036 565 1100 faciliores
579 1040 727 1115 assonet).
754 1041 849 1103 Tanto
864 1037 956 1120 magis
970 1036 1060 1117 igitur
1069 1037 1168 1118 priore
1178 1044 1282 1111 aetate,
1298 1036 1378 1098 libris

220 1140 382 1206 rarioribus
397 1147 428 1203 et
442 1138 616 1213 carioribus,
638 1141 787 1222 provideri
801 1141 917 1216 debuit,
939 1146 974 1203 ut
987 1140 1084 1221 pueri,
1099 1139 1157 1201 nisi
1170 1156 1292 1219 prorsus
1306 1138 1379 1199 nihil

218 1245 362 1308 librorum
373 1241 444 1324 ipsis
457 1241 602 1303 inmanus
612 1242 789 1318 daretcn,-
797 1261 868 1307 nam
876 1243 906 1305 id
916 1260 1035 1324 quoque
1046 1257 1260 1320 nonnunquam
1268 1241 1380 1304 factum

218 1366 283 1411 esse
304 1345 454 1418 audimus,
473 1377 517 1389 -
535 1343 639 1406 saltem
653 1362 716 1406 non
730 1352 797 1409 tote
806 1364 911 1427 opera,
932 1344 983 1406 sed
998 1349 1151 1424 excerptos
1166 1350 1282 1406 tantum
1296 1344 1378 1407 locos

218 1457 250 1513 et
263 1449 294 1510 in
308 1444 547 1511 chrestomathiis
562 1445 738 1526 quibusdam
754 1447 934 1529 compositos
945 1446 1000 1509 sibi
1012 1463 1182 1526 comparare
1192 1452 1377 1526 cogerentur.

218 1551 256 1613 Et
267 1550 346 1633 quod
361 1549 393 1612 in
408 1548 593 1611 scenicorum
608 1549 763 1612 sententiis
779 1549 907 1613 collectis
918 1549 1030 1612 factum
1041 1547 1184 1622 videmus,
1199 1553 1234 1609 ut
1244 1532 1379 1610 versiculi

219 1672 235 1714 e
249 1652 383 1734 pluribus
397 1650 526 1731 excerpti
541 1667 646 1713 omnes
660 1650 696 1713 ab
710 1651 815 1726 unius,
831 1653 882 1734 qui
896 1652 1039 1714 maiorem
1053 1668 1212 1713 numerum
1226 1650 1380 1731 praebuis-

220 1762 279 1830 set,
294 1755 416 1818 nomine
429 1751 580 1816 Menandri
595 1752 862 1834 appellarentmt),
878 1755 957 1817 idem
971 1754 1061 1816 etiam
1075 1752 1106 1815 in
1120 1753 1252 1833 elegiacis
1267 1754 1378 1816 iactum

220 1877 297 1931 esse,
323 1864 357 1919 ut
378 1854 556 1936 Theognidis
577 1854 747 1919 dicerentur
767 1875 894 1936 quorum
915 1857 1010 1919 maior
1027 1861 1145 1918 motum
1165 1873 1233 1937 pars
1256 1874 1292 1917 er
1312 1855 1378 1929 hoo,

219 1977 281 2023 non
299 1959 385 2039 pauci
403 1963 504 2020 autem
524 1948 581 2019 loci
603 1976 640 2019 or
659 1957 723 2019 aliis
743 1959 856 2040 sumpti
875 1965 988 2033 omont,
1008 1976 1152 2040 perquem
1168 1958 1308 2021 credibile
1323 1963 1377 2021 est.

218 2062 263 2124 hd
277 2061 366 2124 talem
381 2060 469 2141 igitur
480 2057 696 2140 gnomologism
707 2058 778 2122 illud
790 2060 994 2143 Xenophontis
1005 2059 1209 2123 testimonium
1220 2059 1378 2141 pertinere,

218 2164 287 2227 licet
300 2182 354 2245 pro
371 2168 452 2225 certo
466 2162 613 2225 affirmare
628 2178 718 2223 nemo
733 2164 818 2239 ausit,
833 2170 934 2227 umen
948 2164 974 2226 si
985 2162 1051 2246 quis
1062 2161 1117 2224 sibi
1127 2162 1279 2244 probabile
1290 2162 1380 2226 videri

219 2266 312 2341 dicat,
332 2282 394 2329 non
413 2263 497 2327 video
517 2262 625 2345 quibus
643 2266 823 2344 argumentis
843 2266 967 2329 refutari
985 2265 1086 2347 possit.
1115 2262 1191 2327 Nam
1215 2265 1245 2327 id
1260 2263 1378 2345 quidem

218 2370 267 2432 rix
279 2367 441 2431 verendum
456 2374 511 2440 est,
527 2384 564 2429 ne
580 2366 645 2448 quis
659 2367 755 2429 rir'um
767 2369 923 2451 antiquum
934 2374 964 2430 et
974 2368 1006 2430 in
1017 2367 1148 2431 civilibus
1159 2382 1194 2429 ao
1204 2364 1378 2429 militaribus

218 2471 344 2552 negotiis
369 2468 436 2551 plus
461 2474 540 2532 certe
565 2488 654 2549 quem
679 2469 710 2531 in
737 2470 839 2534 otiosis
864 2471 1031 2534 litterarum
1050 2468 1154 2531 studiis
1172 2474 1320 2531 versatum
1341 2465 1378 2530 ad

218 2580 390 2637 nostrorum
405 2571 665 2653 grammaticorum
679 2578 710 2635 et
723 2573 892 2637 criticorum
906 2573 1000 2635 instar
1012 2573 1051 2635 de
1064 2570 1237 2634 auctoritate
1251 2587 1378 2651 gnomo-

219 2674 326 2757 logiae,
342 2692 432 2756 quem
445 2675 563 2755 legerat,
578 2692 756 2755 magnopere
771 2675 929 2738 sollicitum
942 2674 1034 2737 brisso
1048 2680 1078 2736 et
1092 2680 1194 2736 utrum
1208 2673 1264 2756 ipsi
1278 2673 1378 2735 Theo-

218 2777 298 2859 gnidi
322 2794 361 2839 an
385 2777 433 2840 alii
458 2776 585 2858 cuipiam
609 2776 664 2839 ieta
691 2777 868 2859 compositio
892 2777 1048 2840 deberetur
1066 2777 1181 2839 curium
1200 2775 1377 2856 quaesivisse

220 2879 387 2943 contendat
416 2879 477 2941 Sed
497 2886 575 2941 osto:
595 2879 686 2941 luerit
704 2879 752 2942 ills
773 2880 891 2961 qualem
905 2879 1073 2960 Xenophon
1092 2878 1161 2958 legit
1180 2878 1245 2941 talis
1263 2884 1326 2941 tota
1340 2876 1377 2941 ab

218 2982 284 3063 ipso
298 2980 467 3062 Theognide
482 2982 632 3062 qnondam
645 2982 737 3058 edita,
752 2981 823 3047 illud
836 2989 938 3045 tanmn
951 2999 1093 3062 negamus
1107 2980 1172 3043 fleri
1184 2970 1280 3061 posse,
1295 2987 1330 3042 ut
1340 2999 1377 3043 er

219 3084 276 3146 hac
299 3101 375 3166 qums
397 3082 485 3147 hodie
504 3090 585 3147 extat
603 3084 764 3166 fontegius,
789 3083 872 3148 cuius
892 3084 1077 3166 compilatori
1097 3084 1210 3147 nubam
1231 3082 1377 3147 eiusmodi

220 3185 423 3248 collectionem
436 3191 553 3267 praesto
567 3185 659 3249 inisse
673 3186 870 3249 certissimum
883 3194 937 3263 est,
953 3187 979 3250 si
993 3187 1060 3269 quis
1075 3206 1127 3253 eos
1137 3205 1249 3262 rusus,
1264 3187 1316 3269 qui
1326 3193 1378 3250 sut

218 3285 376 3350 manifesto
402 3287 489 3351 alieni
512 3294 584 3351 sunt
602 3296 654 3351 sut
672 3288 746 3351 nihil
765 3290 800 3352 de
820 3289 928 3353 virtute
946 3289 1089 3370 bonisque
1111 3290 1244 3353 moribus
1264 3291 1377 3370 praeci·

218 3388 320 3471 piant,
335 3406 440 3451 omncs
454 3389 600 3465 eliminet,
615 3398 730 3455 ceteros
744 3399 844 3455 autem
858 3391 1055 3474 probabiliore
1069 3393 1199 3474 quodam
1212 3392 1379 3455 senmntie-

218 3509 289 3554 rum
303 3490 406 3553 cadim
420 3490 571 3572 disponat,
591 3492 700 3575 aliquid
714 3494 821 3558 veteris
835 3494 912 3557 illius
925 3494 1128 3578 gnomologiae
1142 3493 1239 3556 simile
1252 3500 1378 3558 autnon

219 3592 308 3656 nimis
326 3593 432 3656 saltem
452 3593 489 3656 ab
508 3593 570 3656 eius
590 3593 781 3658 similitudine
795 3596 957 3660 abhorrens
971 3596 1123 3659 efficiatur.
1153 3594 1230 3657 Nam
1245 3594 1378 3676 quamvis

219 3695 313 3761 multa
327 3695 476 3771 climines,
494 3696 650 3760 resubunt
664 3702 763 3761 umen
777 3717 896 3780 semper
908 3698 1051 3781 plurime,
1067 3717 1142 3780 quae
1157 3717 1250 3780 quum
1265 3704 1317 3761 eut
1330 3697 1377 3761 di·

218 3814 305 3861 uersa
318 3799 361 3860 rei
374 3800 506 3880 publicae
520 3804 653 3881 tempora
668 3807 721 3863 rut
733 3800 879 3864 dirarum
893 3809 998 3883 poetae
1012 3800 1104 3883 ipsius
1118 3806 1244 3863 aetatem
1259 3819 1293 3862 ac
1304 3815 1378 3863 con·

133 3939 138 3949 ·
219 3900 363 3964 ditionem
377 3903 518 3986 prodant,
538 3903 570 3966 in
584 3903 714 3966 carmine
728 3903 868 3967 continuo
883 3909 914 3967 ct
927 3922 987 3967 uno
1002 3909 1136 3985 tempore
1152 3904 1243 3978 edito,
1259 3903 1377 3984 qualem

220 4002 292 4067 olim
305 4004 482 4087 Theognidis
500 4007 609 4071 librum
627 4007 720 4071 fuisse
738 4008 856 4085 volunt,
877 4008 976 4071 locum
997 4008 1105 4071 habere
1119 4007 1201 4070 nullo
1216 4008 1307 4073 modo
1321 4025 1377 4088 po·

219 4172 422 4184 *n

287 4260 315 4325 1)
332 4259 371 4314 Gi
384 4259 473 4317 enee
486 4264 516 4315 ds
528 4263 647 4334 llippocr.
659 4270 687 4315 et
697 4262 764 4317 Pina
777 4265 860 4329 dogm.
873 4262 913 4331 111,
924 4265 941 4317 t
952 4271 1014 4318 ton.
1023 4265 1047 4319 V
1055 4281 1079 4334 p.
1088 4264 1139 4318 ets
1149 4262 1232 4319 liiilm.
1250 4263 1377 4318 lnbliob

220 4344 267 4398 vit.
278 4344 356 4414 epu.
367 4362 389 4401 s.
403 4348 449 4400 111
463 4366 486 4418 p.
500 4349 551 4402 238
563 4347 659 4403 liierrl.

287 4432 313 4496 b)
331 4432 389 4486 vid.
400 4432 508 4487 hleineh
520 4437 554 4488 ed
565 4434 695 4489 hisamdr.
708 4432 742 4487 ir.
753 4433 834 4502 praei.
845 4452 869 4504 p.
881 4435 937 4490 xil.
948 4435 1018 4489 Xlll.
