3154 5138
301 609 468 673 Ciceronem
483 609 600 690 quidem
615 609 726 671 nullum
737 606 859 670 inueniri
873 606 1010 679 arbitror,
1027 641 1068 651 —
1084 613 1147 668 turn
1159 606 1266 667 borum
1277 605 1384 667 nullum
1398 615 1447 675 est,

302 714 333 775 in
348 731 407 793 quo
422 731 484 774 non
499 711 585 774 etiam
599 710 722 773 verbum
736 709 867 772 additum
882 707 935 782 sit,
955 708 1036 787 quod
1057 708 1106 788 qui
1121 708 1259 769 hocloco
1275 706 1420 769 subaudiri
1435 726 1450 767 ε

302 814 542 896 praecedentibus
561 813 674 888 uolunt,
688 813 862 875 Laconicam
883 810 1028 892 quandam
1049 809 1305 889 breviloquentiam
1326 808 1449 870 Ciceroni

304 917 465 978 obtrudunt
479 915 516 977 ab
536 916 600 977 eius
620 934 703 977 more
721 922 750 976 ει
769 914 805 975 ab
824 916 881 975 hoc
902 912 1049 975 sermonis
1069 931 1174 990 genere
1193 929 1328 991 prorsus,
1349 910 1453 990 siquid

303 1017 397 1091 video,
409 1017 542 1079 alienam.
587 1016 654 1078 Non
668 1015 762 1096 magis
773 1024 869 1077 autem
884 1016 1036 1095 probanda
1051 1025 1096 1076 est
1110 1013 1228 1076 boherii
1243 1014 1406 1075 coniectura
1420 1011 1453 1074 ab

303 1119 438 1182 Emestio
455 1119 605 1198 adoptata,
621 1118 693 1180 Sim
709 1118 919 1192 mehercule,
936 1119 982 1180 eui
998 1127 1112 1199 praeter
1124 1137 1172 1190 ea,
1188 1135 1262 1197 quae
1273 1115 1454 1177 Heindorllus

304 1221 431 1296 monuit,
447 1239 509 1283 non
530 1220 734 1283 conuenienter
752 1221 795 1282 sic
814 1219 997 1282 asseverandi
1017 1239 1118 1281 vocem
1138 1218 1342 1280 mehercule
1357 1217 1455 1279 adiun-

304 1333 472 1399 clamasse,
491 1342 587 1404 neque
606 1324 718 1385 nudum
739 1323 956 1386 coniunctivum
977 1323 1041 1384 sim
1058 1342 1113 1403 pro
1134 1322 1269 1384 utinam
1285 1320 1351 1382 eim
1365 1320 1396 1381 iu
1409 1338 1457 1400 pe·

305 1426 396 1488 destri
413 1425 530 1506 quidem
545 1426 678 1489 oratione
692 1425 811 1504 probari
826 1446 930 1506 posse,
951 1426 1037 1488 etiam
1053 1425 1123 1489 illud
1139 1424 1249 1498 obstat,
1267 1423 1347 1503 quod
1361 1422 1393 1485 in
1405 1422 1459 1483 hoc

308 1546 413 1609 genere
427 1528 633 1608 responsionis
648 1527 767 1590 verbum
787 1548 821 1589 ea
841 1529 958 1591 alterius
979 1529 1112 1590 oratione
1127 1528 1280 1601 veniam,
1296 1534 1346 1589 aut
1359 1542 1459 1606 para-

306 1629 530 1703 maceniam,
550 1628 755 1710 repetendum,
774 1648 836 1693 non
856 1640 952 1693 autem
973 1630 1050 1693 aliud
1064 1630 1235 1711 ponendum
1253 1630 1371 1702 luisset,
1386 1625 1460 1708 quod

306 1730 337 1793 in
363 1731 411 1792 illa
433 1749 527 1811 neque
549 1731 660 1794 dictum
683 1749 777 1812 neque
798 1732 974 1795 intellectum
989 1743 1042 1795 εει.
1087 1735 1181 1814 Atque
1206 1733 1281 1794 haee
1306 1732 1371 1811 ipsa
1392 1727 1460 1791 ratio

308 1834 393 1894 etiam
413 1833 585 1896 Heindortio
605 1853 663 1896 nos
683 1836 818 1898 assentiri
840 1845 927 1910 vetat,
950 1836 1136 1898 indicativum
1161 1836 1243 1898 Sum
1266 1835 1365 1896 ecod.
1384 1831 1461 1910 Glog.

306 1934 488 1997 adsciscenti.
518 1935 765 2016 lnllegiollavisii
781 1938 855 2001 Non
872 1940 1075 2002 mehercule
1087 1939 1230 2020 scripturn
1247 1946 1305 2012 est,
1317 1957 1351 1997 ex
1367 1951 1462 1998 emen·

306 2038 424 2099 datione
440 2038 548 2100 scilicet
562 2039 681 2101 alicuius
698 2042 872 2102 correctoris
887 2042 966 2104 nullo
983 2042 1073 2103 modo
1090 2040 1245 2122 probabili.
1276 2038 1464 2101 blinusetiam

306 2140 495 2221 probabiliter
512 2140 752 2222 Wyttenhachius
772 2144 885 2205 volebat
904 2145 1047 2207 blinirue
1068 2144 1226 2206 hercule.
1282 2140 1412 2223 Propius
1433 2138 1465 2201 ad

306 2262 404 2305 verum
421 2242 532 2305 aceedit
544 2242 678 2306 Lambini
695 2246 874 2319 coniectura,
891 2248 948 2308 Sic
962 2257 1016 2309 est
1030 2247 1247 2323 mehercule3
1268 2247 1323 2310 sed
1344 2244 1466 2308 suthrie-

306 2345 358 2407 bat
372 2344 467 2407 solum
484 2346 542 2409 Sic
558 2348 625 2426 (rid.
641 2347 760 2427 Madvig.
777 2349 812 2409 ad
829 2348 858 2410 C.
881 2351 916 2411 de
931 2349 1015 2412 Fiun.
1031 2369 1061 2430 p.
1078 2350 1176 2431 358),
1197 2350 1395 2432 quamobrem
1414 2349 1467 2408 hoo

304 2466 384 2510 ame
399 2449 562 2528 repositum
578 2459 631 2512 est
674 2452 754 2512 ldem
770 2452 827 2513 iam
842 2460 908 2513 ante
924 2472 971 2514 me
990 2453 1122 2516 llandius
1139 2454 1238 2527 voluit,
1254 2455 1291 2516 ad
1310 2451 1466 2533 Wopkens.
1513 2436 1522 2457 ⁶

305 2551 395 2612 Lectt.
411 2550 482 2613 Tull.
498 2572 527 2634 p.
548 2554 621 2628 1713
636 2572 813 2634 quamquam
829 2554 865 2615 de
881 2555 1023 2617 sententia
1037 2555 1093 2617 loci
1109 2574 1206 2617 errare
1226 2556 1355 2617 videtur.
1398 2551 1467 2613 llam

306 2671 372 2713 eum
389 2653 483 2716 ironia
503 2654 625 2735 quadam
646 2656 704 2717 hoc
720 2675 735 2717 a
752 2656 837 2717 Cotta
853 2655 908 2718 dici
929 2657 1001 2717 vult:
1024 2656 1170 2718 Scilicet
1190 2657 1246 2719 sic
1266 2667 1303 2719 te
1324 2671 1467 2736 sperare

305 2772 454 2816 necesse
473 2764 539 2830 est,
562 2757 622 2818 sive
642 2757 700 2819 Sic
716 2756 812 2819 iuvat
831 2756 960 2819 dicere.
1004 2758 1073 2819 Mihi
1092 2776 1161 2819 vero
1182 2759 1283 2821 ironia
1309 2759 1389 2821 nulla
1407 2773 1469 2818 esse

305 2855 430 2928 videtur,
447 2858 499 2918 sed
515 2877 580 2920 vera
595 2860 755 2940 professio,
770 2860 868 2922 venire
884 2880 915 2922 se
931 2860 1006 2922 hene
1021 2868 1163 2941 paratmn,
1174 2869 1284 2943 utpote
1300 2870 1406 2924 contra
1420 2859 1468 2921 ad-

305 2960 463 3020 versarium
479 2960 585 3021 sortem
601 2962 738 3043 nulloque
754 2964 843 3024 modo
860 2964 1121 3038 contemnendum,
1137 2963 1397 3043 quemadmodum
1411 2962 1469 3043 ipae

305 3058 402 3119 statim
419 3060 574 3139 significat:
597 3064 618 3124 Α
639 3063 746 3127 Balbo
768 3076 881 3129 autem
902 3067 1209 3141 animadvertisti,
1231 3069 1358 3145 credo,
1374 3084 1468 3149 quam

306 3161 411 3222 multa
427 3163 620 3241 dictasint,
639 3187 826 3249 quamque,
845 3169 986 3231 etiamsi
1006 3169 1122 3231 nrinus
1139 3188 1235 3245 vera,
1252 3178 1375 3235 tamen
1391 3178 1470 3251 apta

270 3272 286 3322 3
305 3263 398 3324 inter
410 3283 446 3325 so
462 3272 495 3326 et
509 3268 752 3332 cohaerentia:
775 3280 803 3334 et
818 3271 916 3333 statim
931 3271 1012 3334 initio
1028 3271 1241 3335 meditatum
1268 3293 1303 3335 se
1319 3293 1388 3336 esse
1401 3290 1469 3353 pro-

303 3367 400 3429 titetur
415 3368 505 3431 Balbo
522 3370 696 3452 disputante,
714 3374 781 3453 quid
798 3384 898 3437 contra
915 3375 1030 3438 diceret.

388 3470 419 3531 ln
437 3472 540 3533 eodem
555 3474 647 3554 capite
663 3478 690 3551 S.
707 3477 735 3537 4.
760 3476 876 3539 codices
893 3495 996 3538 omnes
1012 3475 1132 3539 hahent:
1156 3480 1399 3560 quamohrem
1422 3478 1470 3540 sic

302 3591 460 3653 agamus,
476 3583 514 3637 ut
528 3593 595 3637 nos
612 3576 690 3657 ipsa
705 3578 802 3640 ducit
817 3579 947 3641 oratio:
964 3598 1058 3659 neque
1073 3584 1470 3665 eratprolecto,qnodnon·

301 3674 371 3734 nulli
386 3675 505 3737 mallent
520 3676 622 3738 ratio.
665 3679 739 3741 Nam
761 3682 922 3745 orationem
943 3692 1020 3745 recte
1041 3685 1098 3747 dici
1113 3686 1149 3747 de
1170 3687 1380 3768 disputatione
1396 3689 1470 3749 eius·

303 3794 358 3855 que
373 3776 417 3837 via
433 3797 467 3840 ac
481 3798 624 3859 processu
640 3781 760 3846 nrirora
776 3803 934 3865 quoquam,
950 3795 1035 3866 atque
1051 3788 1169 3869 abipso
1186 3790 1281 3853 etiam
1299 3793 1470 3855 lleindorlio

301 3876 463 3940 dubitatum
479 3900 557 3957 esse,
573 3904 658 3964 quem
675 3885 796 3947 meliora
812 3887 917 3949 docere
933 3899 1047 3969 poterat
1062 3892 1103 3952 vel
1118 3892 1177 3954 hoe
1192 3897 1380 3977 exemplum,
1396 3891 1469 3976 quod

300 3980 396 4061 paullo
413 3981 486 4046 inira
502 3984 606 4065 legitur
622 4007 645 4047 c.
666 3988 713 4061 17,
731 3988 787 4050 43:
811 3992 951 4070 quando
976 3992 1068 4053 enim
1091 4012 1145 4055 me
1167 3994 1202 4055 in
1229 3997 1333 4061 hunc
1356 3998 1469 4060 locum

299 4084 448 4147 deduxit
464 4088 589 4149 oratio.
634 4088 691 4150 Sed
707 4100 811 4152 nostro
827 4092 892 4153 loco
908 4113 964 4173 pro
980 4097 1125 4175 praesenti
1147 4104 1290 4179 tempore
1311 4101 1413 4164 ducit
1427 4116 1470 4162 res

297 4186 360 4265 ipsa
375 4188 528 4266 poscebat,
553 4200 584 4251 ut
604 4202 761 4270 poneretur·
777 4196 905 4256 lutrarum
923 4198 1043 4272 ducet,
1065 4200 1144 4281 quod
1160 4200 1255 4263 habet
1272 4223 1355 4267 unus
1371 4205 1470 4267 saltem

297 4288 388 4348 codex
405 4289 468 4350 ort.
484 4311 509 4351 e.
553 4291 652 4372 Neque
672 4295 750 4356 enim
771 4295 828 4357 iam
849 4316 928 4359 nunc
948 4301 1006 4363 huc
1021 4303 1064 4363 vel
1079 4303 1147 4365 illuc
1162 4303 1246 4366 ducit
1269 4307 1386 4383 oratio,
1401 4326 1470 4388 quae

296 4390 385 4453 modo
403 4389 565 4456 inchoanda
581 4404 638 4473 est,
655 4398 708 4459 sed
725 4398 845 4467 ductura
861 4402 985 4465 sortasse
1000 4413 1058 4479 est,
1072 4405 1120 4467 ubi
1135 4405 1259 4484 longius
1276 4410 1469 4490 processerit.
