3266 5140
748 454 937 553 Aac„

263 639 403 712 deluens,
423 639 517 701 donec
532 639 568 701 ab
583 640 729 703 iusioimio
746 648 873 706 sanator.
916 641 944 703 Is
964 641 1045 703 nasis
1060 640 1261 721 gubmnaoula
1276 641 1417 719 mamad-

264 740 384 803 modum
405 742 533 821 populus
548 741 829 806 administrationem
844 745 885 807 rei
901 743 1046 824 publicae,
1069 743 1210 823 permittit
1225 742 1330 821 quibus
1344 743 1418 805 vult:

262 843 311 922 qui
326 851 423 905 autem
437 843 569 907 rixantur
583 845 620 906 de
633 844 842 924 gubernaculo,
862 846 1014 925 demagogi
1028 853 1098 907 sunt
1111 846 1171 907 sire
1184 837 1418 929 δημοκόλακος,

263 946 299 1006 ab
313 946 408 1026 iisque
421 944 614 1008 navicularius
629 956 679 1008 aut
692 947 866 1028 consopitur
879 954 930 1009 aut
939 947 1098 1010 inebriatur
1110 948 1217 1028 pariter
1231 955 1264 1009 ut
1280 966 1296 1008 a
1315 948 1417 1010 dema-

263 1048 346 1126 goqis
361 1047 502 1127 populus,
526 1066 652 1127 quorum
668 1058 761 1124 artes,
783 1058 815 1112 ut
828 1042 1003 1124 κολακείας
1016 1044 1143 1135 μόριον,
1164 1046 1342 1134 πολιτικῆς
1355 1070 1418 1130 μο-

262 1143 335 1231 ρίου
350 1142 497 1226 aldeardem
515 1140 736 1237 ἀντίστροφον
751 1142 938 1235 comedas
951 1146 985 1215 lu
999 1149 1099 1238 ψυχῇ,
1116 1152 1184 1215 alibi
1198 1171 1215 1214 a
1229 1152 1351 1215 Platone
1365 1153 1417 1214 da·

261 1251 476 1328 scribuntur³).
520 1252 650 1334 [lenique
670 1254 832 1318 monitores
852 1254 909 1326 illi,
935 1254 985 1335 qui
1006 1272 1069 1315 non
1084 1263 1192 1316 umam
1206 1273 1263 1317 nec
1277 1253 1342 1319 sina
1356 1262 1418 1316 arte

261 1372 363 1415 navem
386 1354 541 1432 polemi
563 1356 681 1428 volunt,
703 1357 756 1418 viri
778 1356 849 1418 boni
863 1375 897 1418 ao
910 1356 1056 1436 sapientes
1070 1358 1172 1437 reique
1186 1356 1318 1438 panificae
1332 1358 1416 1437 periti

261 1464 343 1529 sunt,
363 1474 439 1535 quoa
454 1456 608 1537 demagogi
628 1458 658 1518 in
674 1457 801 1533 ctutum,
823 1458 934 1539 pariter
948 1466 1035 1540 atque
1048 1458 1087 1521 illi
1100 1467 1206 1522 mutas
1219 1458 1350 1521 Platonis
1365 1461 1416 1523 ad-

261 1558 407 1620 versarios
422 1577 506 1632 suos,
522 1561 603 1621 omni
617 1561 708 1622 modo
723 1561 904 1625 insectantur
917 1562 1113 1642 conviciisque
1127 1570 1157 1623 et
1167 1561 1354 1624 contumeliis
1364 1563 1416 1624 alr

261 1668 385 1722 sterrere
400 1681 417 1723 a
431 1680 464 1723 rc
478 1661 593 1742 publica
607 1670 759 1725 conentur.
782 1662 966 1744 „decipitur
980 1665 1094 1734 medo“‚
1109 1664 1204 1744 pergit
1217 1682 1308 1744 porro
1322 1664 1417 1739 Plato,

262 1783 376 1845 „quam
394 1768 427 1825 ita
447 1768 560 1827 celsitate
575 1765 716 1845 papulus,
744 1777 796 1829 out
813 1770 864 1847 qui
875 1765 1042 1846 plurimum
1062 1767 1141 1847 opud
1151 1765 1296 1847 populum
1309 1766 1415 1838 calcat,

260 1885 331 1946 erqo
344 1871 485 1947 septetum
500 1868 598 1948 affecti
610 1885 669 1928 ease
682 1867 802 1939 aoleaat,
817 1885 879 1930 nota
891 1871 1002 1929 aarum
1015 1879 1070 1939 eat,
1086 1867 1139 1931 loa
1153 1869 1287 1930 accedere
1302 1868 1341 1929 ad
1354 1885 1417 1929 acan

260 1967 407 2048 pellicum
431 1972 576 2049 merqiqcc
602 1967 735 2030 civilibus
753 1970 841 2031 eadm
857 1988 919 2031 aaa
937 1968 1024 2031 valde
1038 1987 1151 2050 aspero
1193 1968 1306 2050 Quippe
1319 1971 1417 2033 uideat

229 2086 244 2133 ο
262 2069 454 2131 multimodam
466 2073 652 2132 temenlctem
667 2090 687 2132 ο
695 2072 890 2151 perditissimo
905 2088 1015 2152 qaoque
1027 2070 1170 2152 [calliae
1182 2074 1311 2145 incitati,
1325 2091 1415 2154 aaqae

261 2171 356 2235 locum
369 2175 449 2234 acala
464 2171 592 2237 coucilia
606 2174 731 2245 musculi,
742 2191 832 2253 aeque
842 2190 1033 2253 esreqaoaaca
1043 2175 1209 2236 aoacomt
1221 2174 1338 2249 mamilio
1348 2177 1413 2256 sre-

261 2288 306 2337 tua
330 2278 379 2336 cir
401 2274 495 2337 locas
513 2293 548 2336 οο
566 2279 682 2355 sapueras
698 2276 743 2348 id,
769 2276 846 2357 qaod
864 2293 968 2337 mnam
982 2285 1146 2356 rectamque
1159 2294 1220 2338 ease
1232 2276 1415 2349 mmlknerd,

260 2382 338 2441 tucri
350 2397 385 2440 cc
396 2379 539 2466 perficere
554 2390 647 2459 punt,
662 2380 712 2443 aad
726 2398 815 2460 mam
827 2397 919 2460 acque
932 2396 994 2441 aaa
1009 2377 1210 2459 morataque
1224 2378 1351 2442 deliram
1363 2399 1415 2442 oe·

261 2483 310 2554 tu,
325 2501 377 2544 nec
391 2486 613 2544 remaneamus
628 2484 767 2564 efferatae
780 2481 960 2547 mollitudini
968 2485 1073 2563 possit,
1088 2485 1162 2544 at'eut
1175 2485 1252 2545 inter
1264 2484 1348 2562 seres
1361 2481 1415 2544 lto·

259 2590 367 2647 minem
389 2586 565 2655 desolamur,
589 2584 672 2646 nullo
691 2603 743 2647 uec
757 2602 810 2646 auo
824 2602 876 2646 acc
891 2587 937 2645 rei
950 2584 1088 2665 publicae
1101 2584 1289 2649 malcomo
1301 2587 1415 2665 peritu-

260 2707 329 2751 ram
342 2695 431 2751 eaac.“

346 2791 394 2852 Sic
416 2790 478 2852 iere
492 2790 588 2853 Plato:
611 2798 680 2871 post
695 2789 846 2851 Platonem
868 2797 965 2851 autem
986 2789 1165 2869 disputatum
1181 2807 1198 2850 a
1212 2788 1345 2868 plurimis
1360 2798 1415 2863 eet,

258 2901 357 2956 utrum
378 2894 515 2955 accedere
529 2893 565 2955 ad
581 2910 643 2954 rem
658 2891 803 2971 publicam
818 2910 855 2953 an
870 2892 1015 2955 absunere
1029 2911 1062 2953 ea
1077 2890 1170 2970 magis
1185 2890 1347 2970 sapientam
1363 2890 1416 2953 de-

260 2997 386 3070 ceret4).
430 2995 467 3056 Et
480 2994 650 3057 Aristotcles
665 2993 782 3075 quoidam
792 2996 832 3070 ³),
847 2994 903 3057 hac
915 2995 1068 3075 proposita
1082 2992 1262 3073 quaestione,
1277 2986 1417 3075 πότερος

327 3161 352 3226 3)
370 3159 398 3213 In
411 3161 505 3229 Gorgia
517 3179 540 3229 p.
553 3161 603 3212 463
616 3176 669 3228 sqq.

327 3249 352 3312 4)
373 3247 410 3298 Dc
422 3247 603 3314 antiquioribus
617 3253 716 3297 constat
728 3254 823 3313 septem
841 3247 909 3311 illos,
921 3247 963 3314 qui
976 3247 1046 3314 quasi
1058 3246 1158 3314 proprio
1178 3247 1238 3314 ipsit
1250 3246 1349 3299 nomine
1367 3245 1414 3296 Sa·

259 3334 356 3399 pientes
369 3333 455 3384 vocari
468 3332 559 3395 solent,
573 3346 658 3381 omues
671 3338 773 3397 practer
784 3331 880 3383 Thalen
899 3332 1024 3383 Milesium
1041 3331 1185 3383 civitatibus
1198 3330 1339 3400 praefuisse
1351 3330 1414 3395 Ieffl'-

260 3418 355 3485 baaquc
366 3420 425 3469 latia
437 3425 482 3468 ant
493 3416 665 3467 administrata
679 3432 707 3467 rc
719 3417 818 3484 pullica
829 3418 935 3481 gloriam
952 3425 1039 3469 nactos
1055 3433 1122 3468 osae.
1145 3416 1202 3468 Vid.
1215 3417 1287 3481 Dios.
1299 3417 1329 3468 Ia
1340 3416 1359 3481 1,
1372 3417 1414 3468 to.

260 3503 356 3557 delion.
370 3503 402 3555 V.
420 3503 451 3554 II.
463 3501 504 3562 III,
523 3502 553 3552 ll
571 3502 671 3569 aliaque
689 3518 703 3553 a
722 3503 793 3555 nobis
811 3504 853 3555 cit
866 3504 891 3555 io
906 3504 976 3555 dntt.
989 3504 1005 3554 i.
1020 3518 1044 3569 p.
1058 3502 1102 3555 Gr.
1115 3519 1139 3570 p.
1152 3502 1193 3563 92,
1209 3503 1231 3553 l.
1257 3501 1415 3569 Pythagorae

259 3604 356 3655 qaoque
373 3588 527 3654 disciplinam
547 3602 696 3653 magnopere
717 3589 749 3640 ad
769 3588 957 3656 rempublicam
969 3596 1098 3655 spectasse
1111 3604 1144 3639 ex
1156 3588 1201 3651 iis,
1218 3603 1281 3653 quae
1298 3587 1414 3639 ibidama

259 3674 409 3725 arobIsdictn
421 3680 487 3738 sunt,
499 3679 611 3739 apparet,
626 3688 671 3722 neo
684 3681 754 3723 recte
766 3674 853 3724 Cicero
866 3674 897 3724 de
914 3680 978 3723 orat.
996 3671 1037 3736 111,
1053 3673 1096 3737 15,
1109 3672 1154 3737 56,
1167 3675 1231 3723 huuc
1243 3672 1316 3739 plane
1328 3672 1415 3722 eodem

259 3776 312 3811 cnm
326 3760 467 3810 Democrito
480 3766 506 3809 et
518 3759 669 3822 Anaxagora
682 3759 736 3809 loco
750 3766 870 3821 numerat,
884 3760 924 3825 qni
938 3774 998 3809 sano
1011 3766 1078 3809 totos
1091 3774 1119 3808 se
1131 3774 1145 3808 a
1156 3774 1183 3808 re
1196 3756 1293 3824 publica
1305 3757 1335 3806 ad
1349 3758 1414 3807 olio-

259 3859 310 3895 sam
324 3858 405 3893 rernm
418 3843 582 3907 cognitionem
595 3844 786 3895 transtulerunt.
798 3872 831 3880 —
844 3842 880 3893 Ile
891 3843 996 3894 Socrate
1008 3843 1064 3893 cive
1076 3843 1226 3893 loculentam
1236 3841 1352 3891 habemus
1365 3840 1415 3891 Ln-

259 3928 472 3992 ualentiorem,
489 3927 568 3993 Lugd.
580 3929 607 3979 ll.
620 3944 677 3979 aaa.
697 3928 761 3979 1796
773 3929 872 3979 editam.
895 3928 932 3979 ue
950 3929 1046 3980 duabus
1061 3928 1175 3979 Socratis
1191 3926 1349 3979 auditoribus
1361 3941 1413 3978 aaa·

258 4014 325 4066 aine
337 4013 491 4080 disparibus,
509 4014 637 4081 Aristippo
650 4021 677 4066 et
687 4014 850 4077 Antisthene,
867 4029 972 4079 qaorum
983 4015 1051 4066 alter
1062 4013 1214 4078 fugiendam,
1231 4013 1298 4065 alter
1309 4012 1414 4065 admini-

259 4099 387 4151 strandam
403 4099 510 4167 sapienti
528 4115 580 4150 rem
597 4098 719 4164 publicam
737 4098 845 4163 dicebat,
862 4099 913 4149 vid.
930 4099 1064 4165 Angustia.
1081 4100 1111 4149 de
1129 4098 1181 4149 (liv.
1198 4098 1244 4149 llei
1260 4096 1356 4161 XVIII,
1372 4097 1414 4149 ll.

259 4185 351 4237 Eadem
366 4186 540 4235 controversia
555 4192 643 4252 postca
660 4185 726 4235 iuter
738 4184 838 4235 Stoicos
851 4191 878 4234 et
890 4185 1029 4251 Epicureos
1041 4185 1148 4235 maxime
1160 4183 1310 4249 agitabatur,
1323 4184 1354 4233 de
1366 4198 1415 4249 qua

258 4286 335 4337 pauca
348 4272 465 4336 quaedam
483 4270 587 4334 legimus
603 4269 627 4318 in
646 4270 757 4319 Senecae
774 4266 806 4319 ir.
824 4268 867 4320 ue
884 4272 947 4320 otio
965 4270 1135 4337 sapientis,
1147 4268 1219 4335 plora
1231 4267 1335 4331 collegit
1347 4266 1412 4321 Gas-

258 4357 359 4421 sendm,
372 4356 408 4407 lle
421 4356 510 4422 philos.
524 4354 623 4420 Epicur.
637 4352 658 4404 II
670 4370 694 4421 p.
710 4352 740 4404 14
753 4360 780 4404 et
791 4352 848 4405 ³57.

327 4442 352 4505 5)
369 4440 467 4493 Politia.
481 4437 535 4501 VII,
548 4438 572 4489 2.
