3222 5148
636 506 786 607 -ο-ιι-

128 695 191 759 curi
206 714 269 760 non
285 716 320 759 ex
335 698 443 761 atomis
457 697 549 762 luisse
564 693 732 772 crederent,
755 698 905 762 sedaliam
923 700 1025 764 nescio
1046 717 1135 781 mam
1156 705 1294 763 usturam

128 814 232 861 eorum
249 800 517 881 circumspicerent.
542 801 667 864 Pmeivit
686 801 930 877 Gossendus14l,
952 801 999 864 cui
1020 802 1193 876 „ridetur
1207 802 1294 882 Epi·

128 918 239 963 curus
264 903 453 965 censuisse
475 904 631 967 deorum
656 922 737 966 esse
763 923 900 986 corpus
930 904 984 967 sui
1004 904 1169 985 generis,
1193 903 1293 965 aliud

128 1002 363 1067 videlicetab
378 1003 445 1079 iis,
461 1007 700 1085 quaesiuter
715 1007 852 1069 atomis
872 1013 1091 1081 concreta“,
1112 1005 1200 1087 idque
1220 1022 1293 1068 con-

128 1104 239 1167 firmari
257 1105 347 1168 etiam
369 1126 421 1181 eo,
446 1108 525 1188 quod
548 1108 737 1180 Plutarchus,
753 1117 911 1190 postquam
928 1109 1000 1171 dixit
1015 1109 1086 1171 deos
1100 1126 1165 1170 esse
1179 1107 1294 1170 ratione

128 1208 380 1290 contemplabiles,
395 1209 529 1275 subiiciat
544 1228 614 1274 eum
627 1210 763 1292 posuisse
778 1219 919 1292 quattuor
932 1228 1037 1293 genera
1052 1218 1224 1273 naturarum
1246 1210 1293 1271 in-

125 1311 373 1392 corruptibilium,
403 1308 446 1375 τά
474 1302 597 1395 ι’ίτομα,
623 1308 663 1376 τὸ
685 1307 792 1388 κενόν,
815 1310 854 1376 τὸ
879 1304 1022 1397 ἔπειρον
1048 1322 1078 1375 et
1105 1321 1211 1393 quarto
1226 1312 1291 1375 loco

127 1408 186 1488 τὰς
216 1405 434 1499 ὁμοιότητας,
462 1434 534 1496 quas
564 1416 685 1497 quidm
710 1416 800 1478 etiam
828 1406 1061 1498 ὁμοιομερείας
1089 1422 1118 1476 et
1144 1414 1294 1491 στοιχεῖα

127 1515 193 1577 dici.
232 1516 274 1577 ile
296 1517 341 1578 bis
361 1518 431 1598 quid
454 1519 645 1581 statuendum
667 1518 706 1580 sit
727 1518 843 1581 difficile
863 1519 944 1580 dictu
958 1524 1013 1591 est,
1029 1517 1085 1578 nisi
1100 1518 1159 1579 hoc
1173 1516 1293 1598 quidem

129 1636 270 1699 apparere
286 1618 420 1693 arbitror,
436 1620 523 1682 istam
539 1616 602 1682 τῶν
624 1611 830 1704 ὁμοιοτήτων
851 1639 919 1683 cum
934 1619 1162 1683 homoeomeriis
1177 1620 1294 1681 Anaxa-

126 1740 214 1803 gorae
229 1728 260 1783 et
271 1721 425 1784 elementis
435 1722 622 1804 Empedoclis
637 1723 820 1805 aliorumque
840 1723 1093 1806 comparationem
1116 1728 1168 1784 aut
1186 1720 1293 1783 contir-

127 1825 242 1886 sionem
263 1824 446 1904 perineptam
468 1845 532 1888 esse
553 1835 583 1887 et
604 1826 696 1888 errori
716 1827 866 1908 scriptoris
888 1825 999 1888 indocti
1018 1823 1220 1905 imputandam
1233 1823 1293 1902 16).

126 1926 159 1987 ld
173 1926 262 2005 igitur
276 1926 444 1989 Gassendus
460 1945 578 2006 quoque
592 1927 722 1989 sentiens
738 1920 939 2012 ὁμοιότητας
960 1926 1032 1989 nibil
1053 1927 1129 1989 aliud
1151 1944 1215 1988 esse
1240 1942 1293 1986 su·

130 2027 268 2108 spicatur,
285 2026 342 2088 nisi
362 2028 408 2103 id,
423 2046 482 2109 quo
499 2036 636 2091 constent
651 2029 794 2093 celebrata
808 2030 854 2093 illa
877 2037 908 2091 et
921 2049 939 2093 a
953 2028 1053 2091 multis
1067 2028 1153 2091 irrisa
1168 2027 1292 2089 deorum

127 2131 435 2211 quasi-corpora,
463 2131 499 2193 de
524 2130 631 2211 quibus
657 2150 716 2212 quo
731 2134 821 2196 modo
842 2132 1030 2195 iudicandum
1052 2132 1090 2193 sit
1103 2130 1179 2192 inira
1195 2147 1289 2209 expo-

125 2251 242 2295 nemus.
276 2232 406 2314 Denique
421 2233 479 2295 boc
493 2233 598 2295 saltem
613 2251 752 2312 apparere
767 2237 821 2310 ait,
838 2234 997 2316 Epicurum
1018 2241 1135 2314 praeter
1156 2232 1203 2295 illa
1225 2232 1291 2305 tria,

126 2336 163 2399 de
179 2335 285 2416 quibus
299 2335 380 2399 nulla
395 2336 434 2397 sit
445 2335 652 2408 controversia,
665 2338 827 2399 asseruisse
839 2347 973 2418 quartam
987 2334 1133 2419 quandam
1145 2342 1291 2407 naturam,

128 2457 204 2520 quae
220 2438 387 2521 incorrupta
402 2437 523 2520 perinde
539 2439 704 2518 sitneque,
723 2459 760 2502 cn
775 2440 839 2501 eius
854 2448 969 2512 mente,
991 2439 1110 2520 intelligi
1131 2437 1185 2500 alia
1201 2454 1292 2517 quom

125 2541 221 2603 divina
237 2541 339 2621 possit.
362 2541 527 2604 desumitur
542 2540 610 2603 huic
624 2540 754 2605 Thomas
769 2541 917 2606 Stanleius
929 2543 990 2617 ¹⁶),
1005 2549 1200 2622 quartamque
1215 2540 1292 2602 bano

201 2710 241 2775 14)
259 2709 437 2765 Αοίιτισιοει.
460 2714 486 2765 io
506 2712 541 2766 X.
562 2712 655 2765 librum
672 2715 792 2780 Diogenis
805 2714 903 2778 Laert,
923 2721 983 2765 tom.
996 2712 1017 2765 ll
1029 2731 1053 2781 p.
1066 2715 1108 2764 55.
1121 2713 1162 2763 56.
1175 2712 1215 2764 ed.
1228 2718 1289 2764 tert.

130 2795 244 2863 Lugdun.
259 2798 332 2849 tots.

200 2882 240 2946 is)
259 2881 341 2934 Locus
353 2892 394 2936 est
405 2885 430 2935 in
443 2884 510 2936 libro
522 2884 553 2937 de
565 2885 665 2949 placitis
679 2885 738 2950 phil
752 2882 770 2945 i,
784 2887 809 2948 i,
824 2886 867 2936 15:
886 2880 1052 2950 Ἐπίκουρος
1067 2879 1292 2953 ἀνθρωποειδεῖς

126 2964 182 3036 μὲν
203 2963 313 3025 πάντας
332 2967 397 3027 τοὺς
417 2966 513 3034 θεοὺς,
534 2965 611 3038 λόγῳ
630 2969 661 3022 δὲ
674 2966 784 3028 πάντας
796 2968 956 3039 θεωρητοὺς
968 2966 1015 3020 διὰ
1029 2965 1079 3033 τὴν
1090 2968 1292 3031 λεπτομέρειαν

128 3052 177 3117 τῆς
189 3053 243 3103 τῶν
256 3049 379 3106 εἰδώλων
390 3051 510 3122 φύσεως.
534 3052 548 3106 ὁ
563 3050 675 3112 δἀὐτὸς
686 3052 771 3113 ἄλλος
783 3050 881 3119 [ἄλλως
893 3055 957 3107 coni.
971 3054 1103 3120 Gasseud,
1114 3053 1186 3119 idque
1197 3051 1291 3116 legitur

134 3138 159 3188 in
171 3138 227 3190 cod.
239 3136 348 3204 liceum]
364 3139 501 3207 τέσσαρας
512 3137 612 3210 φύσεις
624 3137 692 3192 xasa
705 3142 787 3210 γένος
798 3136 966 3211 ἀφθάρτους
982 3137 1081 3203 τάσδε,
1097 3136 1132 3190 τὰ
1142 3132 1246 3207 ἄτομα,
1258 3139 1291 3190 τὸ

132 3220 223 3288 τιευότ,
244 3221 275 3275 τὸ
296 3218 426 3293 ἄπειροι,
448 3222 496 3283 τὰς
516 3222 698 3294 ὁμοιότητας·
723 3208 804 3279 αἷιται
825 3225 857 3279 dl
876 3225 1007 3294 λέγονται
1028 3220 1225 3294 ὁμοιομέρειαι
1245 3223 1292 3274 καὶ

133 3313 268 3378 στοιχεῖα.
281 3337 314 3348 -
325 3310 487 3363 Steinbartns
504 3310 529 3362 in
545 3313 755 3364 commentatione
770 3314 801 3365 de
812 3313 923 3378 Epicuro
936 3310 1083 3380 (llncyclop.
1095 3307 1147 3361 litt.
1159 3317 1186 3361 et
1197 3316 1259 3360 srtt.
1272 3307 1292 3373 l,

133 3394 166 3445 35
178 3409 203 3458 p.
215 3395 275 3458 474)
289 3393 319 3447 τὸ
333 3393 415 3448 κενόν
426 3397 473 3447 boc
485 3397 543 3448 loco
555 3414 605 3448 non
617 3398 647 3450 de
660 3413 772 3463 vacuo,
789 3399 834 3449 sed
845 3399 876 3450 de
889 3391 1100 3464 συμπτώμασιν
1111 3394 1290 3458 accipiendum,

134 3476 183 3537 τὰς
195 3474 363 3547 ὁμοιότητας
376 3489 472 3546 summ,
489 3498 535 3547 pro
553 3498 601 3548 qno
614 3482 738 3535 vocabulo
752 3476 896 3547 ἰδιότητας
906 3482 990 3547 potins
1001 3480 1080 3532 scribi
1091 3479 1184 3531 debere
1196 3486 1291 3544 censet,

133 3565 150 3615 i
163 3580 186 3630 q.
203 3561 236 3616 sd
255 3562 446 3633 συμβεβηκότα
462 3582 519 3619 esse
535 3568 687 3633 suspicetur.
713 3566 739 3618 ld
751 3583 800 3634 qua
812 3567 911 3619 ratione
924 3566 981 3618 fleri
993 3566 1075 3630 possit
1087 3580 1165 3632 neone
1178 3565 1233 3629 ipsc
1245 3580 1291 3617 ex-

132 3648 218 3714 posuit
239 3665 317 3717 neque
337 3668 384 3717 ego
402 3652 545 3718 intelligere
564 3669 673 3721 possum.
698 3650 764 3704 Nolo
784 3653 838 3717 ipse
855 3653 1016 3704 coniecturas
1027 3649 1180 3716 periclitari,
1201 3649 1290 3716 quibus

133 3749 207 3802 quum
229 3742 325 3786 certum
346 3735 531 3790 fundamentum
553 3740 632 3805 desit,
653 3737 717 3790 nibil
728 3736 795 3790 ellici
807 3753 881 3805 posse
892 3736 1061 3803 praevideam.
1086 3733 1290 3788 commemorabo·

130 3828 215 3871 tamen
233 3821 257 3871 in
271 3820 410 3874 Philodemi
421 3820 486 3874 libro
500 3842 529 3876 τι.
543 3822 640 3891 aiore,
654 3822 789 3877 ilerculan.
803 3824 820 3875 l.
833 3822 851 3875 l.
864 3840 887 3889 p.
900 3823 943 3887 80,
959 3821 1055 3889 aliquid
1066 3823 1116 3874 dici
1128 3823 1158 3874 de
1170 3823 1290 3874 similitu·

131 3908 190 3960 dine
211 3906 391 3959 elementorum
408 3908 474 3974 (τῶν
490 3913 647 3979 στοιχείων)
660 3912 683 3962 b.
697 3926 719 3962 e.
732 3918 881 3973 atomorum,
897 3914 933 3971 et,
945 3914 973 3959 nt
985 3908 1096 3973 videtur,
1108 3908 1189 3959 dedis
1201 3905 1231 3959 ds
1243 3908 1291 3974 τῆς

131 3989 300 4064 ὁμοιότητος
312 3987 498 4064 ὑπάρχουσιν,
510 3996 575 4047 unde
588 3996 644 4048 ieri
659 3996 748 4061 possit,
760 4002 789 4046 ut
800 4002 904 4047 aeterna
916 3993 1071 4046 beatitudine
1084 3991 1209 4046 lrbantur.
1234 3994 1291 4045 ilon

130 4080 247 4132 absimile
260 4094 321 4131 vero
333 4086 387 4142 est,
403 4078 540 4144 Epicurum
551 4087 652 4133 ceteras
665 4096 708 4133 res
721 4098 806 4133 ornnes
818 4080 908 4133 atomis
921 4081 988 4132 inter
1000 4096 1028 4132 se
1040 4079 1217 4145 dissimilibus,
1229 4080 1290 4132 deos

131 4175 214 4219 nutem
235 4166 359 4218 similibus
379 4171 478 4216 tantum
494 4173 613 4217 constare
630 4166 740 4232 dixisse,
762 4182 866 4232 qnorum
884 4166 1027 4218 coniunctio
1043 4166 1157 4218 tenacior
1169 4173 1195 4216 et
1207 4166 1291 4217 disso-

135 4252 225 4304 lutioni
237 4253 317 4304 minus
330 4252 441 4304 obnoxia
452 4261 528 4304 esset.
553 4252 705 4319 Quamquam
717 4255 896 4318 sempiternam
910 4254 983 4317 plane
995 4261 1022 4305 et
1033 4253 1197 4304 immortslern
1211 4252 1290 4303 vitam

132 4353 163 4388 ne
181 4337 218 4387 sic
235 4337 332 4403 quidem
349 4337 382 4389 iis
398 4339 481 4390 asseri
494 4338 609 4403 potuisse
621 4346 734 4405 apparet,
747 4339 795 4392 nisi
806 4340 976 4392 advocaretur
988 4341 1064 4392 etiam
1078 4340 1227 4408 incoeptos
1238 4336 1291 4404 lex,

131 4424 162 4475 de
175 4437 222 4488 qus
235 4437 294 4473 mox
306 4423 426 4475 dicemus.

203 4508 244 4570 16)
263 4507 359 4561 Hister.
373 4507 462 4576 pbilos.
476 4527 499 4579 p.
510 4510 569 4564 968.
