3290 5142
779 476 927 574 -ει-

270 664 402 747 pubicae
420 670 565 727 rectorem
585 664 681 746 optari
699 664 784 728 citius
805 682 895 746 quarn
913 663 1025 745 sperari
1040 680 1142 746 posse:
1163 663 1372 744 nequeenim,
1393 671 1429 729 nt

269 773 347 834 inter
361 786 447 849 apes,
468 767 511 830 sic
524 766 604 829 inter
616 767 753 829 homines
768 786 852 849 reges
867 766 947 829 nasci
960 773 1115 847 tantopere
1130 783 1200 848 prae
1213 767 1318 830 ceteris
1332 768 1429 831 excal-

271 868 381 944 lentes,
396 871 447 951 qui
462 869 561 931 omnia
575 870 704 932 maxima
718 869 840 932 minima
854 871 1010 951 complecti
1024 870 1124 933 anima
1137 886 1172 931 ac
1186 869 1337 951 pervidere
1352 870 1429 934 diiu-

272 972 427 1052 dicareque
446 971 562 1052 possint
572 976 581 1012 ¹
591 971 631 1050 9).
660 970 743 1034 Hanc
761 971 850 1053 igitrrr
871 972 910 1035 ob
925 990 1045 1035 causam
1059 970 1151 1034 careri
1164 987 1226 1034 non
1239 990 1328 1053 posse
1342 972 1429 1035 bonis

270 1074 382 1156 legibus
401 1073 533 1135 virorum
552 1073 700 1136 bonorum
721 1080 751 1135 et
771 1074 946 1156 sapientium
967 1074 1090 1139 consilio
1110 1073 1278 1155 descriptis,
1305 1074 1431 1155 quaein

271 1176 444 1240 universum
469 1174 539 1255 quid
562 1174 593 1236 in
618 1193 736 1256 quoque
759 1193 859 1238 rerum
884 1194 992 1257 genere
1016 1176 1090 1239 iuris
1109 1177 1149 1239 sit
1165 1175 1355 1258 praeilninnt:
1383 1177 1430 1240 lris

271 1286 370 1342 autem
385 1276 555 1340 exercendis
565 1275 758 1339 adhibendam
770 1295 836 1339 esse
846 1279 1022 1359 prudentem
1034 1279 1217 1359 singulorum
1227 1296 1328 1341 rerum
1340 1278 1430 1341 aesti-

272 1380 451 1453 mationem,
472 1384 520 1453 ut,
539 1379 570 1440 in
591 1379 698 1460 quibus
716 1397 870 1442 summurn
889 1379 960 1443 illud
979 1381 1026 1443 ius
1045 1381 1144 1443 locum
1164 1381 1273 1446 habere
1293 1389 1430 1463 nequem,

271 1482 342 1545 boni
356 1487 387 1544 et
400 1481 486 1562 aequi
499 1481 574 1544 ratio
590 1479 762 1562 praevaleat.
789 1482 839 1546 Sic
849 1500 897 1545 res
908 1501 943 1545 eo
956 1483 1119 1558 deducitur,
1135 1489 1170 1545 ut
1181 1484 1328 1566 optimum
1339 1502 1431 1565 genus

271 1583 387 1665 imperii
414 1584 453 1645 sit
478 1574 641 1667 μοναρχία
671 1578 848 1660 ζευχθοῐσα
869 1576 904 1646 ἐν
925 1578 1114 1666 γράμμασιν
1135 1578 1269 1669 ὀρθοῖς,
1299 1574 1357 1661 οὓς
1377 1579 1432 1649 rd-

269 1704 354 1765 μους
374 1678 512 1766 λέγομεν
522 1685 588 1762 ¹⁰),
609 1686 639 1746 lr.
654 1703 680 1746 c.
695 1687 785 1748 unius
799 1686 958 1767 imperium
973 1687 1060 1749 bonis
1075 1689 1186 1768 legibus
1200 1690 1350 1762 iunctum,
1370 1706 1431 1770 quo

271 1788 350 1869 leges
366 1787 485 1869 quidem
500 1787 531 1849 in
544 1787 716 1850 universum
730 1788 855 1861 valeant,
879 1787 931 1851 sed
946 1788 994 1851 lais
1009 1790 1053 1852 sic
1065 1797 1100 1852 ut
1114 1808 1168 1871 par
1181 1791 1220 1854 sit
1248 1797 1341 1872 utque
1362 1788 1432 1854 boni

271 1891 379 1974 publici
399 1895 430 1953 et
447 1906 533 1952 verae
553 1889 682 1953 iustitiae
701 1890 775 1953 ratio
795 1897 898 1972 poscat
919 1892 1087 1955 exercendis
1101 1911 1155 1956 rer
1168 1893 1306 1975 invigilet.
1335 1892 1431 1974 Atque

271 1994 340 2057 hinc
354 1992 443 2056 etiam
457 1991 528 2054 illud
542 1992 742 2073 consequitur,
757 1992 828 2055 boni
839 1993 916 2074 regis
928 1993 1058 2057 officium
1070 1995 1102 2057 iu
1112 2015 1149 2058 eo
1159 1995 1347 2076 potissimum
1358 2012 1432 2058 con-

160 2168 163 2173 ,
271 2104 364 2170 stare,
384 2101 420 2157 ut
441 2094 580 2175 quoniam
600 2111 680 2157 unns
700 2093 798 2157 omnia
819 2113 920 2158 curare
940 2112 1003 2158 non
1022 2097 1133 2177 possit,
1154 2096 1226 2161 alios
1243 2098 1307 2161 aliis
1327 2099 1358 2160 in
1376 2096 1432 2161 sud

272 2216 406 2280 quosque
419 2214 527 2278 genere
542 2198 671 2279 optimas
685 2197 834 2279 praeliciat
847 2198 1010 2271 ministms,
1024 2199 1088 2278 ipse
1102 2207 1203 2263 autem
1217 2201 1325 2264 horum
1337 2200 1433 2262 admi-

270 2302 476 2365 nistrationem
490 2306 571 2382 regat
584 2299 746 2381 agendique
761 2299 884 2363 modum
899 2300 934 2362 iis
949 2301 1136 2381 praescribat.
1171 2297 1237 2386 Ίῆν
1259 2291 1361 2375 ὅπως
1375 2287 1432 2363 οὗ·

272 2422 333 2466 σαν
354 2397 545 2485 βασιλικήν,
572 2402 743 2483 ἰοροὶῒ’ῑ),
767 2392 827 2463 οὐκ
848 2393 950 2485 αὐτὴν
971 2398 1024 2463 dai
1043 2395 1203 2487 πράττειν
1224 2394 1297 2466 dtt'
1321 2392 1432 2485 α’ρχιιν

271 2502 335 2569 τῶν
355 2497 541 2585 δυναμένων
561 2499 727 2588 πράττειν,
742 2504 804 2567 lere
817 2510 852 2567 ut
865 2510 967 2568 nostra
981 2511 1076 2567 aetate
1090 2506 1122 2567 in
1137 2505 1228 2569 Gallia
1243 2506 1337 2569 virum
1352 2506 1432 2569 haud

272 2606 523 2672 contemnendum
537 2605 646 2669 dirime
656 2606 863 2669 meminimus:
879 2607 911 2668 le
924 2607 980 2669 roi
995 2624 1119 2688 regne,
1136 2609 1226 2671 mais
1241 2609 1269 2670 il
1282 2625 1326 2671 ne
1340 2596 1431 2689 gou-

272 2728 381 2773 verne
402 2732 483 2794 pes,
506 2714 585 2794 quod
606 2713 632 2776 si
652 2714 755 2777 eadem
770 2716 795 2778 is
811 2734 868 2797 qua
883 2714 967 2776 Plato
983 2719 1084 2777 mente
1099 2710 1186 2781 dixit,
1206 2727 1268 2773 non
1282 2717 1345 2772 erat
1359 2728 1432 2772 sane

272 2832 325 2877 cur
343 2817 615 2897 reprehenderetur.
635 2852 679 2862 —
702 2817 779 2880 Sunt
800 2825 899 2880 antem
915 2817 1005 2879 etiam
1020 2817 1074 2880 elia
1090 2813 1233 2895 quaedam
1249 2812 1280 2874 in
1293 2812 1352 2875 hoo
1364 2812 1431 2874 Pla-

272 2918 351 2980 tonis
365 2918 489 2999 dialogc,
504 2935 578 2997 quae
593 2917 704 2980 nostris
718 2918 904 2999 temporibus
918 2918 1026 2999 scripta
1040 2916 1132 2979 rideri
1146 2913 1270 2996 possint,
1285 2915 1432 2996 imprimis

273 3019 310 3082 de
336 3019 451 3082 duobus
480 3019 635 3082 hominum
659 3021 830 3101 generibus,
857 3021 964 3101 quibus
987 3019 1130 3083 obsistere
1151 3034 1251 3098 regem
1273 3032 1433 3098 cavereque

273 3127 423 3203 oporteat,
444 3139 482 3183 ne
502 3122 632 3185 officient
653 3122 697 3185 rei
716 3122 859 3203 publicae.
890 3123 990 3185 Unum
1005 3140 1097 3203 genus
1112 3137 1216 3182 eorum
1231 3126 1291 3192 cst,
1312 3119 1378 3201 qui,
1399 3124 1434 3181 at

272 3224 334 3305 ipse
354 3223 468 3302 aim),
496 3218 765 3305 προσποιοῦνται
785 3219 844 3303 μὲν
866 3211 952 3287 εἶναι
974 3215 1164 3298 πολιτικαί,
1191 3216 1249 3283 καὶ
1271 3220 1434 3284 πείθουσι

272 3317 431 3399 πολλούς,
460 3317 527 3388 εἰσὶ
548 3319 587 3387 δὲ
609 3316 776 3405 οὐδαμῶς,
801 3325 831 3387 lt.
853 3347 879 3390 e.
900 3327 951 3409 qui
971 3323 1219 3391 administrandae
1237 3322 1281 3385 rei
1301 3322 1433 3404 publicae

272 3426 424 3490 mnndum
444 3426 499 3489 sibi
518 3432 657 3509 arrogant
673 3429 844 3509 multosque
864 3430 1000 3493 credulos
1014 3427 1182 3500 inveniunt,
1202 3444 1236 3489 rc
1250 3441 1318 3487 rere
1333 3431 1432 3489 autem

273 3528 310 3592 ab
333 3528 381 3592 illa
406 3529 528 3592 scientia
554 3530 640 3610 longe
666 3531 773 3595 remoti
798 3537 878 3594 suut.
914 3531 968 3594 Sat
986 3533 1096 3594 multos
1115 3528 1250 3612 proiecto
1268 3528 1359 3591 etiarn
1378 3527 1433 3590 hac

272 3636 367 3695 aetate
381 3632 534 3706 otialis,
550 3650 625 3713 quac
640 3648 720 3696 nunc
734 3640 814 3708 sunt,
830 3632 996 3698 civitatibus
1011 3631 1109 3695 rideas
1123 3632 1212 3693 huius
1226 3630 1342 3711 generis
1356 3628 1431 3710 poli-

273 3735 345 3798 ticos
359 3734 450 3799 lrlsos
465 3741 495 3797 et
508 3734 703 3812 adulterinos,
718 3737 828 3818 partim
842 3736 946 3800 libellis
960 3735 1092 3817 qnotidie
1105 3733 1227 3816 sparsis,
1241 3731 1350 3814 partim
1364 3748 1431 3793 ora-

272 3837 404 3902 tionibus
423 3854 484 3902 non
502 3837 593 3900 modo
612 3839 643 3901 in
661 3838 845 3920 privatorum
865 3838 980 3903 menis
999 3837 1052 3901 sed
1070 3836 1161 3900 etiam
1174 3836 1206 3898 in
1220 3832 1344 3916 puhlicis
1359 3850 1431 3896 con·

343 4039 384 4105 19)
395 4038 423 4091 Ρ.
436 4038 483 4091 301
498 4037 532 4090 E:
548 4039 611 4094 Νῦν
622 4037 658 4093 δέ
665 4057 699 4111 γε
711 4037 800 4096 ὁπότε
812 4036 865 4095 οὖν
876 4036 936 4096 ἔστι
947 4037 1116 4111 γιγνόμινοι
1127 4035 1158 4095 ἰν
1168 4043 1229 4097 ταῖς
1241 4032 1343 4091 πόλεσι
1352 4041 1431 4103 Mt·

273 4120 341 4193 ieric,
354 4116 415 4182 οἶοι
426 4121 457 4178 ἒν
468 4119 605 4193 σμήνεσιν
616 4120 767 4199 ἐμφύεται,
783 4124 817 4179 τό
827 4142 857 4181 τε
869 4128 951 4198 σῶμα
963 4122 1048 4185 εὐθὺς
1058 4126 1105 4179 rat
1116 4123 1166 4193 τὴν
1178 4122 1274 4194 φορὴν
1285 4121 1431 4207 διαφεραν

273 4201 326 4276 αἶα,
345 4208 392 4265 δεῖ
405 4209 441 4277 δὴ
457 4205 644 4270 συνελθόντας
658 4208 864 4284 ξυγγράμματα
879 4207 1017 4282 γράφειν,
1034 4207 1072 4270 ὡς
1086 4206 1173 4276 tom,
1188 4211 1381 4279 μεταθέοντας
1395 4226 1429 4261 το

272 4292 677 4364 tessarescedecadarum
688 4299 761 4367 lm.

314 4378 531 4448 *mama
935 4381 1129 4446 mnmn

341 4466 536 4533 meme
