3276 5144
813 456 964 558 —25-6—

307 649 386 712 riore
410 649 524 730 pagine,
546 646 617 721 553,
645 645 696 719 26,
722 663 777 726 pro
798 639 829 709 εΙ
850 641 888 709 δὲ
909 640 954 729 μή
974 636 1015 706 τὸ
1033 640 1186 705 τοιοῦτον
1203 633 1249 722 μῆ
1270 629 1469 719 παρέπεται

308 752 496 814 scribendum
511 751 625 812 videtur
639 740 674 811 εἴ
686 766 722 829 γε
735 742 799 832 μήν
813 783 868 810 -.

394 854 535 935 Sequitur
554 850 713 932 disputatio
733 852 770 913 de
785 841 870 913 ἄνεω
883 849 1030 921 adverbio,
1049 849 1081 911 iu
1100 865 1159 929 qua
1177 865 1206 927 p.
1223 844 1296 917 555,
1312 843 1331 902 7
1346 839 1467 923 Apollo·

308 957 392 1019 nium
412 973 472 1018 non
491 949 631 1035 μᾶντεος
648 962 679 1015 ot
698 944 813 1038 ἄφεος,
833 950 1084 1033 quemadmodum
1104 948 1218 1010 editum
1239 952 1295 1019 oet,
1315 944 1367 1008 eod
1387 934 1470 1022 μάν-

308 1077 399 1133 τεως,
415 1048 525 1142 ἄφεως
539 1057 692 1139 scripsisse
706 1056 770 1137 ipse
784 1055 840 1117 ioci
855 1060 1010 1118 contextus
1025 1051 1215 1115 manifestum
1230 1048 1309 1111 facit.
1352 1045 1470 1125 Quippe

308 1169 430 1243 propter
448 1160 567 1222 atticum
589 1153 780 1235 ἐπέκτασιν,
800 1159 829 1220 b.
846 1178 873 1220 e.
895 1162 1018 1237 propter
1038 1151 1276 1215 terminationem
1296 1149 1334 1222 εἷς
1352 1166 1408 1229 pro
1421 1147 1469 1220 εἷς,

309 1263 397 1325 otiam
413 1268 426 1328 ῖ
443 1262 620 1345 penvdtimuo
635 1260 760 1343 syllabae
775 1262 806 1322 in
821 1267 834 1329 ξ
849 1258 953 1322 obiisse
968 1258 1018 1320 eit.
1032 1288 1077 1300 —-
1090 1255 1124 1318 P.
1140 1255 1212 1329 555,
1228 1253 1268 1314 24
1283 1250 1409 1314 dubitari
1422 1249 1472 1311 vix
1608 1300 1609 1321 ,

309 1372 408 1446 potest
422 1364 493 1445 quin
507 1374 587 1427 reete
602 1364 753 1427 Bekkerus
766 1362 956 1426 scribendum
971 1360 1119 1423 censuerit
1139 1348 1169 1420 ei
1190 1352 1307 1437 δοθείη
1324 1346 1344 1437 ἡ
1360 1345 1470 1436 γραφὴ

309 1463 369 1529 οὐν
388 1468 438 1552 τῷ
460 1469 478 1535 ὀ
500 1471 567 1548 (pro
583 1462 642 1529 οὐν
654 1466 705 1551 τῷ
719 1470 759 1543 i),
783 1462 901 1549 δοθείη
922 1453 963 1526 ἄν
981 1458 1039 1526 καὶ
1054 1452 1158 1542 ἄνομα
1174 1446 1260 1521 εἶναι
1274 1452 1313 1518 τὰ
1335 1444 1469 1528 ἄνεως.

310 1569 428 1631 Soilioet
441 1569 472 1632 in
487 1569 608 1630 Homeri
622 1568 699 1643 looo,
715 1587 805 1648 quem
820 1568 929 1642 citavit,
944 1567 1000 1629 0d.
1016 1565 1119 1638 ΧΧΙΙΙ,
1133 1563 1184 1637 93,
1203 1551 1224 1644 ἦ
1250 1552 1283 1621 d'
1306 1548 1390 1622 ἄνεω
1410 1552 1472 1640 δῆν

309 1659 401 1756 ἧστο,
422 1671 544 1733 fuerunt
563 1671 614 1752 qui
635 1662 737 1746 ἄνεως
762 1671 850 1734 scribi
869 1670 986 1746 vellent,
1006 1686 1081 1750 quoe
1101 1666 1247 1746 scripturo
1259 1663 1286 1725 ei
1300 1660 1472 1724 admittetur

311 1774 431 1837 oonoedi
446 1792 533 1854 poene
548 1775 588 1835 eit
602 1775 660 1835 hoc
675 1762 778 1847 ἄνεως
793 1791 903 1836 nomen
917 1772 1093 1835 ediootivum
1108 1787 1187 1843 eose3
1204 1766 1252 1829 ein
1265 1764 1409 1845 seriptum
1423 1760 1472 1823 ine

310 1877 388 1958 apud
403 1876 564 1938 Homerum
580 1876 691 1938 nullom
706 1877 911 1939 auctoritatem
925 1874 1040 1947 babeat,
1061 1871 1114 1934 eod
1127 1874 1244 1932 constet
1259 1883 1362 1928 vorem
1376 1862 1472 1929 sinen

310 1978 494 2050 scribendam
509 1997 575 2041 εεεε
595 1970 639 2054 (ελ
662 1973 700 2040 δὲ
721 1974 865 2062 μηδεμία
888 1968 1067 2051 ἀπόδειξίς
1087 1968 1160 2037 ἐστι
1180 1972 1239 2055 τῆς
1258 1970 1318 2031 τοῦ
1333 1973 1352 2035 ἃ
1366 1981 1472 2049 προσ·

310 2076 464 2160 θέσεως),
487 2081 614 2144 dubiteri
634 2099 695 2144 non
713 2099 817 2163 posse,
835 2081 909 2162 quin
928 2071 1013 2143 ἄνεω
1033 2078 1083 2141 iiio
1104 2076 1169 2139 iooo
1188 2091 1244 2155 pro
1265 2069 1402 2135 adverbio
1416 2068 1472 2130 be-

311 2183 441 2246 bendum
461 2184 510 2246 sit
554 2184 692 2248 Ceterum
711 2191 814 2247 utrum
835 2174 919 2246 ἄνεω
934 2182 1105 2264 Apollonius
1123 2196 1163 2241 on
1178 2167 1262 2259 ἄνεῳ
1279 2193 1346 2237 oum
1368 2172 1380 2240 ἱ
1398 2172 1472 2235 snb-

311 2286 420 2366 eoripto
441 2286 615 2366 probaverit,
638 2306 673 2348 ex
693 2287 748 2350 hoo
773 2305 847 2367 queo
866 2292 960 2348 exstet
980 2282 1179 2366 disputatione
1197 2297 1259 2342 non
1278 2278 1349 2341 eutis
1361 2277 1471 2357 liquot:

311 2388 369 2451 boo
388 2395 505 2450 tentum
525 2395 654 2464 constat,
677 2391 763 2471 vulgo
788 2396 937 2470 recentem
964 2389 1140 2469 scripturam
1165 2403 1235 2448 oum
1255 2383 1375 2451 ifuieee
1401 2381 1472 2459 (vid.

312 2510 342 2572 p.
359 2491 432 2565 554,
448 2491 498 2553 27.
524 2492 574 2554 28.
595 2492 733 2565 577,12.
755 2492 826 2564 618,
843 2493 908 2569 25),
933 2491 986 2555 ned
1006 2490 1138 2566 alteram,
1163 2489 1228 2552 eine
1246 2495 1270 2562 ῐ,
1296 2504 1358 2549 non
1371 2484 1474 2568 paucio

314 2592 459 2654 veriorem
481 2592 584 2656 vieam
614 2594 657 2656 Cf.
673 2595 808 2657 Enetuth.
828 2595 865 2657 ed
879 2595 912 2657 ΙΙ.
927 2595 978 2668 ΙΙΙ,
994 2594 1033 2656 84
1050 2598 1080 2655 et
1093 2592 1140 2655 εΙΙ.
1183 2593 1266 2666 Quae
1280 2597 1379 2652 nutem
1394 2586 1473 2668 apud

312 2694 499 2776 Apollonium
514 2714 544 2776 p.
557 2695 629 2771 556,
645 2696 827 2775 lieguntur:
849 2687 946 2777 εἴπερ
967 2683 1025 2757 οὖν
1042 2689 1100 2757 καὶ
1119 2691 1158 2756 τὸ
1180 2685 1279 2777 ἄνεῳ
1302 2686 1339 2755 ἐκ
1359 2690 1475 2754 κοινοῦ

313 2792 445 2878 γεγονὸς
471 2798 531 2859 τοῦ
558 2787 680 2872 ἄναος
705 2787 728 2882 ἢ
753 2788 868 2872 ἄνεος
900 2791 1104 2871 turbemer
1130 2786 1476 2876 παραλαμβανόμενον

312 2890 518 2981 παράκειται
540 2891 707 2984 ἒπλρρημᾶ
728 2921 778 2976 τι,
806 2896 911 2986 σαφὲς
933 2893 987 2963 ὅτι
1009 2891 1069 2963 oo'v
1094 2892 1142 2974 εἷς
1167 2901 1195 2966 ὦ
1221 2891 1474 2983 περατούμενον,

314 2991 362 3074 εἷς
384 2995 422 3063 δὲ
443 3002 493 3075 εἷς,
516 3002 590 3064 heoo
609 3020 698 3064 nomo
718 3018 780 3065 non
800 3002 879 3064 videt
897 3012 1035 3082 oorrnpte
1053 3022 1128 3066 esee.
1173 3004 1209 3064 Et
1223 3010 1338 3084 purtem
1352 3003 1474 3084 quidem

314 3104 498 3183 oorruptetue
518 3103 683 3167 Skrzeozke
710 3105 837 3167 correxit
864 3104 1019 3168 scribendo
1040 3097 1136 3187 εἴπερ
1156 3094 1213 3167 οὖν
1231 3102 1278 3189 τῷ
1297 3096 1420 3180 ἄνεως
1438 3098 1476 3168 ἐκ

313 3206 429 3268 κοινοῦ
456 3199 605 3287 γεγονότι
717 3200 924 3280 ἐπιθετικῶς
955 3200 1285 3291 παραλαμβανομένων
1314 3229 1391 3285 ...3
1422 3208 1476 3271 eod

314 3307 404 3369 etium
419 3308 558 3388 epodosie
574 3308 745 3389 corrigendo
759 3315 823 3371 eret
840 3308 871 3371 in
886 3310 966 3372 buno
980 3310 1119 3372 modum:
1144 3306 1250 3392 σαφὲς
1272 3302 1326 3373 ἄτα
1347 3301 1406 3373 oo'x
1427 3301 1477 3385 εὶς

313 3410 352 3483 ῖς
378 3404 634 3490 περατούμενον,
662 3403 711 3486 εἰς
737 3406 775 3473 δὲ
801 3414 836 3479 5.
882 3413 956 3474 Nem
981 3413 1152 3476 adverbium
1177 3403 1280 3488 ἄνεως
1304 3413 1477 3495 Apollonius

314 3530 375 3576 non
390 3512 529 3592 egnoeoit,
545 3513 597 3575 sed
612 3520 727 3577 tentum
742 3513 774 3577 in
789 3516 826 3591 ὅ,
848 3514 909 3577 vive
924 3514 1035 3596 absque
1050 3523 1073 3590 ῑ,
1090 3523 1124 3578 ut
1138 3505 1299 3595 ἀνωτέρω,
1314 3508 1477 3597 ἐσωτέρω,

314 3614 375 3678 eive
394 3633 462 3677 oum
477 3615 509 3689 ἶ,
530 3622 565 3678 nt
581 3609 678 3700 τόνῳ,
698 3608 816 3698 κύκλῳ,
837 3635 913 3698 quae
932 3617 989 3698 ipsi
1002 3617 1139 3682 adverbio
1153 3637 1218 3681 εεεο
1233 3616 1377 3680 videntur.

399 3716 433 3778 P.
448 3718 520 3791 556,
540 3718 578 3779 15
600 3736 654 3800 pro
673 3713 789 3782 καὶτὰ
811 3713 935 3781 τούτων
955 3715 1141 3801 παραγωγᾶ
1157 3720 1347 3783 nubendum
1361 3727 1406 3781 oet
1419 3711 1480 3781 καλ

314 3811 441 3882 τούτων
458 3814 502 3880 τοὶ
521 3814 721 3902 παραγωγάς
744 3839 805 3886 non
824 3822 905 3884 enim
922 3822 961 3885 ‘do
980 3822 1123 3886 adverbiis
1144 3843 1181 3886 ex
1200 3822 1343 3886 adverbiis
1358 3821 1480 3885 deflexio

315 3920 457 4003 loquitur,
472 3921 525 3984 eod
540 3921 577 3984 do
592 3923 674 3985 omni
689 3924 894 3988 adverbiorum
909 3925 1107 3988 derivatorum
1121 3943 1238 4008 genere.

401 4022 435 4085 P.
452 4023 524 4097 557,
549 4022 587 4085 Ι2
607 4043 663 4104 pro
684 4026 755 4101 τοῖς
775 4020 900 4111 ῥήμασι
920 4029 1125 4109 reponendum
1150 4048 1217 4091 esne
1242 4026 1313 4102 τοῖς
1332 4019 1481 4111 σχήμασι

316 4124 376 4187 iem
393 4124 556 4188 Sbrzeozke
572 4128 705 4205 monnit3
727 4130 779 4192 sed
795 4131 885 4193 etiem
901 4131 931 4193 in
948 4150 1034 4195 vereu
1048 4131 1185 4213 proximo
1200 4148 1254 4211 pro
1278 4123 1338 4191 καὶ
1357 4124 1419 4209 γὰρ
1438 4124 1480 4191 τὸ

317 4229 357 4301 εἷς
376 4227 564 4290 scribendum
575 4228 692 4292 videtur
704 4225 763 4292 καὶ
784 4228 846 4313 γὰρ
867 4233 916 4319 τῷ
937 4226 997 4308 εἴς
1016 4229 1055 4298 τό
1076 4269 1118 4280 -
1138 4265 1191 4310 -,
1212 4240 1285 4294 etv.
1306 4233 1353 4308 ib,
1367 4224 1426 4293 καὶ
1440 4224 1482 4293 τὸ

317 4321 357 4405 de
371 4348 426 4413 pro
440 4327 497 4394 καὶ
510 4325 549 4395 τὸ
566 4322 615 4406 εἷς
627 4337 658 4409 ῖς
671 4370 723 4396 -.
753 4332 821 4397 Mox
835 4353 862 4397 v.
878 4334 930 4413 20,
945 4337 971 4398 εἰ
984 4337 1050 4418 quie
1065 4335 1221 4400 contulerit
1234 4355 1261 4397 v.
1277 4334 1328 4408 26,
1343 4334 1482 4397 ludunum

317 4453 382 4497 εεεο
404 4434 561 4516 intelliget,
588 4436 632 4499 eie
655 4436 782 4501 Ιοείεεεε
801 4438 991 4522 explendem:
1020 4435 1060 4503 τὸ
1080 4432 1263 4516 πλεονάζον·
1277 4440 1299 4508 ἱ
1315 4429 1482 4524 daeetom
