3154 5138
686 488 748 555 359

141 677 211 741 bane
224 684 303 741 uerte
314 677 521 748 montaum,
537 694 612 758 quae
626 681 742 738 eonstrt
760 692 860 739 errore
873 675 1002 756 quodam
1017 677 1124 754 indicii,
1139 697 1232 762 quum
1246 680 1292 745 io·

140 790 183 844 eto
198 781 282 845 eitius
301 781 412 845 ineerta
430 799 485 862 pro
502 779 603 855 nerlu,
617 777 704 842 dubia
719 784 806 859 atque
820 778 946 842 obseura
959 797 1016 859 pro
1032 782 1192 863 compertis
1207 791 1294 865 etque

139 883 293 966 exploratis
310 882 468 956 bebentur,
489 903 506 946 a
526 901 584 965 qua
602 882 766 944 temeritate
782 899 821 944 ne
835 882 965 964 optimos
981 881 1099 963 quidem
1112 884 1192 948 viros
1207 905 1291 949 sum-

139 1004 259 1067 mosque
266 985 463 1067 philosophos
471 984 542 1049 satis
554 984 611 1047 sibi
622 983 732 1047 earnes
743 981 854 1059 dinero,
869 984 1111 1048 deedemieorum
1125 1003 1217 1063 more,
1230 1006 1291 1052 uon

137 1106 193 1152 uno
206 1089 275 1151 loeo
291 1087 432 1168 quesitum
477 1087 573 1150 Unam
591 1086 679 1168 igitur
691 1086 795 1149 Klotuii
813 1085 981 1150 coniectura
1006 1088 1292 1153 commendationem

136 1189 237 1253 babere
265 1189 351 1252 elioui
378 1188 471 1252 videri
496 1190 592 1271 possit
617 1208 635 1251 a
656 1188 769 1251 maiore
792 1188 955 1252 litterarum
985 1189 1192 1253 similimdine:
1217 1210 1292 1273 quae

137 1300 229 1356 umen
243 1293 348 1374 quanti
361 1292 542 1356 aestimanda
557 1290 605 1367 sit,
620 1289 672 1353 ubi
686 1309 734 1354 res
750 1291 813 1373 ipse
827 1290 978 1366 musnet,
989 1292 1046 1355 diei
1060 1293 1132 1356 nibil
1147 1311 1224 1375 opus
1238 1303 1291 1357 est

214 1395 250 1458 ln
264 1395 372 1458 eodem
387 1395 481 1476 eapite
499 1400 518 1471 p
533 1395 554 1457 2
568 1395 699 1458 Kloteins
713 1394 899 1475 quorundum
913 1393 1059 1459 editomm
1069 1396 1203 1478 exemplo
1217 1397 1291 1461 sori-

135 1497 205 1578 psit:
220 1498 283 1579 qni
298 1516 383 1561 vero
399 1498 485 1560 deos
498 1516 580 1560 esse
594 1497 775 1571 dixerunt,
795 1506 894 1561 tanta
912 1506 998 1561 eunt
1016 1497 1052 1561 in
1066 1499 1240 1561 varietate
1254 1516 1291 1561 ae

135 1599 377 1677 dissensione,
395 1609 432 1663 ut
451 1618 573 1663 eornm
591 1599 782 1664 molestum
801 1600 849 1662 sit
862 1617 1070 1665 enumerare
1084 1600 1290 1664 sententiae.

135 1702 268 1779 Codioes,
291 1710 433 1784 quntum
453 1711 580 1780 constet,
596 1719 700 1765 omnes
721 1718 956 1766 annumerare
969 1702 1086 1780 babent,
1099 1703 1130 1765 in
1145 1701 1291 1789 veteribus

134 1814 226 1869 sutem
242 1804 424 1869 editionibus
439 1805 585 1887 plerisque
598 1804 824 1867 dinumerare
839 1805 983 1886 seriptum
997 1804 1290 1887 estquoduusper·

133 1917 249 1971 mretnr
263 1907 343 1970 nulla
358 1926 446 1970 cansa
465 1908 528 1971 brit
565 1907 639 1971 Nam
659 1906 889 1969 enumerandi
908 1907 1027 1989 quidem
1046 1906 1209 1971 molestiam
1229 1908 1291 1970 sola

134 2010 288 2074 multitudo
303 2009 395 2085 adut
410 2010 523 2073 etiamsi
537 2008 615 2072 nulla
629 2009 669 2071 sit
682 2024 783 2071 renem
796 2008 919 2071 unietas
931 2027 966 2072 ao
979 2009 1138 2084 diruendo,
1152 2027 1226 2090 quae
1240 2008 1291 2072 ubi

131 2112 218 2190 uest
233 2132 270 2176 eo
283 2111 411 2194 proinde
420 2129 468 2175 res
482 2129 546 2174 non
560 2111 651 2174 modo
666 2111 822 2187 numeni,
836 2110 888 2174 sed
903 2111 990 2175 etiem
1005 2111 1109 2193 digeri,
1124 2111 1292 2194 sirndeeque

132 2232 196 2278 mm
211 2215 362 2278 similibus
377 2214 517 2297 oompoui
531 2221 560 2276 et
574 2232 592 2276 a
606 2212 797 2276 dissimilibus
808 2230 843 2276 ao
853 2213 976 2277 dirersis
987 2215 1134 2295 segregem
1148 2216 1293 2291 conuenit,

132 2319 205 2381 uolut
218 2335 315 2401 quum
329 2317 360 2381 in
376 2316 502 2380 eomitiis
516 2316 654 2397 sudmgle
668 2313 831 2378 munienda
846 2326 925 2391 sunt,
939 2316 979 2379 ibi
994 2317 1114 2393 reotins,
1129 2335 1197 2379 meo
1213 2315 1291 2380 iudi-

132 2421 183 2499 eio,
197 2420 407 2485 dmumumd
422 2436 511 2500 quum
525 2418 717 2482 enumerandi
730 2417 890 2482 molestum
904 2419 1055 2500 negotium
1068 2438 1135 2483 esse
1149 2419 1290 2482 dioemus.

211 2521 1291 2604 L10,2b.inverbie:atquebeeequidemvestru,bnoili3qua·

130 2626 172 2690 lia
186 2646 273 2691 uero
296 2626 383 2700 sint,
403 2625 444 2689 ab
462 2625 588 2689 ultimo
606 2631 766 2706 repetam
788 2624 1028 2705 superiorum.
1052 2642 1144 2706 mum
1164 2624 1291 2689 dubitari

130 2747 189 2792 non
207 2748 304 2812 posse
322 2729 522 2811 intedigerem,
534 2730 609 2810 quin
628 2726 708 2791 verbi
727 2727 800 2790 sint
817 2726 979 2790 subiectum
999 2728 1166 2804 exoidisoet,
1180 2728 1290 2791 inserui

129 2840 197 2913 post
207 2852 281 2897 vero
298 2841 426 2907 oetera3
440 2831 570 2895 Klotsiua
585 2831 651 2894 alia
667 2828 859 2911 praeoptavit,
873 2829 982 2893 scilieet
997 2831 1076 2912 quod
1091 2831 1151 2894 boc
1165 2830 1289 2893 voeabu-

128 2935 187 2999 lum
201 2945 277 3018 post
292 2935 420 3018 qualia,
435 2943 558 3017 propter
572 2933 688 2997 easdem
704 2933 736 2996 in
751 2940 876 3014 duoque
889 2939 1028 3014 qnaumr
1042 2933 1165 3010 liberas,
1180 2933 1289 2997 ianlius

127 3039 260 3103 udone
273 3038 409 3121 potuisse
421 3046 561 3102 mseret.
599 3037 672 3100 Nam
688 3036 724 3099 ad
739 3036 913 3100 sententiam
927 3037 1046 3119 (paridem
1060 3037 1205 3120 loquentis
1221 3036 1289 3101 illud

127 3143 251 3206 alterum
267 3143 362 3221 magis
377 3141 631 3205 aooommodetum
646 3149 700 3216 est,
714 3140 824 3223 quippe
838 3159 928 3222 quum
943 3159 1005 3204 non
1016 3141 1074 3204 boe
1088 3140 1168 3205 abeo
1179 3149 1290 3221 agaim,

127 3256 159 3309 ut
175 3253 251 3328 post
270 3244 392 3307 relatam
411 3243 579 3307 Stoicorum
600 3243 744 3307 rationem
764 3243 834 3325 quid
852 3243 904 3307 uni
923 3252 1010 3326 atque
1027 3244 1110 3308 altu'i
1124 3252 1289 3307 retusum

126 3348 271 3431 pheuait
285 3346 397 3430 aliquot
410 3347 553 3429 exemplis
567 3347 716 3422 ostendat,
736 3346 789 3408 sed
806 3354 840 3409 ut
854 3349 988 3409 omnium
1002 3347 1107 3428 placita
1121 3347 1290 3411 summatim

125 3459 310 3533 pereensea
355 3449 556 3525 Quamobrem
570 3450 637 3513 lieet
650 3449 762 3513 laoilius
776 3450 903 3511 iortmse
921 3448 988 3511 alie
1007 3448 1139 3512 exoidere
1156 3450 1290 3532 potuisse

127 3555 219 3629 dieas,
239 3562 356 3627 lemen,
377 3568 469 3632 quum
488 3570 551 3615 non
570 3553 666 3616 solum
686 3550 1039 3635 proptersirnilitudiuem
1053 3551 1222 3629 litterarum,
1237 3553 1288 3615 aed

126 3665 254 3739 propter
272 3654 343 3718 alias
365 3673 483 3737 quomo
502 3674 604 3719 sensas
625 3655 764 3719 tumbula
783 3653 927 3717 eroidiase
941 3662 1065 3730 constet,
1079 3654 1212 3735 equidem
1226 3672 1289 3718 non

125 3760 205 3841 quod
221 3759 396 3841 propinquo
410 3758 553 3823 uenabulo
568 3758 707 3835 similius,
727 3759 779 3822 sed
798 3757 878 3839 quod
892 3759 1053 3821 renuntias
1067 3758 1286 3822 conuenientius
1308 3776 1325 3828 e

124 3872 218 3940 esset,
233 3865 366 3926 inserere
379 3863 465 3925 etiam
480 3862 511 3924 iu
525 3862 615 3926 altera
629 3862 757 3925 editione
772 3861 868 3925 malui.
898 3896 940 3909 -
967 3859 1059 3940 dagis
1078 3867 1176 3923 auteur
1195 3861 1289 3924 miror

124 3967 296 4047 proximam
311 3966 342 4029 in
356 3967 461 4028 eodem
476 3966 570 4049 eapite
584 3965 719 4029 ladonam
736 3967 779 4028 sio
792 3984 810 4027 a
824 3964 886 4026 viro
901 3964 1074 4027 doctissimo
1089 3963 1241 4046 expletam,
1256 3974 1289 4027 ut

125 4068 354 4133 tendum-io
368 4069 446 4132 euim
461 4068 591 4151 loquitur
604 4103 646 4115 —
660 4068 733 4131 nibil
746 4067 822 4131 alind
837 4067 895 4130 nisi
909 4084 973 4129 rem
988 4066 1108 4130 eundem
1123 4067 1170 4130 bis
1185 4066 1286 4149 dioen-

125 4180 186 4234 tem
200 4173 322 4235 iaceret
360 4170 410 4233 Sie
426 4171 505 4234 enim
525 4172 609 4235 loeus
628 4171 772 4234 alilotrio
791 4170 920 4252 scriptus
938 4177 997 4232 est:
1018 4170 1054 4232 Si
1070 4169 1119 4232 dii
1134 4178 1288 4252 possunt

125 4294 208 4338 esse
228 4274 309 4337 sine
329 4292 438 4338 sensu
458 4282 491 4338 et
509 4282 638 4349 mente,
654 4293 715 4339 eur
739 4292 849 4356 aquae
869 4276 1045 4353 ludentem,
1061 4280 1210 4336 mentem
1225 4289 1287 4334 an·

125 4386 194 4439 tem
221 4379 346 4457 equae]
375 4362 563 4452 adinnxil‚'
577 4377 608 4438 si
633 4376 712 4459 ipsa
726 4393 823 4438 mene
848 4383 1013 4437 onustare
1026 4382 1147 4457 potest
1160 4390 1286 4435 reeens

126 4475 307 4561 corporei
334 4478 423 4543 baete
437 4479 534 4544 velleii
548 4479 721 4543 mundilam
736 4476 929 4559 perpendenti
943 4493 1002 4538 non
1019 4475 1139 4540 dubium
1153 4490 1219 4538 esse
1229 4492 1286 4557 po·
