3290 5142
703 410 855 508 A
966 370 969 374 a

194 597 386 681 iuuepatqne
405 598 484 680 vulgi
501 598 681 682 murteam
701 598 815 671 diuitias
834 598 963 669 maxime
975 598 1174 671 honorantem
1190 618 1218 669 r.
1234 599 1307 669 d21.
1323 602 1359 663 2:

294 734 372 811 Πῶς
391 754 446 811 τις
465 729 631 799 πλούσιον
651 725 757 820 ἄνδρα
776 735 852 814 vieo,
875 727 966 798 delae
987 730 1027 800 cd
1047 729 1214 820 πενιχράν.

380 833 488 901 πᾶσιν
510 828 545 899 d'
566 829 762 919 ἀνθρώποις
783 830 884 913 αὐτὸς
902 827 1009 900 desen
1029 831 1115 912 νόος.

194 961 233 1023 Et
251 977 341 1043 quam
360 959 447 1040 lenge
468 954 545 1019 absit
564 955 600 1019 ab
620 974 726 1020 eorum
748 956 954 1038 perversitate,
975 956 1027 1038 qui
1046 957 1125 1020 viros
1145 957 1241 1021 bonos
1261 958 1359 1021 nullos

110 1138 113 1144 y
194 1060 252 1124 uisi
281 1067 332 1123 aut
363 1059 467 1123 divites
492 1066 543 1122 aut
567 1076 727 1139 generosos
752 1057 855 1121 baberi
878 1057 983 1132 rellut,
1014 1059 1208 1123 disertissime
1232 1066 1360 1126 aeman

194 1182 222 1226 v.
240 1162 312 1226 148.
328 1162 367 1224 9:

292 1283 346 1358 Ἔν
368 1287 406 1357 δὲ
428 1286 622 1379 δικαιοσύνῃ
644 1286 830 1378 συλλήβδην
852 1281 940 1354 πᾶσ’
961 1283 1063 1377 ἀρετή
1082 1282 1175 1370 ’orem

385 1390 454 1471 πᾶς
476 1387 515 1456 δέ
534 1384 568 1456 a'
592 1386 671 1479 ἀνὴρ
695 1385 838 1476 ἀγαθός,
860 1387 977 1478 Κύρνε,
1001 1386 1133 1470 δίκαιος
1153 1388 1223 1459 ἐνόν.

279 1515 371 1581 Recte
398 1516 488 1597 igitur
507 1515 710 1597 'l'beognidem
734 1533 796 1578 non
819 1521 881 1581 tam
907 1510 1080 1597 eligarchiae
1098 1515 1247 1581 fautorem
1266 1514 1359 1582 luisse

193 1618 326 1683 mmmm
341 1637 430 1700 quam
445 1617 654 1692 aristocratiae,
668 1618 694 1681 ai
709 1617 830 1699 quidem
840 1617 1005 1680 Arutotelis
1020 1618 1154 1700 exemplo
1170 1619 1359 1701 eligarcbiam

192 1738 332 1785 veremur
354 1740 424 1787 eum
443 1719 567 1785 civitatis
589 1724 716 1794 statum,
744 1719 797 1793 ubi
814 1719 900 1801 pauci
919 1721 1033 1785 nobiles
1053 1727 1105 1785 aut
1122 1721 1276 1807 pecuniosi
1294 1740 1358 1785 rem

191 1822 341 1905 publicem
357 1830 499 1907 tanum
513 1841 599 1886 suam
613 1827 741 1886 tractant
754 1823 886 1904 neglecta
899 1824 971 1889 boni
986 1823 1094 1905 publici
1105 1841 1186 1901 cura,
1202 1825 1358 1893 aristocra-

192 1926 265 1988 tiam
280 1934 395 2002 matra,
410 1926 462 1990 ubi
477 1925 597 1989 delectis
612 1923 789 2005 quibusdam
803 1930 925 2006 propter
938 1924 1115 2007 probitatem
1130 1934 1161 1993 et
1170 1927 1359 2015 prudentiam

191 2027 262 2093 viris
286 2028 329 2095 rei
350 2029 484 2112 publicae
512 2027 727 2091 administratio
756 2027 901 2113 permissa
920 2034 974 2089 est
1008 2028 1047 2095 Et
1068 2029 1217 2117 Theognis
1237 2030 1358 2112 quidem

191 2130 265 2195 tales
283 2131 383 2209 viros,·
399 2149 476 2214 quoa
489 2148 551 2195 non
565 2129 678 2195 multos
693 2128 726 2193 iu
740 2131 822 2197 omni
836 2128 948 2213 populo
963 2148 1029 2193 esse
1044 2131 1236 2212 intelligebat,
1258 2133 1357 2213 plures

191 2239 293 2301 temen
311 2233 390 2297 inter
410 2233 525 2301 nobiles
545 2251 635 2315 qnam
657 2233 735 2313 apud
750 2231 866 2315 plebem
882 2232 1006 2297 inueniri
1020 2232 1157 2307 credidit,
1178 2252 1304 2316 eamque
1319 2234 1368 2298 ob¹

192 2352 311 2399 ceumm
325 2335 482 2419 exaequari
494 2334 582 2417 plane
597 2335 750 2419 utriusque
766 2335 877 2398 ordinis
891 2334 956 2399 iura
970 2335 1080 2397 noluit:
1095 2336 1127 2407 iu
1142 2355 1201 2427 quo
1213 2355 1356 2413 rerumne

192 2436 296 2500 viderit
321 2456 359 2500 an
385 2437 526 2501 erraverit
550 2455 612 2500 non
637 2456 712 2520 opus
738 2446 785 2501 est
802 2438 860 2511 boc
879 2439 944 2503 loco
966 2437 1118 2527 disputari
1151 2439 1255 2521 Neque
1274 2441 1356 2503 enim

193 2540 397 2623 disceptatoris
420 2547 471 2605 ant
487 2536 597 2607 'erbitri
623 2540 676 2603 sed
694 2539 864 2623 interpretis
883 2557 1042 2621 personam
1065 2543 1259 2629 suscepimus.
1292 2543 1356 2607 Hoc

192 2649 292 2704 tamen
318 2644 450 2725 profiteri
473 2643 559 2716 libet,
584 2660 646 2704 non
666 2643 759 2723 magis
781 2660 947 2722 nosquam
966 2661 1146 2725 quemquam
1167 2644 1357 2709 mediocriter

192 2744 283 2806 modo
298 2745 438 2808 historiae
452 2747 581 2828 peritum
596 2745 701 2820 latere,
723 2762 813 2833 quam
827 2762 895 2807 raro
911 2762 1005 2826 quum
1020 2746 1096 2827 apud
1112 2745 1183 2808 alios
1197 2752 1263 2809 tum
1278 2748 1355 2830 apud

195 2846 321 2910 Graecos
336 2866 404 2911 vera
417 2848 467 2910 illa
481 2847 663 2911 aristocratia
677 2847 803 2910 existere
816 2851 861 2922 et,
880 2848 905 2910 si
921 2847 1039 2929 quando
1054 2849 1212 2924 extitisset,
1234 2867 1356 2914 conser-

193 2949 254 3011 uari
272 2950 323 3012 din
339 2951 480 3031 potuerit.
509 2950 585 3014 Nam
606 2948 686 3031 quod
706 2956 775 3031 post
794 2967 919 3032 regnum
934 2952 1077 3014 abolitum
1091 2951 1203 3033 ubique
1216 2953 1357 3016 successit

192 3070 357 3133 paucorum
376 3052 551 3134 imperium,
579 3053 712 3133 quamvis
729 3050 812 3114 initio
831 3052 944 3116 iustum
964 3060 993 3115 et
1012 3053 1206 3134 reipublicae
1226 3054 1352 3130 salubre,

193 3173 264 3216 mor
278 3160 379 3218 tamen
394 3156 586 3237 degenerasse
600 3161 632 3217 et
641 3154 673 3216 in
684 3154 873 3235 eligarchiam
883 3154 1096 3219 intolerabilem
1107 3156 1198 3220 abiise
1208 3156 1352 3232 ridemus,

192 3275 268 3338 quae
293 3275 386 3338 quum
413 3276 513 3320 eversa
533 3265 613 3321 esset
632 3256 790 3340 populique
810 3257 927 3320 libertam
948 3258 1106 3333 vindicata,
1132 3259 1204 3323 baec
1226 3278 1354 3342 quoqne,

190 3360 259 3422 licet
279 3358 437 3441 adquando
457 3378 543 3422 verae
563 3359 762 3423 aristocratiae
776 3360 902 3435 faveret,
924 3359 1012 3423 nimis
1026 3368 1128 3423 tamen
1142 3362 1200 3424 cito
1216 3367 1354 3444 corrupta

191 3462 272 3525 etin
292 3462 439 3525 licentiam
458 3480 599 3526 conversa
619 3469 679 3537 est,
699 3468 734 3524 ut
751 3480 789 3524 er
810 3462 988 3526 democratia
1010 3464 1186 3526 oohlocratia
1207 3463 1353 3527 existeret.

190 3564 374 3628 Intellectum
394 3570 494 3626 autem
516 3565 605 3627 etiarn
626 3564 789 3639 aGraecis‚
808 3581 870 3626 non
890 3564 1009 3647 quidem
1023 3565 1061 3628 ab
1075 3565 1229 3640 omnibus,
1249 3566 1302 3629 sed
1316 3565 1353 3628 ab

190 3667 226 3729 iis
246 3674 341 3742 certe,
361 3666 414 3749 qui
431 3667 499 3748 plus
520 3685 609 3749 quam
624 3666 727 3748 vulgus
743 3674 893 3747 saperent,
914 3668 1154 3731 conversionibus
1168 3666 1225 3730 illie
1240 3673 1271 3730 et
1285 3686 1352 3730 cor·

188 3769 375 3852 ruptionibus
400 3787 501 3833 rerum
526 3770 726 3851 publicarum,
752 3768 860 3850 quibus
886 3769 967 3832 nullo
987 3788 1049 3834 nou
1069 3777 1203 3852 tempore
1222 3769 1352 3833 civitates

188 3891 258 3936 suas
278 3871 390 3935 turbari
411 3876 443 3934 et
462 3872 584 3935 lacemri
597 3871 751 3946 videbant,
773 3870 938 3934 remedium
953 3872 1064 3954 sperari
1079 3891 1139 3935 uon
1154 3891 1242 3955 pesse
1256 3870 1352 3936 nisisi

189 3981 268 4037 eret
281 3975 314 4038 iu
327 3974 363 4037 iis
378 3973 474 4038 maior
488 3975 632 4056 quaedam
647 3980 778 4058 potestas
791 3974 907 4056 regalis,
923 3992 999 4056 quae
1013 3976 1059 4038 rel
1071 3994 1234 4057 paucorum
1245 3993 1353 4057 super·

170 4076 269 4140 biam
294 4084 325 4140 ct
347 4076 534 4141 insolentiam
552 4079 599 4140 rel
617 4077 812 4140 multitudiuis
832 4076 1030 4140 temeritatem
1051 4084 1081 4140 et
1099 4078 1248 4142 lasciviam
1267 4097 1352 4142 cocr-

191 4183 285 4252 oeret‚
306 4186 338 4241 et
356 4197 445 4243 suum
466 4179 573 4261 amque
591 4181 748 4245 tribuendo
763 4179 810 4242 ius
826 4179 960 4244 omnium
974 4199 1008 4244 ac
1022 4180 1187 4246 libertatem
1202 4189 1350 4246 tueretur:

188 4279 307 4362 qualem
327 4287 506 4363 potestatem
526 4301 618 4366 quum
633 4289 788 4366 respueret
801 4283 980 4347 Graecorum
995 4283 1161 4365 ingenium,
1182 4302 1245 4347 non
1260 4285 1350 4348 moda

187 4378 354 4447 libertatem
368 4385 420 4448 sed
436 4405 506 4450 mox
520 4404 559 4449 ne
569 4385 698 4470 speeiem
709 4384 830 4468 quidem
840 4385 982 4450 libertatis
994 4405 1168 4450 conservare
1179 4394 1357 4469 potuerunt,
