3276 5144
676 490 827 592 me

253 684 323 765 Cap.
344 682 383 757 x,
406 683 441 744 5:
470 681 541 744 Sed
568 699 665 744 mare
691 681 837 762 pigrum
862 687 898 743 et
922 698 1030 760 grave
1054 680 1329 762 remigantibus

167 788 379 870 perbibent3
400 805 443 849 ne
464 785 588 847 ventis
609 784 757 867 quidem
779 783 935 865 proinde
957 784 1090 847 attolli.
1122 784 1254 848 Permira
1273 783 1330 847 ruit

168 889 270 953 llritzii
293 889 498 964 annotatiot),
519 888 680 951 inauditam
701 888 942 968 significationem
958 887 1096 950 adverbio
1111 888 1267 971 proinde
1281 906 1330 950 as-

169 994 310 1068 serentis,
329 994 408 1075 quod
429 1010 491 1055 non
512 991 701 1074 comparandi
721 992 780 1053 vim
796 991 903 1054 habere
919 993 996 1065 vult,
1016 991 1068 1054 sed
1084 1010 1150 1054 esse
1163 993 1183 1053 i.
1198 1009 1227 1073 q.
1242 1007 1330 1053 con-

170 1097 295 1171 tinuo,
311 1097 411 1158 nulla
425 1115 540 1171 mora,
556 1096 701 1178 temporis
715 1101 862 1178 potestate
876 1116 892 1158 a
908 1096 964 1158 loci
979 1097 1128 1160 translata.
1160 1093 1332 1172 „Quemad-

3 1172 5 1223 ?
128 1239 130 1242 <
170 1200 294 1262 modum
315 1200 420 1262 enim“
442 1199 538 1281 inquit
561 1208 783 1280 ‚,protenus,
806 1198 886 1279 quod
906 1207 951 1261 est
971 1217 1066 1280 apro
1082 1200 1136 1274 (=
1150 1216 1262 1281 porro
1277 1215 1331 1259 seu

170 1304 335 1383 prorsus)
357 1301 562 1373 tendendo,
583 1301 690 1363 dieitur
710 1302 744 1363 ad
766 1302 988 1382 significandum
1009 1301 1117 1383 aliquid
1139 1321 1175 1363 ex
1189 1302 1286 1383 aliqua
1299 1318 1331 1363 re

171 1406 311 1468 continuo
327 1404 444 1488 prodire
460 1403 609 1467 aestatim
623 1404 697 1479 fieri,
718 1404 758 1466 ita
773 1404 929 1484 proinde
944 1404 1102 1488 particulae
1116 1403 1191 1467 ratio
1207 1411 1331 1477 constat,

172 1508 252 1571 siex
273 1508 419 1590 aliquare
440 1507 539 1570 statim
564 1507 710 1588 pergitur,
732 1507 810 1588 quod
831 1507 917 1587 plane
932 1509 1067 1589 congruit
1082 1526 1148 1570 eum
1164 1506 1332 1588 germanico

171 1611 324 1673 sofort.“
357 1612 398 1673 lle
417 1612 532 1673 ratione
552 1610 693 1673 nolumus
715 1628 795 1673 nunc
816 1610 1009 1673 contendere:
1030 1629 1092 1674 non
1111 1611 1332 1681 intercedimus,

172 1716 332 1795 quominus
351 1715 507 1797 proinde
527 1715 614 1777 etiam
634 1714 720 1777 locali
741 1732 775 1777 ac
793 1715 948 1795 temporali
967 1714 1178 1795 significatione
1193 1713 1249 1776 dici
1264 1732 1333 1795 po·

171 1819 291 1880 tuisse
312 1825 468 1891 statuatur,
487 1817 597 1881 scilicet
616 1818 641 1879 si
657 1817 722 1900 quis
738 1818 831 1880 solam
848 1818 1054 1899 etymologiam
1069 1817 1215 1898 respiciat.
1244 1815 1334 1896 Atqui

172 1935 234 1978 non
254 1926 355 1981 tamen
370 1920 511 2002 quidquid
526 1921 640 1983 ratione
655 1920 718 1982 fieri
733 1920 894 1983 fortasse
910 1921 1053 2003 potuerit,
1074 1928 1230 2003 propterea
1245 1918 1333 1979 etiam

173 2039 206 2081 re
226 2039 293 2082 vera
313 2022 422 2083 laetum
443 2031 504 2096 est,
525 2029 555 2084 et
576 2023 612 2083 ad
625 2022 866 2103 significationem
884 2023 1041 2085 verborum
1056 2031 1137 2085 certo
1153 2036 1335 2103 cognoscen-

174 2122 243 2185 dam
258 2122 330 2184 nibil
344 2125 496 2205 proficitur
509 2123 624 2213 ratione
639 2124 840 2205 etymologica,
860 2126 917 2188 nisi
932 2128 1050 2190 accedat
1065 2127 1152 2188 etiam
1169 2125 1290 2204 diligens
1305 2128 1335 2185 et

173 2233 308 2289 accurata
328 2244 401 2288 usus
422 2225 594 2288 observatio.
625 2227 688 2291 Usu
706 2235 805 2290 autem
826 2229 928 2303 istam,
951 2247 1040 2312 quam
1063 2230 1192 2292 llritzius
1207 2226 1335 2291 commi-

174 2329 307 2402 niscitur,
328 2329 571 2409 significationem
592 2331 818 2413 haudquaquam
840 2334 1026 2417 comprobari
1046 2341 1126 2397 certo
1147 2330 1255 2396 certius
1277 2337 1331 2393 est.

175 2432 352 2530 Namquod
372 2450 464 2494 unum
486 2433 548 2495 eius
569 2436 737 2516 exemplum
757 2438 891 2521 protulit,
914 2437 988 2500 llist.
1003 2439 1025 2511 l,
1046 2437 1096 2511 30,
1114 2438 1143 2514 5,
1159 2437 1216 2499 boc
1231 2453 1333 2498 exem·

176 2536 259 2619 plum
280 2553 335 2619 pro
357 2535 440 2598 nullo
459 2537 626 2600 babendum
648 2559 712 2602 esse
733 2540 816 2602 facile
831 2541 957 2621 patefiat.
986 2541 1107 2620 Legitur
1121 2539 1161 2602 ibi
1175 2540 1207 2602 in
1221 2538 1332 2602 codici-

175 2639 244 2702 bus:
271 2639 345 2701 Neo
369 2646 425 2702 est
450 2641 543 2720 plus,
571 2642 666 2722 quod
692 2661 756 2723 pro
777 2644 884 2705 caede
906 2642 1090 2725 principis
1110 2662 1217 2724 quam
1237 2640 1335 2724 quod

175 2743 440 2806 innocentibus
466 2743 590 2819 datur3
616 2746 679 2807 sed
705 2746 859 2826 proinde
885 2765 902 2808 a
927 2746 1035 2808 nobis
1055 2745 1231 2808 donativo
1255 2744 1336 2827 plus

176 2847 218 2908 ob
239 2847 360 2920 fidem,
382 2865 492 2928 quam
516 2848 558 2908 ab
573 2847 739 2929 aliispro
754 2848 921 2911 laoinore
936 2849 1143 2930 accipietis,
1158 2856 1338 2930 apparetque

175 2944 318 3012 Kritzium
344 2950 414 3012 illud
440 2950 501 3012 sed
528 2951 685 3030 proinde
711 2969 765 3031 pro
786 2950 848 3013 scd
874 2953 996 3014 statim
1017 2952 1172 3032 accepisse.
1203 2950 1337 3012 Pruden-

176 3052 282 3114 tissimi
303 3053 429 3115 editores
444 3054 541 3115 locum
557 3060 731 3135 corruptum
747 3073 813 3116 esse
827 3062 1006 3119 censuerunt
1021 3054 1248 3134 deleveruntque
1263 3052 1337 3115 alte-

176 3173 244 3218 rum
265 3154 335 3217 illud
355 3157 455 3238 plus,
477 3163 582 3236 utpote
602 3156 791 3220 librariorum
813 3177 913 3222 errore
934 3180 951 3221 e
971 3158 1122 3239 superiore
1142 3175 1229 3219 remu
1251 3174 1338 3239 repe·

81 3304 88 3312 .
175 3260 282 3334 titum,
303 3277 362 3341 quo
383 3277 488 3339 genere
509 3258 646 3321 vitiorum
666 3258 740 3321 nibil
754 3261 785 3322 in
800 3261 891 3324 Taciti
907 3262 1056 3324 codicibus
1071 3259 1258 3341 frequentius
1273 3278 1338 3321 esse

177 3362 370 3425 Doederlinus
394 3363 485 3443 praef.
510 3382 538 3443 p.
555 3362 619 3424 xlv
639 3380 685 3444 sq.
705 3369 735 3424 et
755 3371 823 3447 post
844 3364 925 3426 hunc
939 3362 1069 3426 Heraeus
1086 3362 1227 3436 ostendit,
1254 3361 1339 3424 Stud.

179 3465 244 3526 crit.
260 3465 291 3525 in
305 3463 406 3526 lledic.
422 3465 490 3527 Tac.
508 3465 591 3527 codd.
608 3464 764 3546 (blarburg.
781 3465 976 3544 nbcccnvl)
992 3483 1021 3548 p.
1035 3465 1075 3528 73
1087 3485 1152 3548 sqq.
1182 3464 1341 3546 lgiturboc

180 3565 250 3627 vitio
267 3564 381 3627 sublato
397 3567 549 3649 proinde
563 3576 683 3651 apparet
696 3568 799 3629 reterri
814 3567 849 3629 ad
864 3586 992 3648 sequens
1008 3584 1129 3648 quam,
1145 3567 1339 3629 sententiam-

182 3687 240 3749 que
259 3669 336 3731 banc
355 3687 434 3731 esse:
454 3668 562 3731 milites
582 3670 752 3733 donativum
774 3671 829 3748 (sie
848 3671 927 3732 enim
943 3688 997 3753 pro
1018 3669 1193 3732 donativo
1208 3668 1339 3732 scriben-

181 3772 266 3850 dum)
287 3771 325 3833 ob
345 3772 434 3833 fidem
453 3772 575 3853 proinde
596 3773 638 3847 (b.
658 3793 684 3835 e.
706 3773 826 3857 pariter)
847 3772 882 3834 ab
897 3772 1103 3853 loquentibus,
1123 3791 1212 3855 quam
1228 3771 1264 3834 ab
1279 3770 1341 3833 aliis

181 3890 236 3956 pro
250 3874 380 3936 facinore
395 3881 576 3954 accepturos.

267 3976 406 4039 Ceterum
427 3976 457 4037 in
477 3975 648 4039 huiusmodi
662 3977 749 4053 loeis,
770 3977 821 4040 ubi
841 3977 1037 4059 comparativa
1057 3984 1102 4040 est
1116 3976 1273 4059 partictdae
1287 3975 1341 4048 ris,

182 4076 358 4159 plerumque
373 4095 434 4140 non
449 4078 604 4161 proinde
619 4080 669 4141 sed
685 4079 835 4160 perinde
850 4081 937 4143 scribi
952 4081 1036 4152 solet,
1051 4098 1106 4143 neo
1120 4080 1278 4143 defuerunt
1291 4078 1343 4159 qui

183 4180 304 4243 alteram
324 4182 452 4243 formam
474 4180 582 4243 causali
602 4187 718 4244 tantum
738 4190 789 4245 aut
809 4183 973 4245 conclusiva
992 4182 1202 4263 significatione
1216 4198 1343 4265 usurpa-

183 4288 324 4345 tamesae
339 4284 508 4359 crederent,
529 4303 605 4366 quae
625 4284 725 4366 opinio
740 4304 793 4349 eur
806 4285 880 4349 mibi
893 4285 967 4348 false
981 4304 1049 4348 esse
1062 4285 1206 4359 videatur,
1221 4282 1345 4349 iudicari

253 4486 277 4550 d)
295 4484 322 4538 ln
334 4488 374 4539 ed.
386 4488 478 4555 prima:
490 4502 546 4542 nm
558 4490 584 4542 in
595 4489 678 4542 altera
691 4490 785 4543 rectius
798 4487 917 4558 loquitur.

227 4569 274 4633 lv.
1105 4573 1145 4636 14
