3222 5148
679 485 829 585 —ar-o—

173 677 313 761 giendnm
333 675 501 742 absolutum
516 678 604 742 unius
618 679 673 742 riri
686 693 826 759 regnum,
848 693 937 758 quam
951 674 1124 755 popularem
1140 672 1220 736 illam
1235 670 1335 736 omni·

173 781 335 866 potentiam
361 799 426 844 esse
450 788 639 845 censuerunt.
679 771 716 843 ‘0
744 771 936 853 πολιτικός,
959 777 1054 858 inquit
1078 774 1269 848 Plutarchus,
1296 775 1333 837 de

173 883 326 947 monarcb.
348 902 373 945 c.
390 885 419 957 4,
447 873 477 945 ai
501 880 628 963 αἵρεσις
649 874 740 967 αὐτῷ
762 873 895 966 δοθείη,
918 873 1077 959 καθάπερ
1101 869 1247 959 ὀργάνων
1267 877 1334 939 τῶν

173 983 365 1061 πολιτειῶν,
389 976 447 1048 οὐκ
470 974 510 1048 dr
532 977 633 1071 ἄλλην
655 980 766 1051 ἕλοιτο
788 980 875 1069 πλὴν
896 979 955 1066 τὴν
968 982 1155 1063 μοναρχίαν,
1178 972 1336 1042 Πλάτωνι

173 1082 392 1167 πειθόμενος·
416 1095 446 1149 ct
471 1089 547 1170 apud
575 1090 755 1160 Ciceronem,
780 1088 817 1149 de
842 1106 875 1149 re
899 1086 979 1167 publ.
999 1086 1031 1158 1,
1053 1085 1103 1159 35,
1120 1086 1160 1146 54
1176 1084 1288 1165 Scipio,
1310 1082 1335 1146 si

172 1209 283 1267 unum,
303 1191 415 1273 inquit,
438 1197 468 1254 et
489 1193 614 1274 simplex
629 1193 756 1255 maxime
770 1189 956 1272 probandum
972 1189 1011 1250 sit
1025 1205 1118 1268 genus
1133 1187 1176 1248 rei
1190 1186 1334 1269 publicae,

172 1295 285 1376 regium
310 1294 439 1356 maxime
463 1294 586 1375 probem
613 1301 702 1374 atque
727 1292 872 1374 imprimis
898 1292 1030 1362 laudem,
1057 1292 1222 1371 eodemque
1244 1289 1334 1353 modo

173 1398 253 1460 idem
268 1415 292 1458 c.
309 1397 360 1470 45,
377 1396 428 1471 69,
444 1416 480 1459 ex
496 1397 588 1460 tribus
603 1396 768 1477 generibus,
785 1394 865 1475 regio
880 1393 1001 1466 scilicet,
1017 1393 1206 1473 oligarcbioo‚
1228 1392 1334 1453 demo-

173 1499 293 1571 cradco,
309 1499 394 1579 longe
409 1505 539 1581 praestat
554 1518 619 1561 mea
633 1498 779 1561 sententia
794 1496 917 1578 regium.
941 1495 1002 1558 Nec
1016 1497 1098 1558 aliter
1113 1495 1191 1576 apud
1207 1494 1333 1556 eundem

172 1602 221 1676 ΙΙΙ,
244 1602 295 1676 34,
317 1602 358 1664 to
380 1601 431 1683 Sp.
446 1601 608 1663 Mummius
628 1618 752 1681 regnum
772 1619 805 1661 se
822 1598 907 1660 malle
921 1598 1078 1679 profitetur
1093 1615 1181 1678 quem
1198 1596 1333 1669 liberum,

172 1704 201 1766 b.
217 1724 243 1767 e.
259 1705 402 1767 arbitrum
418 1704 623 1785 reipublicae,
640 1702 793 1785 populum.
823 1702 969 1764 Nimirum
985 1719 1045 1763 nou
1059 1701 1129 1763 illud
1145 1700 1226 1781 regni
1241 1717 1334 1780 genus

172 1807 322 1881 dicebaut,
344 1807 429 1888 quale
448 1808 656 1870 nonnullorum
680 1807 710 1867 in
731 1805 850 1868 Graecia
870 1811 1062 1886 tyrannorum
1083 1802 1174 1865 luisse
1188 1803 1334 1875 norimus,

171 1927 226 1990 per
251 1908 310 1969 vim
336 1917 424 1989 atque
448 1909 587 1971 iniuriam
612 1917 749 1991 partum,
775 1926 831 1969 nec
850 1908 907 1969 uisi
928 1907 1032 1970 eodem
1054 1926 1113 1987 quo
1133 1910 1252 1987 partum
1272 1913 1335 1967 erat

173 2012 262 2073 modo
280 2010 486 2084 retinendum,
506 2021 558 2073 aut
568 2011 719 2090 Tarquinii
734 2010 828 2083 illius,
845 2010 928 2073 ouius
942 2009 1079 2092 superbia
1093 2010 1204 2072 iactum
1219 2016 1280 2079 est,
1302 2014 1336 2070 ut

172 2114 253 2195 regni
273 2114 425 2176 Romanos
448 2114 593 2186 taederet,
620 2130 681 2173 non
695 2112 790 2192 regui,
810 2112 862 2173 sed
877 2113 952 2192 regis
968 2113 1054 2184 vitio,
1079 2119 1114 2173 ut
1128 2113 1168 2174 ait
1182 2112 1283 2174 Cicero
1298 2111 1334 2173 de

171 2215 243 2295 legg.
265 2215 314 2288 ΙΙΙ,
336 2215 365 2288 7,
391 2216 438 2286 15,
465 2216 517 2278 sed
544 2213 705 2295 legitimum
733 2206 886 2294 quoddam
906 2231 998 2294 genus
1022 2214 1137 2297 imperii
1152 2214 1333 2294 spectabant,

172 2336 318 2382 consensu
339 2316 462 2380 civitatis
483 2336 518 2380 ac
537 2316 669 2379 moribus
683 2315 856 2389 fundatum,
884 2334 977 2397 quum
993 2335 1141 2378 summam
1158 2324 1332 2398 potestatem

170 2438 249 2483 unus
269 2420 390 2482 baberet
412 2428 492 2483 certo
513 2427 544 2482 et
558 2420 780 2482 incontroverso
796 2419 859 2481 iure
873 2418 929 2481 sibi
943 2419 1087 2509 delatum:
1109 2438 1196 2501 quom
1213 2419 1334 2501 quidem

170 2523 249 2585 haud
270 2522 354 2584 facile
372 2521 445 2585 adeo
461 2522 655 2604 desipientem
671 2523 828 2602 omnisque
845 2522 890 2584 vel
905 2522 1062 2584 mediocris
1077 2523 1248 2603 prudentiae
1263 2539 1334 2584 sen-

170 2644 281 2707 susque
296 2625 464 2688 communis
479 2632 629 2707 expertem
645 2625 711 2687 iore
725 2624 947 2697 existimabant,
968 2633 1078 2687 utnon
1094 2624 1151 2686 hoc
1166 2624 1270 2687 saltem
1286 2624 1334 2687 in·

169 2728 322 2807 telligeret,
338 2744 468 2790 sunnon
484 2728 583 2791 minus
597 2746 687 2809 quam
703 2728 826 2791 civitatis
842 2727 998 2801 interesse,
1018 2738 1051 2789 ut
1065 2746 1112 2789 res
1127 2727 1242 2808 publica
1257 2728 1333 2791 bene

171 2830 434 2905 administraretur,
460 2850 572 2912 eosque
597 2832 687 2912 igitur
705 2831 762 2894 sibi
782 2830 963 2894 consiliarios
984 2839 1013 2893 et
1033 2832 1185 2892 ministros
1205 2832 1335 2893 circum·

170 2934 309 3015 spueret,
330 2934 380 3014 qui
402 2935 528 2997 maxime
550 2943 649 2998 esseut
669 2936 705 2997 ad
727 2936 804 2996 banc
818 2953 882 2996 rem
898 2933 1010 2996 idonei:
1030 2934 1202 3014 inquorum
1218 2933 1334 2997 delectu

172 3036 236 3098 icet
256 3055 354 3099 errare
368 3047 484 3118 posset,
505 3043 584 3100 certe
598 3044 700 3100 tamen
715 3054 776 3100 non
791 3037 909 3119 saepius
924 3046 1107 3107 curaturum,
1126 3055 1214 3116 quam
1232 3038 1262 3099 in
1277 3039 1332 3101 de-

169 3141 311 3203 mocratia
331 3140 474 3221 populum
495 3159 618 3222 prorsus
640 3140 721 3202 nullo
736 3140 825 3202 modo
840 3140 885 3200 vel
899 3140 933 3201 ad
950 3139 1138 3202 iudicandum
1154 3149 1234 3202 recte
1249 3140 1286 3202 de
1301 3159 1333 3202 re

168 3242 284 3325 publica
295 3244 338 3305 vel
353 3244 388 3305 ad
404 3244 533 3324 optimos
548 3244 611 3306 eius
626 3243 879 3306 administratores
894 3242 1064 3324 deligendos
1079 3242 1229 3305 idoneum.
1255 3243 1334 3306 Haec

168 3346 246 3407 euim
268 3363 326 3408 una
341 3351 388 3408 est
402 3354 432 3407 et
446 3346 634 3408 consentiens
649 3354 782 3407 veterum
797 3345 984 3426 politicorum
1001 3347 1160 3418 sententia,
1183 3365 1257 3426 quae
1272 3366 1331 3427 quo

167 3447 277 3509 rectius
298 3467 313 3508 a
334 3448 420 3510 nobis
435 3448 617 3520 aestimetur,
638 3447 709 3509 illud
726 3447 815 3509 etiam
830 3448 1123 3509 animadvertendum
1139 3448 1209 3522 erit,
1237 3449 1332 3529 quod·

167 3566 236 3611 nam
253 3549 293 3612 illi
308 3550 462 3612 hominum
478 3568 569 3631 genus
584 3550 685 3631 populi
700 3549 821 3612 nomine
837 3549 1065 3631 designaverint:
1082 3568 1150 3612 nam
1167 3569 1225 3612 nou
1241 3570 1331 3614 uuam

167 3651 255 3714 buius
270 3653 416 3723 vocabuli,
437 3653 538 3715 itidem
553 3663 586 3717 ut
601 3654 696 3736 graeci
712 3650 829 3735 δῆμος,
853 3654 949 3716 nostri
962 3655 1067 3726 Volk,
1089 3653 1330 3735 significationem

167 3775 234 3818 esse
249 3759 372 3827 constat,
389 3774 541 3837 quumque
554 3758 691 3820 homines
706 3756 737 3817 in
752 3758 855 3837 quavis
870 3755 985 3819 civitate
1000 3746 1188 3819 multifariam
1205 3757 1284 3819 inter
1297 3777 1330 3819 se

166 3875 288 3940 genere,
309 3863 403 3929 statu,
430 3858 618 3921 facultatibus
639 3859 840 3932 divorcium,
866 3860 956 3921 modo
972 3859 1045 3922 baec
1059 3860 1156 3922 omnis
1171 3861 1330 3923 multitudo

166 3958 421 4024 indiscriminatim
442 3962 543 4041 populi
563 3962 684 4023 nomine
704 3963 974 4042 comprehenditur,
1001 3963 1091 4026 modo
1113 3973 1213 4024 sutem
1228 3963 1329 4026 bumi-

164 4064 251 4126 liores
267 4069 383 4124 tantum
399 4080 433 4124 ac
448 4063 597 4125 tenuiores
612 4064 820 4144 significantur,
843 4073 1092 4146 opponunturque
1105 4066 1148 4128 sic
1162 4066 1330 4147 opulcntio-

163 4164 245 4228 ribus
265 4184 299 4230 ao
320 4165 480 4245 generosis.
510 4165 612 4246 Neque
631 4185 702 4229 uero
723 4167 796 4228 haec
814 4174 931 4229 tantum
953 4168 1100 4251 oppositio
1122 4170 1198 4251 apud
1214 4179 1329 4233 veteres

165 4267 305 4345 frequens
320 4276 379 4343 est,
404 4269 456 4331 sed
471 4268 526 4332 alia
541 4287 676 4350 quoque,
692 4275 725 4331 ut
741 4269 882 4350 populum
897 4269 995 4332 dicant
1009 4290 1060 4333 eos
1075 4271 1169 4344 solos,
1192 4272 1242 4352 qui
1257 4272 1328 4334 ciri-

166 4368 236 4430 tatis
246 4387 312 4430 rere
327 4370 482 4453 participes
498 4378 576 4445 sunt,
591 4372 717 4435 exclusis
732 4371 846 4446 ceteris,
862 4371 912 4453 qui
921 4372 1022 4435 vivunt
1036 4374 1156 4455 quidem
1171 4374 1328 4438 incivitate

166 4470 288 4552 eiusque
302 4472 414 4554 legibus
428 4493 463 4536 ac
477 4474 697 4556 magistratibus
711 4474 843 4551 subiecti,
854 4493 915 4538 non
928 4482 1029 4539 umen
1044 4477 1120 4540 cives
1135 4485 1215 4555 sunt,
1225 4478 1328 4543 multi·
