3222 5148
814 485 964 582 ‘aar‘

300 691 372 736 non
386 672 465 734 siue
479 672 561 734 ioco
577 673 732 754 quodam
756 673 916 747 dicebatur,
935 691 1003 736 cum
1018 674 1194 756 signiticaret
1207 673 1280 736 haec
1294 670 1469 734 mirabiliter

301 782 463 851 contracta,
486 783 522 837 et
542 776 594 838 ita
616 775 763 856 quidem
786 778 841 839 uti
863 784 1028 859 oportet.
1070 776 1239 839 borivatnm
1260 784 1308 838 est
1328 773 1409 837 enim
1429 793 1469 837 ex

300 878 437 948 formulis
452 878 644 940 sollemnibus
659 878 928 942 instrumentorum
945 880 1146 963 publicorum,
1166 879 1268 960 quales
1287 887 1358 941 sunt
1377 896 1469 960 quae

301 984 432 1062 utique
461 982 507 1043 vel
535 981 670 1062 quibus
699 981 842 1062 utique,
871 990 982 1063 atque
1009 984 1153 1063 utique,
1184 1001 1253 1045 was
1282 981 1355 1043 oder
1380 999 1467 1043 wem

300 1086 374 1147 und
398 1100 635 1156 wasmassen,
658 1082 713 1145 als
733 1083 805 1146 und
831 1104 1062 1148 wasmassen.
1100 1086 1143 1147 lta
1167 1084 1292 1165 legimus
1317 1084 1349 1146 in
1373 1082 1467 1145 Hera·

301 1187 408 1251 cloensi
430 1185 528 1247 tabula
542 1185 564 1258 l,
583 1185 638 1246 14:
660 1185 858 1267 eademque
880 1189 1004 1251 omnia
1027 1208 1117 1271 quae
1138 1187 1288 1268 uteique
1309 1186 1467 1248 intabu-

301 1290 354 1352 las
374 1287 568 1357 retulerit,
593 1287 641 1349 ita
656 1288 693 1349 in
708 1288 871 1350 tabulam
886 1290 922 1351 in
936 1292 1056 1354 album
1072 1292 1273 1354 referunda
1287 1292 1466 1369 (curato);

301 1393 373 1455 item
385 1392 408 1464 l,
421 1390 478 1451 72:
494 1406 718 1453 novenorum
735 1392 828 1471 quod
845 1392 949 1467 (immo
962 1394 1062 1473 quid)
1075 1401 1243 1474 saeptum
1255 1395 1468 1456 clausumve

299 1494 450 1570 habeto,
473 1512 544 1573 quo
568 1493 686 1554 minus
702 1493 1468 1577 eisloccisporticibusquepopulusuta-

300 1607 360 1661 tur
381 1606 588 1680 pateantvc,
611 1595 681 1660 nisi
697 1596 833 1677 quibus
848 1599 1002 1679 uteique
1017 1599 1160 1679 legibus
1180 1599 1344 1682 plebeive
1358 1596 1466 1659 scitis

303 1711 502 1772 senatusue
526 1700 709 1766 consultis
738 1717 952 1764 concessum
981 1703 1252 1783 permissumve
1282 1707 1348 1762 est.
1377 1707 1408 1761 et
1435 1700 1466 1761 in

301 1810 364 1889 lege
379 1808 488 1871 Thoria
505 1809 555 1870 71.
573 1807 628 1869 72:
645 1806 750 1869 neive
764 1840 805 1850 -
821 1805 994 1889 propiore
1010 1805 1066 1867 die
1082 1806 1217 1886 exigito
1240 1812 1354 1885 atque
1368 1801 1466 1864 utei-

302 1931 371 1993 que
392 1912 432 1973 in
453 1912 522 1974 bac
543 1911 622 1990 lege
644 1910 822 1990 scriptum
846 1916 912 1971 est.
931 1943 976 1954 —
1001 1908 1093 1989 quod
1115 1910 1303 1993 pequniae
1325 1906 1368 1969 ob
1390 1923 1464 1967 eam

300 2033 376 2076 rem
391 2015 572 2094 propiore
595 2012 651 2074 dia
671 2018 836 2073 exactum
857 2010 927 2073 erit
949 2018 1058 2092 atque
1078 2011 1232 2092 uteique
1250 2011 1286 2071 in
1308 2010 1375 2071 hac
1389 2009 1466 2087 lege

173 2109 179 2121 ’
300 2117 482 2200 scriptum
505 2123 570 2178 eat.
585 2133 714 2196 -quo
730 2115 943 2195 capequnia
958 2113 1126 2177 --aliter
1144 2113 1338 2193 exsigatur
1356 2117 1464 2191 atque

300 2218 454 2300 uteique
468 2216 504 2279 in
518 2216 588 2279 bac
608 2217 688 2295 lege
703 2216 881 2297 scriptum
896 2214 983 2278 est“
999 2251 1042 2262 -
1061 2216 1095 2278 lu
1109 2217 1155 2278 his
1170 2216 1260 2296 igitur
1273 2234 1307 2277 ac
1321 2212 1464 2275 similibus

303 2320 445 2402 exemplis
460 2320 518 2383 hoc
532 2319 653 2400 quidem
669 2319 859 2381 manifestum
880 2326 935 2390 est,
956 2320 1114 2399 particulae
1135 2339 1203 2401 que
1217 2320 1275 2381 vim
1291 2335 1356 2379 esse
1371 2333 1464 2397 copu-

304 2425 431 2500 lativam,
458 2424 488 2486 h.
505 2442 530 2484 e.
551 2424 680 2504 utique
702 2440 766 2483 esse
785 2423 804 2484 i.
826 2441 854 2503 q.
877 2429 912 2484 et
932 2422 1002 2498 uti,
1026 2440 1128 2483 vorum
1153 2429 1275 2505 apparet
1294 2419 1384 2482 simul
1404 2434 1463 2479 non

300 2528 399 2591 solum
414 2545 473 2608 quo
488 2526 635 2610 pertineat
644 2526 718 2586 haec
728 2524 884 2605 copulatio,
899 2524 951 2586 sed
964 2525 1051 2586 etiarn
1064 2542 1124 2604 quo
1134 2525 1279 2586 referatur
1292 2523 1462 2585 adverbium

299 2629 369 2707 uti,
396 2629 468 2692 nibil
487 2629 564 2691 aliud
583 2630 613 2691 in
634 2628 680 2691 his
700 2627 842 2708 exemplis
869 2645 957 2708 quam
985 2620 1109 2710 ὥσπερ,
1136 2626 1462 2708 quemadmodum,

301 2731 478 2813 significans,
492 2749 600 2813 nempe
615 2731 650 2793 ad
666 2731 819 2812 sequentia
833 2729 922 2792 verba
938 2729 998 2803 „in
1013 2730 1079 2791 hac
1093 2729 1171 2809 lege
1185 2729 1366 2810 scriptum
1381 2730 1462 2790 est“

300 2844 351 2900 aut
371 2835 432 2910 „in
451 2834 593 2897 tabulas
616 2833 772 2896 retulit“
801 2838 853 2895 aut
874 2832 1039 2913 „legibus
1058 2850 1279 2896 concessum
1305 2833 1463 2916 permis·

300 2958 423 3004 eumve
445 2942 533 2999 est“
570 2937 632 2999 lam
660 2955 729 2999 vero
749 2935 955 2998 Lachmannus
976 2936 1012 2998 ab
1034 2934 1204 2998 huiusmodi
1218 2936 1354 2998 formulis
1369 2935 1462 3018 plenis

304 3050 392 3125 atque
417 3040 539 3121 integris
564 3059 652 3103 usum
680 3040 819 3121 loquendi
839 3038 1007 3120 profectum
1029 3057 1091 3102 uon
1111 3040 1200 3102 modo
1219 3040 1290 3102 illud
1310 3038 1463 3101 reticuisse

300 3146 377 3220 vult,
399 3163 459 3228 quo
474 3144 643 3206 adverbium
658 3143 834 3227 pertineret,
856 3159 953 3222 neque
971 3142 1002 3205 id
1017 3143 1178 3217 eiusmodi,
1202 3143 1281 3223 quod
1301 3162 1336 3205 ex
1351 3142 1462 3222 reliquo

301 3256 439 3313 contextu
455 3246 598 3310 orationis
612 3245 697 3309 facile
709 3244 929 3325 intelligeretur,
941 3247 1022 3321 (nam
1034 3265 1122 3308 suum
1138 3246 1208 3309 illud
1223 3254 1371 3328 oportet
1384 3245 1462 3308 unde

299 3358 436 3416 sumatur
450 3367 539 3411 nemo
556 3347 720 3428 intelligat),
735 3348 786 3410 sed
803 3349 890 3410 ctiam
907 3348 965 3410 vim
981 3348 1139 3431 particulae
1154 3367 1220 3429 que
1235 3351 1277 3413 sic
1291 3346 1461 3423 intendisse,

300 3461 410 3518 utnon
425 3450 596 3532 simpliciter
610 3449 790 3531 copulationi
810 3450 979 3524 inserviret,
1006 3452 1058 3513 sed
1083 3452 1260 3532 significaret
1279 3452 1378 3533 potins
1398 3452 1417 3513 i.
1433 3470 1461 3533 q.

300 3565 334 3619 at
355 3555 507 3635 quidem.
538 3553 705 3633 Utrumque
720 3552 900 3626 incredibile,
916 3553 967 3615 sed
984 3554 1110 3618 maxime
1125 3555 1195 3616 illud
1210 3555 1346 3617 alterum.
1374 3553 1463 3617 Novi·

300 3678 367 3722 rous
383 3657 502 3740 quidem
517 3656 548 3718 in
562 3656 697 3737 populari
712 3674 850 3718 sermone
866 3675 882 3717 a
898 3656 1079 3720 nostratibus
1095 3664 1126 3719 et
1140 3658 1311 3739 praecipue,
1330 3666 1365 3721 ut
1386 3657 1463 3720 arbi-

298 3770 372 3839 tror,
393 3780 410 3824 a
431 3759 681 3832 uerouneosibus,
702 3760 781 3821 inter
802 3777 877 3839 quos
897 3759 1104 3823 Lachmannus
1123 3761 1300 3835 versabatur,
1322 3776 1463 3822 nonnun-

299 3883 389 3947 quam
404 3862 529 3945 olliptice
543 3862 600 3925 dici
614 3862 691 3924 Und
707 3862 785 3924 wie!
811 3861 864 3924 sed
883 3862 970 3942 longe
991 3870 1091 3926 umen
1106 3864 1162 3926 alio
1177 3863 1276 3926 modo.
1312 3862 1367 3924 Est
1380 3863 1460 3926 enim

297 3970 372 4032 haec
395 3966 585 4042 exclamatio,
609 3984 664 4028 nec
683 3974 843 4047 usurpatur
865 3965 923 4028 nisi
943 3984 1035 4048 quum
1056 3968 1194 4041 verbum,
1220 3985 1279 4047 quo
1298 3966 1368 4027 illud
1396 3966 1460 4028 wie

298 4073 452 4144 referatur,
468 4069 637 4152 praecessit,
652 4087 679 4130 e.
696 4087 721 4131 o.
738 4078 897 4150 postquam
913 4070 985 4132 dixit
999 4069 1118 4150 aliquis:
1134 4070 1197 4132 das
1211 4069 1260 4132 ist
1274 4067 1457 4141 abortant,

298 4175 324 4238 si
338 4175 455 4237 additur
469 4180 520 4235 aut
535 4171 571 4235 ab
585 4172 650 4255 ipso
666 4178 716 4234 aut
731 4173 767 4235 ab
781 4172 888 4235 altero:
909 4173 981 4234 und
998 4170 1077 4235 wie!
1097 4172 1283 4255 intelligitur:
1305 4172 1377 4235 und
1394 4171 1458 4234 vvie

298 4277 462 4341 thoricht
480 4276 529 4338 ist
543 4294 589 4337 es.
619 4276 663 4336 Ad
679 4274 737 4338 hoc
751 4276 919 4358 exemplum
934 4276 1023 4338 latine
1039 4276 1161 4339 dixeris:
1181 4277 1275 4351 „boc
1294 4277 1459 4359 ineptum

299 4386 367 4454 est,
382 4386 419 4442 et
433 4377 703 4461 quantoperel“
720 4379 778 4442 Sed
794 4384 939 4460 quantum
950 4377 986 4440 ab
998 4379 1153 4460 hacellipsi
1165 4378 1236 4441 illud
1246 4379 1459 4442 lachmanuia·

298 4500 372 4546 num
388 4490 592 4545 commentum
607 4482 695 4544 distet
709 4498 798 4544 nemo
813 4499 874 4545 non
894 4481 1036 4562 intelligit
1073 4481 1147 4544 Nam
1169 4501 1196 4544 e.
1212 4503 1237 4545 c.
1261 4483 1292 4544 in
1310 4483 1359 4545 illo
1375 4482 1458 4544 Cice·
