3276 5144
833 488 985 590 ..¹3⁶-

325 680 420 747 sioulo
438 699 501 745 non
520 681 646 764 amplius
667 678 863 753 dubitabitur,
888 686 956 742 utra
976 679 1178 761 interpretatio
1201 678 1296 742 verior
1315 678 1367 754 sit,
1394 678 1490 754 illane,

328 804 402 866 quae
413 784 584 847 Petersenio
599 781 717 863 placuit,
733 801 771 844 an
786 781 886 853 altera,
902 799 992 863 quarn
1007 782 1051 844 air
1065 781 1252 844 doctissimus
1266 800 1327 845 non
1342 782 1441 845 selum
1455 782 1492 846 ab

326 887 377 950 illo
393 894 533 950 contextu
549 884 702 947 sedetiam
717 883 825 947 abusu
840 884 979 966 loquendi
993 882 1117 946 alienam
1133 902 1198 947 esse
1212 885 1384 947 autumavit.

412 989 470 1051 Sed
498 994 544 1050 est
569 987 657 1049 etiarn
684 987 756 1049 alius
782 1006 865 1050 error
890 1004 959 1049 oum
985 984 1056 1049 falsa
1079 986 1134 1047 ista
1153 987 1394 1068 interpretatione
1414 1006 1490 1050 con·

325 1091 458 1164 iunctus,
480 1090 558 1170 quod
574 1107 655 1151 sacra
669 1089 730 1161 illa,
752 1107 828 1170 qnae
842 1085 945 1150 estote
958 1087 1079 1150 nomine
1094 1088 1239 1169 designari
1253 1090 1361 1163 credit,
1384 1107 1489 1153 arcana

282 1250 286 1257 ,
324 1194 425 1267 luisse,
448 1192 536 1273 idque
551 1192 623 1254 adeo
638 1193 696 1253 boe
710 1190 775 1274 ipso
790 1190 912 1253 nominc
927 1190 1067 1253 declarari
1082 1192 1226 1275 opinatur.
1259 1192 1376 1255 Scilicet
1389 1210 1488 1255 sacro·

325 1313 392 1358 rom
411 1295 593 1378 priuatorum
613 1312 647 1354 ac
661 1293 894 1355 domesticorum
909 1293 1002 1354 -de
1017 1292 1062 1354 bis
1077 1294 1155 1355 enim
1171 1294 1241 1356 solis
1256 1295 1409 1374 agitur-
1424 1294 1484 1358 duo

325 1416 432 1480 genera
454 1397 547 1459 brisso
566 1396 684 1459 statuit:
706 1395 760 1458 alia
779 1395 875 1476 palam
899 1413 968 1458 oum
983 1394 1174 1457 familiaribus
1188 1403 1220 1457 et
1234 1396 1334 1458 amicis
1349 1395 1488 1462 celebrari

326 1500 421 1574 solita,
436 1500 468 1561 in
483 1498 590 1579 quibus
605 1516 687 1561 sacra
702 1497 851 1579 nuptialia,
866 1495 1097 1579 amputaremus,
1113 1497 1190 1560 iusta
1204 1498 1338 1561 funebria
1354 1498 1488 1561 interiss-

328 1620 386 1685 que
408 1600 535 1664 mortuis
556 1600 682 1673 oblatas,
703 1600 758 1662 alia
778 1599 807 1660 in
828 1608 931 1683 operto
945 1599 1129 1680 remotisque
1143 1600 1262 1663 arbitrie
1276 1600 1438 1684 operanda,
1457 1601 1488 1663 in

326 1722 387 1787 qno
410 1721 517 1784 genera
531 1702 707 1764 nominatim
720 1701 801 1765 lovis
816 1702 913 1764 Hereii
928 1711 958 1764 et
972 1701 1114 1782 Apollinis
1128 1698 1230 1765 Patriti
1245 1722 1327 1766 sacra
1342 1710 1487 1779 numerat,

325 1825 410 1888 qnae,
426 1804 561 1887 quamvis
576 1806 687 1867 civibus
702 1804 839 1867 omnibns
854 1805 1034 1879 communia,
1050 1805 1141 1867 nibilo
1156 1806 1254 1868 minus
1269 1813 1368 1869 tamen
1382 1824 1487 1870 maana

325 1908 417 1972 fuisse
432 1907 505 1982 vult,
526 1926 679 1990 quumque
694 1908 724 1968 in
740 1908 957 1988 designatorum
973 1908 1199 1988 magistratuum
1214 1909 1348 1971 examine
1363 1924 1487 1990 quaera-

325 2020 416 2083 rctur,
431 2012 575 2073 Joaemne
592 2010 729 2072 llercium
745 2017 775 2071 et
788 2010 952 2091 Apollinem
968 2010 1111 2073 Patritum
1126 2010 1278 2084 baberent,
1296 2010 1422 2091 probaro
1436 2030 1487 2074 eos

326 2111 561 2175 examinantibus
576 2112 722 2186 debuisse,
737 2130 842 2175 arcana
856 2114 966 2175 borum
981 2115 1103 2175 deorum
1119 2130 1201 2175 sacra
1216 2112 1270 2174 sibi
1282 2123 1352 2175 nota
1362 2130 1486 2193 seseque

326 2215 361 2279 iis
375 2216 505 2277 initiatos
520 2234 596 2278 esse.
627 2216 709 2288 Quae
724 2223 823 2277 autem
839 2215 947 2277 civibus
962 2215 1100 2277 omnibus
1115 2215 1390 2287 communicarant,
1406 2215 1487 2278 etde

326 2319 433 2401 quibus
448 2319 521 2380 adeo
536 2318 566 2380 in
580 2317 699 2399 publico
715 2318 847 2380 examine
862 2316 1119 2397 interrogabantur
1132 2324 1163 2378 et
1173 2314 1401 2400 respondebant,
1416 2316 1488 2380 baec

325 2440 386 2503 quo
405 2422 469 2483 iure
489 2437 594 2482 arcana
609 2419 706 2483 vocari
720 2420 849 2501 possint,
869 2436 930 2482 non
946 2420 1017 2481 satis
1032 2419 1188 2502 perspicio.
1218 2419 1320 2499 Neque
1335 2420 1414 2482 enim
1429 2421 1488 2483 boc

325 2523 421 2586 dicere
441 2522 552 2596 licebit,
574 2523 667 2585 tuisse
686 2522 942 2619 certosquosdam
956 2521 1032 2583 ritus
1046 2521 1099 2584 nni
1113 2521 1219 2602 cuique
1234 2522 1337 2584 domui
1351 2541 1386 2584 ac
1399 2521 1486 2583 fami·

325 2626 380 2688 liae
401 2625 538 2706 proprios
561 2633 592 2686 et
605 2625 636 2686 in
652 2632 756 2706 operto
771 2624 968 2707 peragendos,
985 2623 1129 2687 ‚omnibus
1143 2633 1252 2698 autem,
1269 2623 1394 2704 quinon
1408 2624 1487 2686 cius·

325 2728 393 2790 dem
413 2727 522 2789 domus
541 2745 576 2788 ae
593 2727 720 2789 familiae
740 2735 840 2789 essent
861 2726 993 2807 ignotos,
1016 2734 1104 2806 atque
1125 2727 1198 2788 baec
1219 2744 1285 2788 esse
1306 2726 1354 2788 illa
1372 2744 1486 2801 arcana,

325 2829 432 2910 quibus
442 2849 475 2891 se
487 2828 617 2891 initiatos
629 2847 694 2891 esse
706 2828 894 2909 magistratus
905 2828 1047 2908 designati
1058 2827 1183 2908 probare
1197 2828 1360 2890 debuerint
1389 2827 1488 2919 Nunn-

326 2950 415 3013 quam
430 2931 510 2994 enirn
526 2931 588 2992 fieri
602 2930 757 3011 potuisset,
773 2937 807 2991 ut
821 2931 858 2991 de
872 2930 919 2991 bis
933 2929 1048 2992 arcanis
1062 2930 1179 3010 publico
1194 2933 1328 2993 examine
1340 2929 1371 2990 in
1382 2938 1487 2993 senatu

325 3033 553 3114 quingentorum
580 3032 687 3095 autin
713 3031 820 3093 iudicio
846 3030 996 3094 beliaatico
1016 3031 1276 3111 quaerereturu).
1311 3031 1488 3095 [dicemusne

324 3136 423 3223 igitur,
439 3144 551 3197 ceteras
566 3135 686 3214 quidem
701 3133 842 3196 examinis
856 3141 956 3215 partes
967 3133 1082 3217 publice
1092 3142 1124 3196 et
1133 3134 1336 3214 praesentibus
1348 3135 1487 3199 omnibus

324 3245 374 3299 aut
389 3236 575 3298 senatoribus
590 3243 642 3298 aut
655 3235 799 3298 iudicibus
813 3236 935 3316 aliisque
945 3236 1137 3309 auditoribus,
1152 3235 1228 3299 banc
1238 3243 1337 3299 autem
1347 3236 1385 3298 de
1395 3237 1486 3300 sacris

323 3343 438 3401 secreto
459 3338 624 3400 institutam
639 3357 704 3402 esse
719 3339 795 3402 iuter
810 3357 917 3418 paucos
934 3339 1076 3418 quosdam
1092 3338 1240 3412 conscios,
1261 3338 1408 3401 antistites
1421 3338 1486 3401 ior·

322 3447 402 3502 tasse
422 3457 574 3502 sacrorum
594 3449 647 3502 aut
665 3437 825 3519 erogatas?
854 3440 886 3501 ld
907 3439 1026 3521 quidem
1045 3458 1106 3503 non
1121 3440 1205 3503 facile
1220 3459 1399 3522 quemquam
1413 3459 1485 3522 pro·

322 3541 461 3605 buturum
486 3560 553 3604 esse
571 3542 697 3604 arbitror
716 3542 747 3602 in
768 3540 919 3617 omniurn,
944 3541 996 3623 qui
1015 3542 1093 3605 illiue
1111 3543 1253 3605 cuminis
1273 3540 1484 3617 meminerunt,

322 3646 501 3726 scriptorum
520 3644 708 3724 silentio¹⁶).
747 3642 793 3705 An
812 3644 871 3705 hoe
888 3643 1003 3723 potius:
1025 3643 1135 3708 civibus
1154 3646 1274 3726 quidem
1294 3644 1430 3707 omnibus
1451 3663 1485 3707 ea

322 3765 405 3811 sama
429 3754 514 3820 nota,
541 3746 645 3809 ceteris
670 3754 770 3808 autern
796 3746 911 3826 ignota,
937 3746 1063 3829 ideoque
1087 3749 1229 3811 hactonus
1251 3748 1356 3810 saltem
1379 3764 1484 3811 arcana

321 3846 441 3913 luisse?
470 3850 708 3912 Gomentaneum
734 3856 781 3911 est
805 3847 908 3928 igitur,
935 3856 969 3911 ut
994 3850 1089 3931 aliqua
1114 3852 1228 3914 ratione
1247 3851 1398 3932 provisum
1418 3868 1484 3913 esse

392 4051 433 4117 14)
452 4052 530 4118 Quam
543 4052 664 4117 religiose
677 4052 846 4103 Athenienses
858 4054 986 4117 caverint,
1004 4069 1034 4107 ns
1045 4055 1103 4123 quid
1116 4056 1147 4108 ds
1158 4055 1242 4108 sacris
1254 4056 1356 4109 amnis
1366 4055 1483 4121 dimica-

321 4145 402 4201 retur,
414 4153 487 4205 quum
500 4138 552 4188 alia
564 4138 678 4205 exempla
690 4137 789 4201 docent,
802 4145 853 4188 tum
867 4140 930 4207 qnod
944 4140 968 4190 in
981 4139 1089 4209 iudiciis,
1107 4143 1130 4194 si
1143 4157 1234 4193 musae
1246 4142 1277 4193 ed
1289 4141 1412 4210 mysteria
1424 4155 1482 4209 por·

320 4222 430 4274 tinentes
442 4229 624 4289 tractarentur,
638 4221 752 4274 initiatos
763 4230 860 4275 tantum
872 4224 968 4276 iudices
981 4227 1070 4279 sedere
1082 4228 1187 4291 licebat,
1204 4243 1284 4295 neque
1296 4227 1426 4279 auditores
1438 4227 1482 4277 ad·

321 4307 495 4371 mittebantur,
511 4322 542 4359 ns
553 4307 609 4374 quie
622 4305 689 4359 torto
701 4303 911 4366 sisunduuoroc
922 4311 1034 4375 audiret,
1050 4312 1116 4380 quod
1128 4312 1159 4363 ab
1170 4312 1279 4364 initiatis
1291 4320 1387 4365 tantam
1399 4311 1482 4365 audiri

320 4389 359 4445 fas
372 4400 450 4445 emet.
475 4390 512 4444 Gi.
524 4392 575 4443 tol.
587 4392 651 4445 Poll.
663 4391 727 4458 vul,
744 4394 799 4445 123.
823 4392 878 4445 Att.
892 4393 965 4447 Proc.
981 4413 1005 4465 p.
1022 4398 1077 4449 tls.

392 4479 432 4531 lbi
450 4477 608 4547 Scriptorum
621 4480 690 4532 locos
703 4495 788 4533 omncs
800 4483 1006 4535 commemorarit
1017 4482 1137 4551 ueteres,
1149 4483 1205 4537 Aac.
1216 4482 1289 4537 Proc.
1300 4501 1324 4552 p.
1335 4484 1482 4537 201-201.
