3284 5152
851 467 1002 576 ..¹2²9-

544 652 583 727 oai
601 654 699 749 τᾶρα,
721 666 827 748 inquit,
850 658 989 752 πράξεις
1011 655 1123 729 οὐδέν·
1145 654 1246 747 ἀργὰς
1267 655 1286 748 r)
1310 658 1401 741 θεός.

340 766 454 849 Nempe
467 760 487 852 'i
503 759 615 845 αἰδώς,
638 770 717 850 quod
731 787 842 833 nomen
856 789 892 832 ex
902 769 992 832 verbo
1007 759 1206 847 αἰδούμεθα,
1230 785 1289 846 qno
1303 767 1351 830 llla
1362 784 1416 830 usa
1430 771 1502 841 erat,

341 869 519 951 intelligitur.
550 861 684 946 Αἰδοῦς
704 888 784 934 aram
801 872 923 934 Athenis
936 870 1028 934 ronse
1043 868 1222 950 llnsgravins
1237 869 1404 942 admonuit,
1420 888 1503 932 eam·

341 986 400 1052 qne
412 971 646 1035 admonitionem
662 973 829 1036 Badhamus
842 974 899 1037 sibi
913 972 1103 1054 repetendam
1125 972 1250 1052 putavit,
1273 976 1356 1035 ratus
1378 972 1504 1034 fortasse

341 1074 418 1137 hanc
436 1074 569 1156 Euripidi
594 1093 713 1138 causam
733 1075 824 1140 ltrisse
845 1083 878 1138 ut
899 1067 984 1138 cirici
1006 1075 1091 1137 deam
1113 1073 1231 1143 diceret.
1265 1073 1385 1137 Poterat
1403 1082 1503 1137 autem

341 1177 430 1239 mam
444 1177 482 1240 ad
495 1176 657 1242 Hesiodum
671 1197 840 1260 provocare,
857 1178 908 1260 qui
923 1178 958 1240 0.
974 1185 1004 1240 et
1018 1176 1051 1238 l).
1062 1195 1090 1237 ν.
1107 1176 1169 1239 200
1184 1168 1288 1239 Aiaci
1310 1182 1341 1240 el
1360 1172 1505 1257 Νέμεσιν

341 1279 500 1360 coniungit
531 1280 639 1342 Verum
654 1281 742 1344 etiam
759 1280 784 1343 si
798 1298 945 1361 nunqnam
959 1279 1006 1342 illa
1022 1284 1191 1341 consecrata
1205 1286 1302 1351 esset,
1318 1278 1390 1343 nihil
1404 1283 1504 1340 tamen

342 1378 477 1444 obstabat
491 1389 604 1463 poetae,
620 1401 680 1463 quc
697 1382 796 1445 minus
810 1382 969 1445 divinitatis
979 1397 1139 1463 personam
1151 1380 1179 1443 ei
1190 1380 1333 1455 indueret,
1349 1381 1426 1445 sicut
1440 1381 1503 1444 aliis

342 1482 492 1565 qotbmvts
506 1483 667 1557 clientibus,
682 1485 732 1566 qni
748 1502 841 1566 quum
856 1482 1059 1547 vehementius
1069 1481 1236 1556 hominnm,
1250 1500 1338 1565 saepe
1353 1484 1441 1547 ctiam
1456 1483 1503 1545 in·

342 1583 479 1659 ritomm,
494 1586 627 1649 animum
642 1594 868 1662 commoveant,
886 1584 929 1649 vis
952 1603 1056 1648 eornm
1075 1585 1160 1672 qnasi
1179 1594 1260 1648 extra
1280 1585 1418 1648 homines
1438 1604 1503 1649 esse

342 1693 373 1748 et
382 1685 480 1750 divino
495 1687 624 1767 quodam
639 1686 762 1750 numine
777 1687 932 1752 inanimes
944 1689 1078 1768 ingruere
1093 1686 1252 1751 videbatur.
1274 1681 1505 1752 Siciminam

341 1781 427 1850 deda
435 1787 508 1851 dixit
515 1787 674 1853 Menander
684 1789 783 1869 tllein.
797 1791 834 1853 lr.
847 1808 925 1852 com.
937 1790 973 1852 lv
989 1808 1018 1871 p.
1035 1790 1123 1868 lli)
1131 1789 1263 1872 itemque
1273 1786 1408 1868 τόλμαν,
1422 1783 1505 1852 θεὸν

342 1880 611 1978 ἐπιφανεστάτην
632 1893 684 1972 til).
705 1912 734 1975 p.
750 1892 839 1969 289),
859 1911 949 1975 porro
967 1884 1060 1974 βίαν,
1083 1891 1250 1955 violentiam
1266 1892 1372 1974 pudori
1386 1901 1505 1956 contra·

342 1991 428 2067 riam,
443 1993 598 2076 Euripides
612 1994 643 2057 in
659 1996 743 2059 licre.
759 1996 816 2058 lur.
831 2015 859 2057 v.
874 1996 947 2058 555.
977 1990 1181 2076 φιλοτιμίαν,
1204 1987 1361 2079 κακίστην
1383 1985 1504 2074 decred-

341 2113 406 2158 νων
418 2103 448 2158 et
463 2086 582 2160 idem
602 2092 694 2173 θεόν,
716 2099 747 2161 in
761 2097 913 2161 Phoenice.
928 2108 959 2158 r.'
971 2096 1042 2171 532,
1066 2089 1182 2180 λύπην,
1207 2091 1315 2180 deeris
1330 2089 1418 2166 cede,
1435 2084 1504 2157 ἀλλ’

343 2186 435 2275 ὅμως
455 2188 602 2279 ἰάσιμον,
623 2200 654 2264 in
669 2200 764 2263 Onesi.
781 2218 807 2261 r.
824 2199 895 2262 399.
918 2191 1078 2283 φρόνησιν
1100 2186 1232 2280 α’γαθὴν
1245 2191 1343 2270 θεόν,
1365 2195 1503 2278 Sophocl

342 2297 380 2361 n.
395 2299 467 2374 662,
482 2317 544 2364 non
557 2302 615 2363 alio
629 2318 728 2375 sensu,
744 2318 832 2382 quam
849 2318 909 2382 quo
923 2299 1093 2379 Aeschylus,
1109 2297 1196 2361 θεοῦ
1221 2293 1379 2378 μέγιστον
1400 2291 1506 2379 δῶρόν

343 2391 433 2462 lours
454 2388 491 2464 εὖ
510 2402 652 2487 φρονεῖν.
697 2403 755 2466 Sed
776 2419 839 2465 non
858 2419 933 2483 opus
953 2407 999 2463 est
1017 2402 1100 2483 plura
1121 2399 1240 2463 allerre:
1263 2416 1332 2462 nam
1353 2400 1504 2462 neminem

342 2500 477 2582 ignorare
490 2513 641 2585 putamus,
652 2522 744 2587 qnam
759 2505 817 2568 lats
831 2503 888 2567 hoo
900 2520 993 2584 genus
1008 2502 1085 2584 apud
1099 2510 1202 2583 poetas
1212 2503 1384 2583 praesertim
1396 2508 1504 2582 pateat
1527 2494 1530 2499 ’

343 2602 478 2668 Conlsni
500 2615 626 2688 possunt
647 2624 722 2689 qnae
742 2606 916 2670 lllansanins
942 2605 1029 2669 habet
1048 2605 1080 2668 in
1098 2604 1346 2685 Theologumenis
1372 2602 1506 2684 Aeschyli

342 2723 372 2786 p.
391 2706 460 2781 134,
478 2708 650 2772 Bolssanad.
666 2710 703 2773 ad
717 2709 847 2772 Psellurn
862 2709 899 2772 de
919 2715 1030 2789 operat.
1051 2707 1230 2770 daemonnm
1250 2726 1279 2787 p.
1300 2705 1373 2767 292.
1397 2722 1453 2769 nos
1473 2705 1505 2766 in

343 2806 497 2890 Antiquitt
512 2828 555 2891 gr.
571 2811 597 2875 11
611 2830 641 2893 p.
660 2812 730 2874 145.
750 2846 786 2858 -
801 2811 860 2874 Pro
884 2801 924 2872 σε’
945 2797 1030 2890 ccipe
1050 2808 1198 2873 Nanclins
1220 2798 1259 2871 cii
1279 2797 1378 2892 elipe,
1399 2806 1505 2870 llirclr·

342 2909 453 2974 lucillus
478 2920 576 2975 autern
603 2903 727 2994 oi'nr‘z'pa
758 2913 890 2994 scripsit:
910 2912 996 2975 nobis
1015 2920 1154 2974 nannum
1174 2911 1327 2993 probatur.
1355 2909 1430 2971 Nam
1451 2927 1504 2972 co.
1613 2930 1614 2933 ¹

342 3010 470 3075 nlescere
484 3013 604 3094 quidem
618 3006 673 3078 σοί
687 3031 747 3077 non
762 3015 855 3076 rarius
870 3031 939 3076 cum
954 3006 994 3074 ori
1006 3031 1095 3094 qnam
1111 3030 1179 3076 cum
1196 3002 1260 3093 ι’ίρα
1274 3013 1423 3087 videmus,
1445 3028 1504 3093 qua

342 3113 456 3176 ratiorm
474 3121 574 3177 antcm
598 3133 666 3178 cnm
687 3123 815 3199 utroque
828 3114 918 3178 simul
931 3114 1074 3177 coaluisse
1088 3122 1247 3187 statuatur,
1269 3131 1329 3176 non
1344 3114 1414 3176 satis
1436 3131 1504 3194 per·

342 3214 493 3297 spicimns.
524 3216 636 3290 Quodsi
658 3236 726 3282 cnm
749 3208 814 3299 dioc
835 3216 955 3290 coaluit,
975 3233 1037 3278 non
1058 3216 1173 3279 ridetur
1195 3224 1332 3280 accentus
1352 3215 1504 3278 tamenin
1612 3262 1613 3285 1

340 3316 563 3398 praecedentem
580 3319 766 3401 negationem
781 3320 857 3381 hano
872 3318 930 3380 rim
945 3335 1081 3381 exercere
1096 3319 1244 3401 poluisse,
1266 3330 1300 3382 ut
1319 3339 1353 3382 ea
1374 3316 1506 3381 acuenda
1612 3292 1613 3319 ¹

342 3426 432 3495 esset,
443 3421 523 3502 qood
538 3421 669 3487 Nauclric
685 3423 779 3487 rmum
795 3440 860 3485 esse
873 3421 937 3484 eius
952 3421 1096 3502 scriptura
1112 3420 1254 3486 ostendit:
1269 3408 1355 3503 εᾶρα
1368 3437 1406 3483 an
1420 3407 1506 3501 riu'pc

344 3521 453 3586 rectius
466 3523 520 3597 sit,
541 3526 648 3607 ambigi
666 3533 779 3608 potest:
804 3543 874 3589 nam
893 3523 1027 3607 plerique
1047 3525 1136 3586 stiam
1153 3513 1260 3586 σόἱλλα
1284 3523 1399 3587 malunt
1415 3538 1505 3603 qnam
1611 3516 1612 3543 ³

342 3608 449 3687 scilic
459 3626 596 3693 scrihere.
617 3629 676 3691 lios
688 3626 808 3710 quidem
822 3627 1036 3689 Buttmannnm
1051 3625 1212 3706 sequimur,
1224 3644 1267 3706 gr.
1279 3644 1322 3708 gr.
1334 3626 1401 3689 mai.
1418 3621 1505 3700 §293
1611 3632 1612 3635 ’

344 3743 399 3790 nec
413 3727 607 3813 Goemlingius
621 3737 732 3806 noster,
748 3731 784 3795 de
798 3736 908 3794 ament.
923 3747 953 3811 p.
970 3728 1042 3802 365,
1057 3727 1141 3792 aliter
1154 3728 1270 3793 indicat.

430 3830 466 3893 ln
478 3833 613 3915 pmximo
628 3851 725 3909 mrsu,
742 3832 814 3907 352,

546 3935 663 4020 Φοίβῳ
684 3932 822 4018 μιγῆναι
844 3926 928 4019 φησί
948 3952 1001 4008 τις
1022 3925 1130 4018 φίλων
1151 3926 1247 4013 ἐμῶν,

344 4032 552 4115 improbaverit
578 4036 682 4118 aliquis
709 4035 841 4100 Atticista
861 4035 991 4099 severior
1014 4035 1139 4098 verbnm
1158 4030 1297 4117 μιγῆναι
1333 4036 1507 4101 demoliens

345 4143 530 4218 usurpatum.
561 4130 738 4219 Μίγνοναι,
758 4138 854 4219 inquit
871 4138 1002 4201 Tlromas
1022 4137 1158 4217 Magister
1174 4157 1202 4220 p.
1225 4136 1297 4212 616,
1319 4128 1339 4201 ὅ
1361 4129 1443 4224 α’νηρ
1464 4135 1508 4225 νῇ

346 4236 484 4320 γυναικί,
506 4229 565 4316 οὐκ
585 4230 606 4324 ἡ
630 4236 708 4322 γυνη
728 4240 777 4323 τῷ
793 4229 896 4324 ἀνδρί.
924 4239 1062 4303 Attamen
1076 4238 1147 4303 huic
1159 4247 1317 4321 praecepto
1332 4257 1393 4303 non
1407 4240 1507 4304 solnm

346 4345 502 4420 poctarum
528 4340 579 4403 scd
603 4341 695 4405 ctiam
724 4342 905 4426 pedestrium
929 4342 1108 4425 scriptorum
1132 4342 1273 4405 nonnulla
1296 4344 1430 4425 exempla
1457 4361 1507 4407 re·
