3284 5152
699 439 850 538 L

193 631 300 692 domos
314 629 426 710 aliaque
442 627 570 691 aedificia
584 629 812 709 amplectemur,
827 626 978 709 desiqmre
994 636 1101 709 potest,
1116 636 1150 691 ut
1160 629 1238 708 apud
1251 627 1350 708 Eurip.

194 731 305 795 Pboen.
320 722 347 791 v.
366 728 444 793 1361
468 738 499 792 et
519 730 669 811 Aristopb.
690 729 742 791 Αι.
762 748 788 789 ι.
812 725 902 790 1341.
948 729 1006 791 Sed
1026 729 1132 795 eodem
1150 746 1241 794 sensu
1260 728 1350 792 etiam

192 833 316 915 simplex
332 826 459 910 πτνχοίς
474 832 530 895 dici
545 833 675 913 potuisse
689 849 752 894 non
766 832 965 912 consequitur.
995 830 1069 895 Num
1084 832 1115 893 in
1131 831 1230 912 Eurip.
1245 831 1350 913 tragus

194 955 240 1017 ap.
258 936 401 999 demeat
416 935 495 997 dien
513 935 624 997 Strom.
639 935 663 995 V
678 953 707 1015 p.
724 932 782 994 cut
802 932 896 996 Pott:

380 1036 478 1111 ποῖος
501 1028 532 1097 δ’
553 1025 592 1098 da
615 1022 705 1109 οίκος
725 1027 885 1095 τεκτόνων
905 1030 1071 1110 πλασθεὶς
1093 1026 1161 1097 ίῑπο

381 1133 484 1217 δέμας
505 1134 544 1200 ad
568 1138 662 1202 θεῖον
687 1130 865 1216 περιβάλοι
888 1130 1007 1214 τοίχων
1029 1136 1183 1213 acquic,

194 1257 315 1303 sensum
331 1239 462 1303 vocabuli
477 1251 592 1322 praeter
605 1241 767 1322 genitivum
782 1239 897 1316 τοίχων
917 1239 1006 1300 etiam
1028 1238 1151 1301 verbum
1173 1232 1353 1321 περιβάλοι

195 1342 339 1424 explanat,
355 1351 388 1404 ut
403 1337 529 1420 πτυχὰς
550 1342 667 1420 τοίχων
688 1350 843 1423 propterea
863 1340 919 1405 dici
939 1350 1094 1422 appareat,
1117 1340 1196 1421 quod
1212 1361 1255 1412 aa,
1278 1358 1352 1422 qnae

195 1445 275 1506 intus
296 1452 381 1517 sunt,
402 1445 640 1524 complectuntur
659 1452 689 1506 et
703 1443 867 1517 includunt,
889 1451 1096 1525 poteruntque,
1112 1461 1187 1525 quae
1201 1443 1244 1506 sic
1257 1441 1353 1505 inclu-

196 1547 308 1610 duntur
327 1554 355 1608 et
375 1546 595 1611 circumdantur
615 1547 789 1629 parielibus,
811 1540 845 1608 ἐν
866 1546 1007 1625 πτυχαῖς
1027 1565 1091 1609 essa
1114 1545 1183 1621 dici,
1200 1545 1227 1607 si
1251 1546 1353 1626 quales

194 1646 318 1725 πτυχαί
330 1646 532 1728 intelligendae
548 1649 609 1712 siut
623 1657 674 1713 aut
688 1668 725 1710 ex
739 1649 838 1712 addito
852 1649 989 1730 genitivo,
1006 1649 1086 1711 velut
1099 1647 1224 1726 τοίχων,
1245 1656 1296 1710 aut
1317 1666 1354 1708 ex

193 1749 332 1813 universo
348 1757 487 1811 contextu
498 1758 591 1831 patet:
606 1750 749 1831 imagines
759 1760 862 1814 ‘autem
886 1769 947 1815 non
961 1751 1158 1814 circumdatae
1174 1757 1204 1812 et
1224 1749 1354 1812 inclusae

194 1852 365 1934 parietibus,
380 1852 431 1913 sed
447 1853 478 1915 in
493 1852 652 1934 parietibus
667 1853 702 1916 ad
725 1853 920 1935 spectandum
941 1853 1099 1934 expositae,
1116 1869 1178 1915 non
1192 1852 1275 1915 video
1297 1868 1355 1931 qna

194 1940 355 2017 rationeis
377 1955 515 2032 πτυχαῖς
536 1973 600 2017 esse
620 1955 764 2018 dicantur.
809 1958 959 2019 nmcaucr
981 1955 1069 2036 igitrn
1088 1954 1259 2017 Hermanno
1272 1952 1353 2015 Mus-

193 2056 283 2138 qravii
298 2056 498 2118 coniecturam
512 2057 693 2137 repudianti;
707 2058 787 2139 qnod
802 2066 902 2121 autem
917 2059 952 2120 ab
968 2058 1033 2140 ipsc
1044 2057 1230 2139 propositum
1245 2064 1300 2127 est,
1321 2047 1356 2117 ἐν

190 2157 337 2231 τονιαῖον,
366 2158 432 2221 licet
452 2178 468 2221 a
489 2159 590 2221 multis
609 2159 767 2239 probatum
790 2160 913 2234 videam,
936 2178 1079 2241 perquam
1094 2165 1195 2221 umen
1209 2158 1354 2222 lubricum

193 2280 259 2324 esse
279 2260 377 2324 iudico
398 2280 499 2325 vocem
522 2261 684 2324 inauditam
702 2267 733 2324 et
751 2262 832 2325 nullo
854 2261 1024 2325 testimonio
1040 2261 1187 2324 firmatam
1202 2260 1354 2326 asciscere.

194 2362 297 2425 Alios
317 2355 355 2424 ίν
375 2357 547 2425 τύποισι
574 2363 781 2427 coniecisse
801 2363 899 2434 video,
924 2366 960 2428 ad
987 2382 1052 2427 rein
1072 2380 1134 2425 ncn
1155 2363 1241 2439 male,
1257 2363 1355 2425 minias

194 2473 296 2528 tamen
313 2464 515 2545 probabiliter,
535 2466 680 2546 siquidem
706 2465 752 2529 vix
775 2466 912 2531 credibile
937 2472 984 2528 est
1003 2467 1081 2530 illam
1103 2484 1205 2528 vocem
1225 2485 1242 2528 a
1262 2464 1350 2544 libra·

194 2568 245 2630 riis
274 2568 305 2628 in
330 2558 453 2643 τείχεσι
478 2567 629 2648 corrumpi
652 2568 792 2648 potuisse.
842 2568 967 2631 Facilius
991 2561 1150 2646 τοίχοισιΙ
1170 2568 1213 2630 sic
1244 2564 1351 2630 mutari

195 2663 305 2752 potuit,
346 2669 425 2750 quod
470 2687 530 2750 quo
576 2670 674 2733 minus
709 2670 914 2733 asciscendum
957 2670 1097 2735 suadeam
1144 2670 1216 2751 nibil
1256 2669 1353 2734 obstat

194 2772 251 2835 nisi
292 2771 373 2852 quod
406 2771 438 2833 in
478 2771 690 2854 antistropbico
724 2790 809 2835 ausu
843 2773 904 2835 225
936 2773 1066 2842 iambus,
1104 2791 1165 2836 non
1201 2773 1351 2854 spondeus

197 2862 400 2937 choriambum
438 2873 554 2954 excipit.
621 2875 807 2955 Quamquam
848 2872 1018 2936 huiusmodi
1059 2873 1280 2956 inaequalitate,
1322 2873 1352 2935 in

196 2975 252 3037 bac
270 2976 441 3056 praesertim
461 2974 569 3048 tabula,
590 2995 681 3058 quam
700 2977 795 3058 paullo
814 2976 1006 3057 negligentius
1023 2977 1162 3058 scriptam
1177 2994 1242 3039 osse
1263 2975 1352 3038 etiam

197 3075 260 3139 aliis
283 3076 383 3139 multis
405 3076 518 3139 indiciis
536 3085 625 3157 patet,
648 3078 783 3159 equidem
808 3097 855 3141 me
876 3096 936 3141 non
956 3078 1044 3141 nimis
1061 3080 1168 3141 aliendi
1181 3079 1286 3141 fateor.
1310 3108 1353 3122 -

196 3177 285 3259 bingis
319 3178 441 3241 offendit
472 3178 662 3260 inaequalitas
692 3180 723 3241 in
752 3181 889 3261 proximo
920 3181 1063 3244 versiculo
1082 3165 1148 3243 dds
1177 3169 1351 3258 deono'pad'

197 3268 223 3342 ὦ
252 3276 364 3364 φίλαι,
392 3280 442 3362 qui
468 3281 696 3363 antistropbico,
725 3280 801 3355 228,
824 3274 894 3345 οὐδ’
921 3272 963 3345 dv
984 3275 1022 3345 da
1042 3276 1143 3345 σέθεν
1164 3269 1204 3342 dv
1227 3272 1352 3342 ποθοί-

196 3401 275 3461 μοιν,
297 3399 357 3443 una
381 3384 488 3463 syllaba
512 3383 626 3447 brevior
649 3392 704 3447 est.
747 3384 807 3447 Nec
832 3391 932 3447 tamen
956 3384 1035 3458 scio,
1070 3401 1107 3445 an
1132 3383 1207 3446 baec
1234 3400 1352 3464 qnoque

197 3484 348 3548 toleranda
362 3484 400 3547 sit
415 3502 476 3550 non
497 3486 597 3548 minus
612 3504 701 3567 ιχιιιιαι
717 3486 897 3567 interpellata
911 3502 965 3566 per
978 3485 1058 3548 Ionis
1072 3484 1161 3548 amba
1175 3483 1353 3545 continuitas

197 3587 405 3667 antistropbae.
450 3586 566 3660 Quoda
589 3588 738 3650 nonnullis
761 3598 830 3669 post
851 3576 879 3651 ὦ
901 3581 1000 3673 φίλαι
1022 3585 1149 3661 additur,
1172 3579 1223 3667 cd,
1246 3604 1299 3666 per
1321 3604 1354 3645 se

197 3689 295 3770 ipsum
311 3689 429 3770 quidem
445 3707 506 3751 non
518 3690 650 3769 ineptum
661 3698 721 3753 est:
738 3697 874 3772 poterant
885 3689 962 3752 enim
975 3687 1203 3752 demonstrativa
1215 3686 1355 3770 porticella

198 3791 335 3854 mulieres
350 3791 403 3863 uti,
429 3809 487 3870 quo
513 3791 542 3852 id
564 3791 643 3874 quod
663 3792 759 3855 iussae
779 3800 861 3854 erant
883 3811 947 3855 erse
968 3793 1025 3855 iana
1042 3792 1136 3855 lacere
1151 3790 1354 3862 ostenderent3

198 3894 314 3956 insolita
330 3903 428 3957 autem
444 3901 490 3955 est
504 3894 656 3956 collocatio
671 3901 739 3975 post
753 3894 928 3967 vocativum,
949 3912 1042 3976 quum
1064 3895 1106 3956 ris
1119 3893 1279 3976 particulae
1293 3908 1355 3953 non

198 3996 234 4058 ad
249 3995 337 4069 bunc,
353 3997 405 4058 sed
421 3995 456 4057 ad
472 3982 540 4059 aide
554 4003 605 4057 ant
619 3996 656 4058 ad
673 3990 864 4075 δερκόμεθα
880 3997 1034 4077 pertineat.
1079 3998 1170 4078 {gitur
1183 3996 1208 4057 si
1225 3995 1354 4058 verucu-

198 4099 244 4161 lus
258 4099 360 4180 ntique
375 4097 587 4179 antistrcpbico
602 4097 808 4177 exaequandae
823 4105 877 4168 est,
895 4098 958 4159 vide
973 4115 1011 4160 ne
1022 4097 1109 4160 scribi
1120 4099 1214 4179 possit
1225 4085 1251 4157 ai
1264 4092 1353 4181 φίλι-

198 4217 285 4260 σιαι.
331 4200 394 4282 ipsa
415 4200 487 4264 baec
507 4200 601 4265 rarior
619 4199 788 4280 superlativi
808 4199 903 4261 torma
923 4200 1056 4263 mutandi
1078 4219 1197 4267 causam
1215 4199 1355 4280 praebere

198 4301 303 4384 parsu.
349 4303 406 4367 Sed
422 4308 455 4365 ut
469 4302 683 4383 comparativus
698 4295 821 4385 φιλίων
838 4302 916 4381 apud
932 4301 1106 4377 Homerum,
1120 4303 1174 4367 Od.
1190 4300 1265 4375 XIX,
1282 4301 1353 4364 351.

199 4401 300 4477 xxiv,
317 4404 388 4476 267,
404 4404 446 4466 sic
459 4404 536 4486 apud
558 4404 733 4484 Sophoclem
758 4403 801 4485 dj.
820 4423 844 4463 ι.
861 4403 932 4477 Sti,
952 4405 1149 4486 superlativum
1166 4404 1212 4466 illc
1232 4403 1353 4484 legitur:
