3266 5140
722 458 784 521 423

171 649 292 710 modurn
308 667 382 709 vers.
398 647 436 709 16
451 647 584 725 legimus,
601 663 655 707 ooo
672 647 753 723 [com]
767 648 925 726 preiooted
938 660 1031 718 unet,
1047 649 1076 710 b.
1092 669 1117 710 e.
1133 670 1199 713 eum
1209 657 1327 732 prr'ooto

171 756 315 821 ereverit,
331 752 447 830 litigans
464 749 540 819 scil,
556 767 632 810 vers.
651 750 689 808 15
704 755 816 821 autem,
832 767 895 810 rom
908 751 1063 829 prea‘ooted
1077 753 1164 814 uene
1178 754 1206 814 b.
1222 773 1247 815 e.
1263 774 1328 816 nrm

166 857 286 933 prioete
302 857 387 933 epiro.
432 850 473 912 lta
488 850 623 912 universa
639 849 754 910 illorum
770 848 925 911 verborum
941 853 1084 915 sententia
1099 853 1172 917 haee
1186 856 1246 919 iere
1260 858 1327 918 erit:

170 955 241 1016 dem
256 956 335 1036 opud
349 954 582 1021 universitatem,
597 952 627 1012 b.
643 971 668 1011 e.
685 950 714 1011 in
731 953 882 1021 contione,
904 954 1050 1034 (qemi)
1067 962 1198 1020 orooerr't
1211 978 1237 1019 v.
1254 978 1325 1021 oee-

168 1076 232 1118 eom
246 1061 355 1138 eperit⁴
367 1058 405 1133 Ι).
421 1091 462 1101 -
478 1055 593 1117 Tertius
608 1054 690 1115 loeus
705 1061 751 1114 est
766 1071 839 1115 vers.
856 1055 909 1125 15,
925 1060 1006 1136 siper
1017 1074 1124 1137 perum
1138 1059 1237 1122 doloro
1249 1061 1326 1123 moi-
1350 1077 1379 1127 13

168 1158 227 1220 lem
242 1164 274 1220 in
288 1170 400 1221 truntm
410 1161 473 1220 siro
488 1168 566 1219 teoto
577 1166 747 1236 perteneat,
768 1175 803 1217 ex
818 1156 925 1236 quibus
941 1176 995 1238 ego
1010 1159 1127 1239 quidem
1144 1161 1228 1236 nibil,
1245 1165 1325 1243 quod

167 1261 319 1341 probabile
339 1261 389 1332 sit,
408 1260 540 1322 extricari
562 1277 653 1339 posse
667 1276 765 1337 spero.
806 1258 868 1319 Etsi
883 1259 961 1321 enim
974 1280 1082 1341 perum
1096 1263 1192 1325 delent
1205 1265 1326 1328 mallem

167 1364 250 1427 iaeile
269 1363 388 1444 quilibet
409 1382 474 1426 cum
491 1362 594 1425 Latino
611 1379 667 1441 per
682 1360 780 1422 delam
795 1361 907 1424 melum
920 1370 1087 1442 comparat,
1113 1373 1211 1427 tamen
1231 1367 1324 1428 ambi·

166 1484 258 1545 guum
273 1473 328 1539 est,
343 1472 441 1526 utrum
454 1483 561 1545 perum
576 1463 679 1524 eedem
697 1461 781 1542 plano
796 1464 886 1525 modo
901 1473 934 1527 ut
945 1484 1009 1545 per,
1023 1484 1061 1527 an
1075 1467 1174 1547 potius
1186 1486 1241 1548 pro
1250 1488 1324 1549 pro-

162 1579 246 1649 pter,
271 1576 304 1630 ut
319 1568 367 1630 Gr.
385 1561 445 1629 διά
460 1586 484 1628 c.
500 1586 573 1637 aen,
600 1565 711 1627 dietum
726 1564 778 1637 sit,
803 1574 833 1627 et
847 1566 955 1647 relique
969 1567 1108 1630 voeabula
1124 1569 1222 1631 omnia
1236 1572 1325 1634 menis

165 1670 291 1732 obseura
307 1678 384 1732 sunt,
397 1706 438 1715 —
450 1670 541 1731 Versu
557 1669 595 1729 21
614 1675 721 1741 autern,
735 1686 795 1748 pru
808 1669 968 1731 meddiurod
981 1672 1080 1733 toutod
1090 1674 1266 1751 proeserdid,
1283 1674 1324 1735 si·

164 1774 302 1853 gnidoare
316 1773 451 1845 arbitror,
463 1791 521 1854 pro
533 1772 677 1834 tribunali
684 1774 880 1851 meptitrotrre,
891 1784 1043 1852 praesente
1053 1777 1240 1837 um'oero'tote
1255 1776 1284 1837 b.
1298 1798 1323 1838 e.

163 1877 195 1938 in
211 1876 352 1938 eeneione
367 1895 391 1936 ι.
408 1874 510 1955 populi
525 1873 657 1938 oonsilio.
702 1874 775 1935 Nam
794 1892 854 1953 pru
870 1873 887 1934 i.
903 1892 931 1953 q.
949 1894 1006 1955 pro
1021 1894 1088 1937 esse
1103 1876 1133 1938 in
1147 1885 1248 1958 aperto
1264 1890 1321 1941 est:

163 1978 326 2040 oredda‘arod
336 1976 475 2039 ablativus
487 1995 573 2039 rasus
588 1984 662 2038 esta
678 1974 857 2036 nominativo
868 1978 1004 2040 melidino
1016 1997 1040 2040 s.
1052 1979 1228 2052 meddinom,
1243 1982 1321 2059 quod

163 2098 286 2155 nemen,
301 2100 317 2142 a
332 2080 442 2142 oteddis
456 2098 480 2142 s.
493 2080 611 2142 oteddin
622 2077 806 2150 declinatum,
822 2077 972 2157 probabile
983 2088 1028 2142 est
1039 2080 1137 2142 lecum
1149 2081 1322 2161 significare,

162 2182 213 2245 ubi
233 2182 349 2244 meddix
369 2182 415 2243 lue
437 2181 505 2244 dicit
526 2180 623 2242 aliisve
639 2177 811 2242 muneribus
826 2181 967 2258 iungitur,
992 2181 1086 2261 qualia
1100 2182 1176 2262 apud
1193 2180 1320 2245 Graecos

160 2279 206 2346 rei
220 2276 336 2365 ἀρχεῖα
350 2292 427 2346 eunt
464 2283 633 2346 Pieeoeeo‘d
647 2302 702 2363 pro
714 2294 866 2362 praesente
881 2283 1011 2363 recipere
1026 2301 1088 2345 non
1103 2283 1256 2359 dubitabit,
1271 2287 1320 2365 qui

161 2386 283 2449 aliarum
299 2405 417 2467 quoque
431 2388 591 2448 formarum
606 2385 684 2448 verbi
700 2386 872 2449 substantivi
888 2387 965 2466 apud
978 2387 1073 2448 Oscos
1085 2388 1318 2452 eonvenientiarn

161 2508 230 2552 cunr
242 2489 351 2551 Latinis
366 2489 549 2569 reputaverit,
565 2488 642 2551 velut
656 2491 737 2550 ested
750 2506 805 2568 pro
817 2497 882 2549 esto
895 2507 920 2547 v.
937 2490 983 2550 11.
1000 2488 1050 2551 23.
1067 2489 1117 2552 26.
1133 2492 1200 2571 pu'd
1214 2509 1268 2570 pre
1283 2497 1319 2554 eit

161 2613 186 2652 ι.
203 2592 257 2672 fior
272 2611 297 2651 v.
310 2591 360 2652 29.
374 2593 438 2671 [τιτι
451 2610 505 2670 pro
520 2594 612 2671 [ιιιιιί
626 2611 651 2650 ι.
669 2590 714 2650 19.
732 2590 782 2651 22.
799 2626 839 2634 -—
859 2590 1002 2671 Superest
1015 2608 1094 2653 unus
1109 2592 1196 2655 buius
1211 2595 1317 2656 inseri·

158 2693 270 2775 ptionis
289 2693 370 2755 loeus
386 2714 411 2754 v.
427 2692 474 2755 18.
494 2693 545 2754 19:
569 2692 629 2755 Pon
645 2703 759 2754 oenone
773 2693 892 2754 densae
907 2704 1017 2755 tautum
1031 2707 1169 2757 mereret.
1213 2695 1247 2757 ln
1262 2698 1319 2759 boo

158 2807 269 2859 taotem
289 2815 349 2859 non
369 2795 439 2858 satis
460 2804 555 2858 certae
574 2795 706 2857 lectionis
722 2813 788 2857 esse
803 2795 845 2856 rel
864 2795 932 2857 inde
947 2795 1078 2875 colligas,
1105 2797 1184 2876 qued
1200 2797 1248 2859 elii
1263 2799 1318 2861 sibi

157 3087 284 3155 exemplo,
297 3089 361 3151 quod
374 3089 426 3155 ipse
440 3088 530 3146 edidit,
549 3102 613 3138 erue
627 3102 674 3136 eon
688 3093 839 3153 compareat.
865 3087 943 3139 listne
955 3087 1032 3150 igitur
1045 3104 1118 3139 error
1129 3090 1191 3155 eius,
1203 3091 1243 3156 qui
1255 3105 1317 3157 apo-

157 3175 279 3240 graphum
291 3173 407 3238 coniecit,
420 3190 451 3224 ιιιι
463 3173 541 3240 ipsius
553 3171 716 3223 Groteleudii

229 3259 271 3319 11)
290 3258 376 3323 Longe
391 3259 467 3310 aliter
483 3260 544 3309 bueo
560 3258 637 3309 verbe
651 3256 831 3309 Grotelondiur
848 3259 1038 3325 iuterpretatur.
1064 3259 1156 3312 Tribus
1169 3260 1234 3312 enim
1246 3263 1316 3313 voci-

157 3345 205 3397 bue
217 3344 242 3394 io
254 3359 328 3395 unam
340 3346 453 3396 enodetis
465 3342 648 3412 ‹temptet-iod,
665 3344 712 3393 boe
729 3342 833 3396 latiore
850 3345 988 3409 particulae
1005 3344 1145 3397 dumtaoeot
1161 3350 1315 3413 respendere

156 3431 208 3493 eit,
226 3430 421 3497 quandoquidem
432 3430 517 3497 donop
534 3444 579 3495 pro
596 3428 688 3490 αιτιοι,
705 3427 772 3478 sieut
786 3431 845 3498 neip
856 3444 878 3479 ι.
891 3446 939 3497 nep
951 3445 996 3495 pro
1007 3446 1088 3496 neqm
1099 3430 1191 3482 dictum
1204 3432 1245 3495 rit,
1259 3437 1315 3484 ter·-

157 3515 205 3568 tod
217 3522 300 3566 auteur
318 3516 384 3566 siout
401 3519 470 3568 torio
485 3530 509 3567 v.
523 3514 547 3565 9.
564 3515 594 3563 to
606 3514 661 3564 sire
674 3516 771 3564 tortam
782 3529 807 3563 v.
823 3514 865 3573 te,
883 3511 961 3573 τάξιν
976 3516 1096 3581 qumana
1113 3516 1247 3581 siguifleet,
1259 3534 1315 3569 oure

157 3596 261 3665 τάττω,
273 3607 302 3651 ut
314 3600 371 3651 Lat.
384 3605 467 3663 texet,
480 3607 620 3664 cognatum.
644 3599 719 3664 Atqui
732 3605 761 3649 ut
777 3600 929 3650 concedetur
945 3599 1028 3667 denep
1045 3599 1076 3649 eb
1093 3600 1167 3652 Orcla
1180 3616 1224 3667 pro
1236 3600 1315 3653 donee

157 3685 207 3736 diei
220 3686 521 3752 potuisse—quenquam
533 3687 580 3736 boe
591 3686 641 3737 alia
653 3685 759 3748 ratione,
769 3698 841 3749 quarn
851 3698 898 3749 qur
909 3682 1005 3735 Gretel.
1016 3698 1076 3734 usus
1087 3692 1134 3745 est,
1148 3686 1313 3736 demonstrari

156 3771 313 3833 debebrt—
323 3778 352 3822 ut
363 3773 514 3823 coucedatur
525 3787 610 3838 porro,
624 3772 647 3821 iu
660 3771 800 3823 dumtaxat
810 3783 873 3834 quoe
886 3768 951 3819 inest
963 3767 1024 3818 dem
1035 3769 1158 3834 particula
1172 3770 1187 3820 i.
1201 3786 1223 3835 q.
1235 3771 1314 3822 donec

157 3857 254 3920 velere,
266 3885 301 3895 -
313 3859 376 3923 qnod
394 3873 440 3922 ego
457 3872 504 3907 oon
522 3858 617 3908 inlitior
632 3856 732 3923 probari
751 3870 826 3929 posse
837 3882 883 3914 -,
897 3861 978 3905 nureo
992 3854 1080 3905 ioetad
1091 3870 1145 3905 eum
1159 3859 1235 3906 turoi
1245 3871 1313 3906 eom·

157 3944 216 4011 poni
238 3959 313 4011 posse
336 3957 440 4009 prorsus
454 3958 529 4007 nego,
551 3943 654 4009 eiusque
671 3941 754 3993 iudicii
772 3940 883 3991 rutiones
899 3939 982 4006 paullo
995 3946 1052 4006 post
1065 3955 1211 4006 proponam,
1228 3941 1313 3991 ubido

157 4028 243 4079 verbis
256 4045 281 4078 v.
297 4027 339 4089 18,
355 4028 393 4077 19.
410 4044 460 4094 porr
478 4032 582 4079 conetur
597 4027 699 4078 Banme
716 4031 813 4079 tortam
828 4030 958 4087 reneezet,
976 4025 1104 4076 disseram.
1122 4052 1157 4063 —
1168 4024 1265 4077 Rursus
1278 4026 1315 4076 di·

157 4130 233 4165 verso
245 4120 285 4165 est
297 4110 396 4164 lilenzii
409 4114 592 4179 interpretatio,
606 4113 644 4163 cui
657 4112 778 4181 optootud
793 4112 808 4161 i.
827 4128 849 4177 q.
861 4116 1007 4181 propterea,
1025 4110 1114 4162 tested
1128 4111 1205 4175 igitur
1222 4127 1313 4178 prono-

156 4214 212 4251 rueo
224 4199 447 4250 demonstrativum
460 4214 517 4249 esse
529 4200 639 4263 videtur,
651 4199 716 4265 quod
728 4214 773 4249 eur
785 4213 831 4261 ego
845 4214 892 4248 noo
905 4199 1012 4261 credam,
1026 4213 1101 4264 supro
1113 4199 1228 4263 exposui.
1264 4198 1313 4248 Ce-

157 4293 238 4336 terum
256 4286 280 4336 in
296 4284 403 4334 similem
415 4300 527 4335 error-ern
540 4286 629 4335 dudum
642 4284 750 4334 hotius
762 4284 861 4347 inridit,
877 4299 951 4350 quum
968 4286 1036 4352 repis
1055 4286 1132 4335 babeo
1145 4284 1169 4334 iu
1181 4281 1313 4335 Veliterno

156 4371 320 4437 inscriptione
336 4367 385 4420 inl
402 4366 490 4437 τούτῳ
508 4370 650 4433 signilloere
666 4369 781 4436 opinatus
794 4375 848 4431 est,
866 4375 935 4418 recte
949 4375 1083 4434 propterea
1091 4367 1126 4418 ab
1138 4367 1193 4434 ipso
1205 4363 1311 4416 lileuzio

157 4458 326 4523 reprehensus
339 4470 362 4520 p.
376 4454 409 4504 31
422 4462 473 4505 not.
485 4455 527 4506 et.
