3164 5138
672 454 694 521 3

103 636 232 705 πολλῶν
250 643 357 721 ποιεῖ,
383 641 493 707 κατὰ
512 642 635 729 σχῆμα
656 637 984 728 ύποσιωπήοεως.
1000 678 1041 691 -
1055 645 1128 707 ltsm
1143 642 1187 718 Vl,
1205 645 1265 706 111

104 746 222 808 offendit
240 754 352 839 rames
369 748 522 827 quosdam
541 748 674 821 cuncos,
699 749 777 827 quod
805 748 912 809 Hector
937 747 1079 827 proelium
1101 747 1265 819 relicturus,

106 867 160 927 qno
180 849 429 929 supplicationem
455 851 487 910 in
514 849 586 911 urhe
606 850 668 910 lieri
688 849 798 921 iubeat,
825 842 920 928 βείω,
949 851 1001 924 ait,
1033 844 1134 934 προτὶ
1150 841 1264 924 Ἴλιον,

105 941 160 1031 ἠδὲ
174 946 327 1035 γέρουσιν
341 942 431 1012 εἴπω
447 948 642 1037 paulumper
661 946 719 1014 καὶ
733 943 907 1037 ἡμετέραις
922 942 1091 1032 ἀλόχοισιν
1111 944 1267 1030 δαίμοσιν

105 1043 308 1134 ἀρήσασθαι,
337 1069 435 1132 noque
464 1061 561 1115 tamen
592 1062 642 1114 aut
671 1053 708 1117 ah
738 1053 863 1127 Heleno,
894 1075 919 1115 v.
948 1054 997 1127 87,
1028 1072 1118 1133 quum
1144 1054 1264 1115 Hectori

106 1153 169 1213 ilhtd
188 1154 349 1215 eonsilium
369 1154 512 1234 suggerit,
530 1174 624 1235 neque
642 1155 679 1217 ah
699 1157 767 1236 ipso
786 1158 923 1233 Hectore,
938 1178 964 1218 r.
981 1157 1052 1228 260,
1073 1176 1164 1237 quum
1179 1158 1265 1218 matri

105 1274 172 1317 suae
196 1256 446 1337 supplicationem
472 1259 599 1331 mandat,
625 1258 681 1319 ulla
708 1278 830 1321 senum
855 1269 1061 1322 senatorum
1086 1261 1197 1320 montio
1223 1260 1264 1319 tit.

105 1358 307 1419 demorendae
324 1357 482 1420 offensioni
502 1359 608 1439 duplex
630 1360 703 1422 ratio
718 1361 803 1423 inita:
828 1355 971 1446 νοητύον,
991 1361 1086 1441 inquit
1104 1361 1197 1422 schol.
1219 1362 1263 1433 t,

104 1448 175 1541 ἤτοι
197 1454 366 1521 needed
389 1454 646 1540 σιωπώμενον
666 1454 835 1536 κοῖκείνοις
857 1455 954 1525 αὐτὸν
975 1455 1153 1546 εἰρηκέναι,
1175 1452 1198 1547 ἢ
1219 1454 1264 1537 ὡς

103 1554 159 1621 ἐπὶ
181 1554 359 1643 στρατείας
386 1562 453 1642 (leg.
475 1564 645 1646 στρατιᾶς)
673 1558 732 1625 καὶ
753 1559 968 1649 παρατάξεως
991 1560 1051 1626 τοῦ
1077 1559 1264 1647 πρέποντος

102 1657 195 1744 χάριν
221 1666 321 1727 τοῦτο
347 1661 636 1746 προστεθεικέναι.
659 1701 700 1711 -
723 1667 882 1728 levissima
906 1685 954 1728 res
978 1676 1023 1727 est
1042 1666 1114 1756 llll,
1133 1669 1205 1740 411,
1227 1668 1263 1728 de

102 1766 246 1839 Pauodo,
260 1766 312 1846 qui
326 1784 418 1846 quum
432 1784 495 1828 non
509 1768 634 1847 pedihus
650 1769 702 1830 sed
717 1787 804 1830 curru
819 1770 958 1831 insistens
973 1769 1146 1848 proelietur,
1165 1777 1262 1831 umen

101 1868 236 1947 nubum
252 1887 323 1930 saxo
340 1868 471 1930 coniecto
487 1869 620 1948 pereutit
657 1866 738 1944 Πῶς
752 1862 859 1931 udus
880 1862 1023 1953 εύπορεῖ,
1045 1870 1140 1950 inquit
1154 1870 1261 1945 Schol,

102 1961 155 2053 ἐφ’
177 1963 328 2051 ἅρμοπος
354 1960 413 2044 o'r'r,·
434 1972 486 2033 sed
512 1973 674 2051 respondet
691 1974 769 2053 ipse:
789 1963 879 2033 ἔοικε
904 1968 1002 2034 κατὰ
1028 1969 1072 2035 τὸ
1098 1968 1262 2035 σιωπώ-

101 2090 213 2149 μενον
240 2067 501 2156 καταβεβηκέναι
525 2066 596 2137 ἀπὸ
620 2068 753 2160 δίφρου,
787 2062 859 2135 εἶτα
885 2070 969 2152 μετὰ
993 2070 1033 2137 τὸ
1055 2071 1181 2160 πλῆξαι
1206 2071 1263 2136 τὸν

100 2164 254 2255 Ἐρύλαον
275 2167 380 2235 πάλιν
400 2165 646 2259 ἀναβεβηκέναι.
676 2177 738 2251 Alii,
754 2195 881 2256 quorum
895 2176 1067 2237 Eustathius
1081 2177 1260 2237 mentionem

101 2275 173 2349 latit,
189 2295 256 2337 rem
273 2277 317 2337 sie
331 2276 552 2356 expediturum,
572 2287 606 2340 ut
624 2279 754 2341 dicerent
767 2279 934 2341 Patroclum
953 2278 1078 2339 tortasse
1097 2278 1213 2356 provisa
1232 2279 1261 2338 in

101 2396 186 2438 usn-u
205 2396 278 2437 saxa
299 2377 452 2453 hahuisse,
478 2380 503 2440 si
523 2379 628 2459 quihus
647 2380 788 2442 utendum
806 2383 891 2441 toret
939 2381 1028 2442 Recte
1052 2386 1147 2441 autem
1167 2397 1263 2459 nuper

100 2479 219 2540 Faesius
244 2479 409 2553 admonuit,
435 2482 495 2543 iam
521 2500 538 2542 e
562 2502 589 2543 r.
615 2485 687 2558 404,
711 2482 761 2544 uhi
789 2483 963 2544 Thestorem
990 2482 1141 2543 Patroclus
1168 2501 1261 2562 prope

99 2582 218 2643 adstans
234 2582 320 2643 hasta
334 2583 461 2662 percutit
476 2575 579 2664 (ἔγχεϊ
595 2578 669 2659 νύξε
689 2578 885 2666 παραστάς),
905 2583 1000 2662 colligi
1016 2602 1117 2664 posse,
1136 2602 1204 2644 eum
1225 2585 1262 2645 de

100 2703 186 2746 curm
204 2685 405 2746 descendisse.
421 2686 543 2747 -Non
561 2686 659 2747 minus
679 2686 753 2762 leve,
768 2686 847 2767 quod
867 2685 942 2759 11111,
965 2686 1002 2745 17
1021 2685 1146 2745 Achilles
1167 2685 1261 2762 gladio

101 2805 208 2847 usuriis
236 2787 350 2848 hastam
376 2789 410 2849 ad
436 2788 531 2867 ripam
545 2787 674 2849 fluminis
700 2788 817 2868 myricis
837 2788 980 2849 obtectam
1000 2786 1166 2866 reliquisse,
1191 2805 1260 2847 mox

100 2899 195 2951 umen
212 2909 239 2950 v.
255 2890 298 2949 67
313 2889 495 2952 contorsisse
513 2890 629 2952 hastam
647 2890 678 2950 iu
693 2889 857 2969 Lycurgum
872 2890 986 2951 dieitur.
1030 2889 1185 2951 Notarerst
1204 2889 1262 2949 hoe

101 2991 284 3064 zenodotus,
312 2992 561 3072 quemadmodum
590 2992 754 3070 depositae,
784 2991 828 3053 sic
855 2991 943 3053 eliam
968 3000 1135 3071 resumptae
1161 2992 1260 3054 hastae

99 3095 281 3156 mentionem
294 3093 434 3155 disertam
444 3094 507 3154 fieri
517 3092 656 3154 debuisse
665 3101 761 3154 ratus:
773 3092 826 3153 sed
837 3091 984 3171 redarguit
993 3111 1060 3154 eum
1066 3093 1260 3166 Aristarchus,

102 3187 144 3271 ὥς
165 3188 348 3277 ἀγνοοῦντα
370 3189 424 3257 ὅτι
444 3191 554 3257 πολλὰ
577 3191 628 3256 δεῖ
649 3188 899 3277 προσδέχεσθαι
921 3189 1083 3255 κατὰτὸ
1105 3190 1261 3256 σιωπώ-

103 3318 216 3377 μενον
238 3291 461 3379 ἐνεργούμενα.

181 3401 263 3462 naec
276 3399 364 3479 igitur
377 3409 463 3480 atque
482 3399 587 3461 similia
600 3400 681 3461 lacile
696 3398 739 3461 sic
758 3397 893 3479 explicari
908 3406 937 3459 et
951 3398 1065 3459 delendi
1079 3417 1170 3478 posse
1185 3417 1257 3463 oon-
1277 3417 1291 3464 5

102 3504 246 3566 oedimus:
273 3513 344 3565 sunt
367 3511 464 3567 autem
488 3503 557 3577 alia,
581 3520 708 3582 quorum
735 3520 796 3563 non
819 3510 877 3562 tam
900 3500 1033 3581 expedita
1054 3508 1100 3561 est
1121 3501 1260 3571 defensio,

101 3626 193 3687 neque
207 3606 333 3668 iniectus
347 3607 446 3667 animo
457 3605 613 3684 serupulus
628 3604 676 3666 illo
691 3603 856 3665 reticentiae
870 3602 1019 3663 schemate
1033 3601 1163 3663 adhibito
1179 3604 1261 3665 laeile

101 3710 243 3771 eximitur.
288 3709 330 3770 Ex
355 3709 414 3769 hoc
439 3727 544 3786 genere
569 3707 639 3768 illud
664 3714 724 3779 est,
749 3705 828 3785 quod
850 3703 935 3777 XVll,
957 3703 997 3764 24
1021 3703 1168 3765 llenelans
1192 3724 1258 3766 cum

101 3811 259 3892 Euphorbo
281 3811 316 3871 ad
338 3820 483 3872 certamen
503 3826 681 3887 congressus
703 3809 821 3868 fratrem
841 3806 928 3867 huius
943 3805 1176 3885 Hyperenorem,
1193 3817 1260 3869 ante

100 3935 115 3973 a
129 3935 162 3977 se
175 3915 396 3992 interemptum,
412 3912 540 3973 convicia
554 3913 585 3972 in
599 3930 632 3972 se
646 3911 768 3972 iactasse
782 3909 982 3989 ignatiumque
998 3910 1054 3970 sihi
1068 3910 1262 3989 exprobrasse

101 4026 258 4091 memorat,
278 4016 362 4077 cuius
382 4014 425 4076 rei
441 4016 471 4075 in
490 4015 536 4075 ille
547 4023 628 4094 parte
642 4012 748 4085 iliadis,
764 4030 837 4091 quae
854 4009 973 4072 Menelai
989 4029 1056 4071 cunr
1071 4010 1261 4090 Hyperenore

102 4138 227 4200 pugnem
234 4119 334 4191 refert,
344 4116 419 4191 xlv,
429 4116 501 4189 516,
509 4115 586 4177 οιι11ε
595 4132 719 4195 prorsus
727 4112 837 4173 mentio
846 4113 920 4173 lacte
932 4120 985 4172 est.
1002 4111 1169 4173 Absolvitur
1180 4113 1258 4171 enim

100 4222 242 4284 ihiomnis
253 4221 386 4283 narratio
402 4218 450 4281 his
464 4218 609 4279 versibus:
621 4207 791 4297 Ἀτρείδης
807 4204 840 4275 δ’
856 4203 909 4295 ἄρ’
927 4204 1043 4273 ἔπειθ’
1057 4206 1261 4294 Ὑπερήνορα

99 4318 239 4405 ποιμένα
254 4322 347 4386 λαῶν
361 4309 444 4385 αι’πα
458 4315 544 4382 κατὰ
558 4314 720 4401 λαπάρην,
736 4311 795 4376 διὰ
811 4306 843 4376 d’
857 4306 970 4399 ἐνιερα
983 4310 1103 4393 χαλκὸς
1115 4304 1261 4396 ἄφυσσεν

99 4424 239 4513 ὄηώοας·
266 4424 360 4513 ψυχή
392 4418 431 4485 δὲ
454 4416 528 4485 κατ’
556 4413 734 4503 οὐταμένην
754 4410 892 4502 ὠτειλήν
914 4408 1025 4479 ἔσσυτ’
1047 4406 1260 4494 ἐπειγομένη,

1010 4519 1049 4577 η,
