3266 5140
842 450 904 512 424

774 538 976 550 ,-..----

296 652 410 706 tomam
424 660 583 723 agnoscere
599 639 654 703 visi
668 649 738 704 sunt
747 646 760 686 ⁴
769 640 807 716 ²).
845 637 916 702 ldihi
932 636 1083 717 probabile
1096 644 1155 712 cst,
1174 637 1253 717 quod
1268 635 1454 699 Grotelendio

298 764 415 827 quoque
435 744 555 824 placuit,
575 754 684 806 teutone
704 742 859 823 legendum
874 759 954 814 ease;
969 741 1047 820 quod
1064 741 1089 802 si
1104 739 1274 812 admittitur,
1294 758 1386 820 paene
1401 758 1455 819 pro

299 856 378 910 cerlo
394 847 604 919 contenderim,
618 845 691 907 nillil
706 846 783 908 aliud
798 844 845 906 his
860 843 955 906 verbis
971 842 1141 922 significari,
1157 859 1258 923 quam:
1285 861 1375 923 paena
1389 860 1455 904 cco-

297 955 370 1013 se'tor
383 950 506 1012 Bnno'ce
519 952 736 1011 enumerator
750 967 773 1010 s.
791 946 936 1029 populum
955 956 1075 1007 massot.
1118 945 1192 1007 Nam
1207 945 1285 1024 quod
1302 945 1456 1007 Grotelen-

298 1054 364 1115 dius
379 1073 409 1134 p.
425 1052 462 1115 18
479 1052 615 1132 opinatur
626 1061 736 1114 tortum
749 1052 778 1112 b.
791 1050 809 1111 l.
825 1050 922 1130 ipsum
936 1066 1057 1110 censum
1070 1048 1239 1128 significare,
1250 1066 1374 1127 prorsus
1386 1048 1455 1109 milri

297 1154 467 1217 incredibile
482 1153 603 1215 ridetur.
648 1153 780 1216 Primum
795 1152 873 1214 enim
889 1158 1119 1215 consentaneum
1135 1158 1187 1225 est,
1202 1169 1295 1230 quum
1311 1169 1455 1223 moment

298 1257 388 1319 verbo
405 1259 466 1329 int,
482 1275 537 1337 pro
552 1275 588 1317 eo
604 1256 683 1337 quod
697 1263 743 1317 est
758 1274 871 1317 ceram
885 1255 981 1317 Oscos
997 1253 1106 1315 dxissc
1119 1271 1193 1316 vera.
1207 1253 1248 1315 20
1264 1255 1456 1326 demonstret,

299 1361 490 1439 eiusdemque
510 1359 590 1421 verbi
610 1358 826 1421 subiunctivum
845 1358 970 1420 modum
985 1367 1116 1419 mosel
1128 1364 1231 1418 noster
1245 1356 1328 1418 loeus
1344 1360 1456 1427 ollerat,

298 1462 384 1541 isque
408 1462 458 1542 qui
478 1480 599 1523 censum
619 1461 679 1540 agit
696 1461 818 1523 nomine
836 1459 904 1521 inde
922 1459 1011 1522 ducto
1032 1469 1148 1521 coactor
1165 1459 1291 1533 dicatur,
1316 1458 1403 1520 etiam
1421 1459 1456 1519 ad

300 1564 398 1642 ipsum
423 1571 521 1626 actum
547 1563 684 1625 censendi
710 1563 922 1643 designandum
944 1579 1004 1623 non
1024 1561 1101 1623 alud
1121 1560 1292 1625 vocabulum
1318 1560 1456 1623 usitatum

299 1665 405 1738 luisse,
431 1684 520 1746 quam
538 1665 651 1728 verbale
670 1684 779 1727 nomen
798 1685 815 1727 a
836 1682 973 1727 ccusoosr
987 1664 1158 1738 deductum,
1184 1663 1214 1725 id
1228 1664 1308 1745 qnod
1323 1663 1456 1743 equidem

299 1767 372 1828 mibi
390 1785 550 1845 agnoscere
568 1768 669 1829 videor
687 1768 717 1829 in
741 1778 902 1830 contem
916 1785 991 1829 rere.
1004 1766 1122 1842 diist).
1166 1766 1276 1829 [lende
1290 1768 1371 1847 quod
1386 1784 1457 1846 pro·

248 1876 280 1927 tt
300 1875 386 1932 uocat
400 1869 606 1932 Grotelendius
624 1872 661 1933 ad
682 1891 707 1932 r.
720 1870 774 1945 21,
797 1870 847 1933 ubi
866 1870 969 1950 legitur
983 1869 1083 1932 toomd
1093 1870 1274 1949 pracsertim,
1300 1870 1381 1950 quod
1395 1869 1458 1948 ipse

299 1990 367 2033 esse
388 1972 461 2044 vult,
487 1976 520 2033 in
545 1991 632 2034 cenete
650 1973 836 2053 praesecet:
858 1973 930 2033 haec
950 1971 1149 2052 interpretatio
1170 1990 1294 2051 prorsus
1309 1972 1458 2034 arbitraria

299 2072 434 2152 nullaque
452 2072 595 2153 probabili
613 2073 726 2135 ratione
745 2074 1022 2148 commendatam,
1049 2073 1201 2154 multoque
1215 2074 1274 2135 reri
1288 2072 1457 2135 sinuliorem

300 2175 377 2236 illam
392 2195 458 2238 esse
472 2176 607 2249 arbitror,
622 2195 696 2256 quae
709 2176 805 2257 paullo
820 2183 888 2238 ante
901 2198 918 2239 a
932 2196 980 2239 me
995 2177 1149 2259 proposita
1162 2184 1216 2239 est
1239 2176 1312 2237 Nam
1327 2176 1406 2255 quod
1419 2175 1459 2235 ait

300 2280 479 2341 toctodesse
493 2279 552 2359 iq.
567 2273 603 2340 ἐν
615 2271 722 2355 τάξειε
738 2285 859 2360 apparet
872 2298 939 2341 eum
954 2280 1080 2360 aliquam
1095 2280 1301 2359 cognationem
1312 2278 1391 2340 Osco
1404 2296 1457 2337 vo-

302 2379 403 2443 cabulo
419 2400 487 2444 cum
502 2382 560 2443 hoc
574 2382 685 2443 Graeco
701 2382 878 2444 intercedere
892 2382 976 2457 velle3
997 2392 1027 2444 at
1040 2383 1119 2444 enim
1136 2399 1300 2461 perpraucos
1316 2381 1380 2442 lore
1393 2398 1458 2440 cre·

302 2484 340 2545 do
361 2485 411 2564 qui
431 2485 506 2546 banc
521 2486 725 2564 cognationem
741 2493 915 2565 agnoscant,
941 2485 1131 2566 omniumque
1146 2483 1267 2546 minime
1282 2482 1339 2562 ipsi
1354 2483 1458 2543 Grote-

301 2586 398 2650 lendio
425 2587 527 2650 licebat
551 2596 630 2650 tooto
650 2586 687 2648 ab
705 2587 805 2650 eadem
826 2587 932 2668 stirpe,
959 2587 1042 2649 cuius
1057 2594 1103 2648 est
1117 2586 1259 2649 Graecum
1275 2584 1459 2653 vocabulum,

301 2690 330 2751 b.
344 2710 368 2751 e.
385 2710 457 2773 ray,
469 2702 526 2771 top,
542 2702 621 2771 torp,
636 2696 779 2769 repetere,
794 2709 885 2771 quum
899 2690 954 2753 alio
969 2691 1049 2763 loco,
1066 2709 1094 2770 p.
1111 2692 1148 2752 to
1163 2698 1192 2751 ct
1210 2689 1261 2761 lo,
1276 2706 1377 2750 vorem
1392 2699 1460 2749 turr-

369 2913 412 2978 tt)
432 2915 488 2966 Vid.
502 2915 592 2967 iilenz.
605 2916 793 2983 ptinendi.

369 2999 410 3062 43)
429 3000 498 3053 Suae
507 3006 550 3069 pis
562 3007 707 3053 consternere
718 3007 761 3053 nea·
771 3004 877 3052 cebnust
887 2999 966 3052 dolud
976 2999 1073 3052 mollum
1084 3002 1107 3051 b.
1118 3016 1140 3050 e.
1153 3002 1177 3049 si
1188 3003 1245 3067 pra‘s
1253 3001 1280 3051 in
1293 3014 1397 3050 msice
1407 3015 1458 3049 non

301 3085 471 3148 (cidalaritl)
483 3086 540 3138 dolo
552 3086 629 3137 malo.
653 3085 802 3137 Grolelend.
814 3103 838 3152 p.
853 3085 884 3136 18
896 3086 1085 3150 „cenatomen,“
1097 3086 1184 3150 inquit,
1194 3085 1279 3147 „sicut
1289 3082 1458 3153 Fomenta,

301 3170 474 3239 doocxoepsev
489 3173 515 3222 iu
532 3171 644 3236 lguvinia
661 3171 752 3222 tabulis
770 3171 800 3236 ll,
817 3171 850 3221 20
868 3172 892 3222 iu
911 3186 970 3221 caan
988 3172 1180 3222 determinative
1197 3170 1306 3237 positum
1317 3173 1459 3222 waureio

302 3256 455 3319 significat.“
477 3257 544 3308 idem
557 3272 602 3322 pro
614 3258 728 3323 coornet,
740 3259 805 3324 qued
818 3257 843 3308 in
856 3256 971 3322 exemplo
986 3256 1086 3307 tabnlm
1104 3256 1175 3306 flant.
1188 3256 1251 3307 satis
1264 3255 1382 3307 distincte
1394 3256 1458 3305 scri·

301 3348 370 3406 ptura
387 3347 471 3405 catat,
488 3342 645 3405 afb(e)nart
659 3342 755 3407 poenit,
774 3343 847 3408 idque
862 3343 1025 3408 compositura
1040 3356 1098 3392 esne
1115 3342 1172 3393 vult
1187 3358 1202 3392 e
1217 3340 1458 3408 praepositionem,

302 3441 365 3490 quae
378 3433 436 3476 ante
452 3427 505 3477 bin
514 3428 547 3493 qs
560 3433 683 3487 mutetur,
700 3434 726 3477 et
742 3428 827 3479 futuro
845 3435 935 3478 exacto
952 3430 1056 3491 bonust,
1073 3428 1140 3492 quod
1151 3427 1176 3477 in
1189 3426 1240 3478 tals.
1252 3425 1322 3491 igar.
1334 3424 1375 3491 Vl,
1389 3439 1412 3487 a,
1424 3425 1457 3475 bd

303 3516 425 3580 operatios
429 3512 520 3577 sarrit
531 3511 663 3577 significat.
688 3512 773 3580 ltaque
784 3520 897 3565 nostrum
909 3514 991 3563 locum
1001 3512 1138 3563 convertit:
1151 3514 1177 3562 sr'
1186 3515 1243 3578 pair
1254 3528 1290 3563 ece
1301 3514 1396 3563 cordio
1407 3527 1457 3562 non

301 3598 443 3647 sereonas
460 3597 517 3648 dolo
529 3597 605 3647 malo
629 3597 666 3647 De
680 3598 794 3651 Umbrica
806 3600 884 3650 verbo
897 3601 988 3649 berrat
999 3598 1057 3647 nolo
1070 3614 1135 3648 nunc
1144 3599 1302 3663 contendere,
1313 3613 1457 3665 ququam

303 3683 517 3747 persuasissimum
539 3683 632 3747 babeo,
653 3684 728 3734 eliam
746 3685 800 3735 eius
817 3684 1023 3749 significationem
1040 3699 1098 3734 esse
1115 3698 1187 3751 quarn
1209 3699 1271 3749 qaae
1293 3682 1457 3736 Grotelendio

301 3767 407 3833 placuit3
425 3769 469 3817 sed
485 3769 612 3819 audaciam
631 3770 740 3820 muuudi
758 3770 817 3821 Osci
833 3770 905 3820 verbi
922 3770 987 3836 quod
1004 3785 1052 3819 uon
1070 3768 1211 3833 intelligar,
1228 3769 1414 3836 rodegandique
1425 3770 1456 3821 ad

302 3851 449 3915 Umbricum,
463 3853 522 3904 item
534 3854 648 3919 precario
661 3856 738 3917 magia
752 3870 823 3921 quam
835 3871 867 3905 er
880 3854 1011 3905 intellectu
1023 3855 1225 3921 interpretatum,
1236 3854 1299 3906 satia
1310 3856 1395 3906 mirari
1408 3870 1457 3905 non

300 3952 409 4002 possum.
434 3937 515 3989 Porro
532 3939 553 3989 si
569 3956 656 3990 verum
673 3948 727 4003 cat,
745 3941 810 4006 quod
823 3939 921 3990 Grotcl.
939 3941 1021 4007 placet
1033 3957 1078 3991 nec
1089 3941 1147 3991 mibi
1162 3940 1285 4006 displicet,
1297 3940 1459 4010 Fourxoupsev

300 4020 383 4073 Umbr.
404 4021 550 4086 significare
566 4028 593 4074 in
607 4026 677 4089 foco,
699 4040 729 4074 co
747 4024 827 4074 minua
845 4025 965 4076 credibile
981 4027 1022 4089 llt,
1039 4030 1185 4077 mortemon
1201 4041 1250 4076 uon
1266 4028 1294 4076 in
1305 4040 1384 4077 censu
1394 4042 1420 4076 v.
1431 4029 1457 4076 ira

299 4122 417 4171 censum,
434 4109 478 4158 sed
493 4124 521 4158 rr
534 4113 629 4159 canuto
641 4109 792 4173 siguificare,
805 4117 833 4159 ut
845 4111 931 4161 eadem
944 4112 999 4162 sive
1012 4112 1153 4162 terminatio
1166 4111 1220 4162 aive
1232 4125 1357 4177 paragoge
1370 4111 1457 4162 etvini

299 4192 499 4258 praepositiones
516 4195 543 4243 a'n
561 4200 587 4243 et
603 4195 660 4244 huie
676 4193 826 4244 contrariam
843 4197 1036 4263 praepositionis
1054 4214 1088 4249 ac
1105 4197 1196 4247 babere
1214 4196 1340 4248 credatm.
1366 4196 1456 4263 Quidni

301 4277 384 4343 potius
397 4279 421 4329 in
435 4280 472 4329 bis
484 4280 571 4330 lormis
581 4279 792 4346 praepositionem
804 4283 961 4344 ugncaciuaus
974 4284 1153 4350 postpositam?
1166 4283 1233 4333 sicut
1242 4298 1291 4351 per
1302 4284 1327 4333 iu
1340 4281 1456 4335 Umbrica

301 4378 416 4416 sermone
429 4380 504 4432 supra
516 4365 631 4416 vidimus.
658 4364 768 4416 Verbum
780 4368 897 4431 reborari,
910 4368 1025 4434 quoniam
1038 4375 1109 4420 certe
1122 4368 1245 4435 explicari
1258 4384 1306 4419 non
1318 4374 1412 4436 potest,
1425 4384 1457 4419 ex

301 4451 445 4501 coniectura
458 4451 579 4512 converti,
592 4457 667 4517 prout
679 4452 808 4502 contendi
820 4453 1031 4505 accommodatum
1042 4453 1183 4505 videbatur.
