3266 5140
708 480 766 540 unt

163 667 314 747 partititus
329 675 383 741 eet,
399 674 494 728 totum
509 666 687 745 significans,
695 666 979 746 deincepsinpartes
992 683 1061 726 suos
1073 664 1321 739 distribuendum

162 779 233 832 sunt
247 777 345 832 antem
360 768 415 831 hae
429 776 526 850 partes
541 769 682 849 primum,
697 788 749 831 eae
763 787 821 842 res,
837 786 912 848 quae
926 767 990 829 sine
1004 768 1101 829 animo
1113 775 1183 828 sunt
1194 775 1244 829 aut
1257 785 1319 829 non

161 873 254 934 multo
270 890 365 948 seens3
380 871 485 933 deinde
498 871 607 933 bestiae
623 873 765 953 quaedam
780 870 977 951 generosioris
995 870 1111 946 indolis,
1127 871 1252 950 denique
1262 871 1319 932 ho-

163 974 269 1036 mines.
299 973 418 1036 Poterat
439 973 527 1053 igitur
541 973 641 1036 Cicero
665 974 752 1037 etiarn
768 974 799 1036 in
812 974 891 1037 hunc
906 974 1026 1036 modum
1043 973 1184 1036 scribere:
1207 973 1319 1036 Etenim

162 1095 201 1138 en
215 1075 351 1140 ommim
368 1076 469 1147 rebus,
485 1095 558 1157 quos
576 1088 603 1138 et
622 1088 702 1140 creet
715 1087 825 1139 notura
840 1088 867 1139 et
881 1087 990 1148 beetur,
1007 1096 1080 1158 quea
1094 1111 1136 1121 —
1150 1095 1254 1138 eorum
1267 1112 1319 1138 -.

162 1178 324 1242 Relatirum
339 1197 505 1260 pronomen
520 1178 759 1255 demonstrativo,
774 1181 809 1242 ad
825 1181 904 1260 quod
918 1180 1054 1255 refertur,
1069 1180 1214 1260 praemitti
1229 1179 1320 1242 usita-

162 1291 225 1344 tum
241 1291 296 1356 est,
312 1290 341 1344 et
355 1282 492 1344 hocloco
508 1282 659 1362 aptissime
675 1284 792 1345 sactum.

248 1384 316 1464 Cap.
336 1386 384 1458 15,
400 1389 418 1459 S
435 1385 485 1446 43.
514 1382 608 1445 Porci
626 1388 768 1446 virtutum
787 1384 966 1455 simulacris,
987 1403 1113 1464 quorum
1127 1389 1159 1446 tie
1173 1404 1202 1447 se
1216 1384 1321 1448 tates

162 1491 282 1559 semisse
298 1490 359 1548 aine
375 1487 509 1549 doctrino
522 1497 685 1548 moveatur.
717 1487 792 1548 Sunt
811 1487 964 1548 simulacra
984 1488 1122 1549 virtutum
1139 1506 1189 1548 eae
1204 1488 1319 1549 animo·

162 1602 229 1652 rum
244 1590 425 1662 affectiones,
440 1608 514 1670 quae
535 1608 626 1669 quum
641 1608 708 1650 vere
723 1590 844 1651 virtutes
863 1587 960 1651 vocari
980 1607 1041 1651 non
1056 1589 1188 1669 possint,
1209 1589 1320 1651 similes

164 1702 260 1755 tamen
275 1692 428 1755 virtutibus
445 1701 523 1754 sunt.
567 1692 641 1754 Nam
661 1692 751 1755 virtus
772 1710 845 1772 quae
859 1710 926 1753 rere
940 1691 996 1754 dici
1012 1692 1122 1772 possit,
1141 1711 1203 1754 non
1222 1692 1320 1755 existit
1342 1708 1367 1757 tt

163 1795 219 1856 nisi
234 1794 346 1857 ratione
361 1796 502 1877 periecta3
516 1795 548 1857 in
562 1795 598 1856 iis
613 1803 723 1869 antem
745 1813 870 1875 quorum
885 1795 1017 1858 nondum
1034 1796 1161 1875 perfecta
1174 1796 1249 1858 ratio
1265 1804 1319 1867 est,

163 1897 356 1960 adumbratur
381 1895 585 1959 tantummodo
607 1898 714 1970 virtus,
736 1906 840 1978 estque
859 1896 966 1977 aliquid
990 1898 1087 1958 simile
1107 1898 1236 1972 virtutis,
1259 1917 1321 1960 non

164 2008 261 2062 autern
277 2001 341 2081 ipsa
356 2001 446 2063 virtus
461 2017 608 2079 expressa.
640 1998 778 2061 Similiter
798 2000 835 2061 de
854 1999 937 2061 (ibic.
953 1998 973 2073 1,
992 2001 1039 2073 15,
1055 2002 1110 2062 46:
1131 2004 1242 2062 vivitur
1260 2019 1322 2063 ooo

164 2122 232 2165 cum
247 2104 385 2184 perfectis
403 2101 567 2169 boou'cibus
583 2100 725 2181 pleneque
744 2101 934 2182 sapientibus,
953 2103 1003 2163 sed
1022 2121 1088 2163 com
1106 2105 1157 2175 iis,
1168 2106 1201 2164 r'o
1219 2101 1322 2182 qutidm

160 2205 317 2286 praeclare
338 2209 436 2286 egitur
457 2208 485 2267 si
503 2214 571 2265 sunt
590 2201 752 2264 simulacro
772 2207 898 2266 virtutis.
936 2210 1037 2283 estque
1058 2205 1130 2266 baec
1148 2203 1320 2282 significatio

164 2309 236 2370 adeo
253 2316 366 2389 aperta,
384 2315 417 2370 nt
434 2307 480 2368 vix
499 2305 629 2368 videatur
644 2324 819 2387 quemquam
838 2307 928 2368 latere
942 2306 1084 2386 potuisse.
1114 2305 1263 2368 Convertit
1277 2315 1320 2369 ta-

164 2429 233 2473 men
247 2411 394 2490 interpres
413 2408 566 2471 Verbilder
581 2410 634 2471 der
650 2406 809 2488 inpendero,
825 2415 858 2469 ut
871 2417 921 2471 ant
934 2409 1096 2470 emonem
1112 2428 1166 2488 pro
1182 2410 1322 2491 ecemplr's

164 2514 313 2592 accepisse
328 2510 475 2593 putandus
492 2512 545 2587 sit,
564 2520 613 2573 ant
635 2510 780 2574 diversam
800 2509 982 2589 germanicae
1000 2511 1063 2574 voci
1080 2511 1320 2591 significationem

165 2614 302 2678 tribuisse
316 2614 352 2677 ab
367 2634 416 2689 ea,
431 2633 488 2695 qua
501 2613 638 2694 usurpari
652 2613 688 2676 ab
704 2612 843 2675 omnibus
858 2613 945 2676 solet:
968 2614 1047 2693 quod
1063 2614 1088 2675 si
1103 2614 1183 2686 iecit,
1207 2615 1322 2696 impro-

163 2717 293 2779 bandum
309 2726 354 2780 eat
367 2734 556 2798 magnopere.
585 2717 658 2778 Nam
673 2715 1132 2796 nemoistaminterpretationom
1146 2716 1245 2797 legens
1260 2736 1321 2779 non

163 2819 240 2882 alind
255 2839 272 2880 a
287 2819 427 2882 Cicerone
441 2819 552 2881 dictum
567 2819 673 2895 credet,
687 2837 775 2899 qnam
791 2819 871 2899 qnod
885 2837 951 2880 vere
965 2817 1075 2880 dictum
1091 2827 1146 2880 est.

250 2920 308 2983 Sed
322 2921 395 2984 haec
410 2922 529 3003 quidem
544 2923 699 2984 hactenus:
711 2921 796 3001 plura
810 2921 888 2982 enim
904 2920 1063 3002 quominus
1079 2921 1231 2995 addamus,
1248 2930 1322 2983 tem-

164 3042 239 3104 pore
258 3023 446 3086 excludimur.
477 3024 577 3086 Restat
595 3024 694 3104 igitur,
713 3030 745 3087 ut
766 3024 840 3095 Vos,
868 3023 1104 3099 Commilitones,
1127 3024 1162 3086 ad
1185 3024 1321 3087 seriarum

165 3126 259 3188 otinrn
274 3126 428 3189 salubriter
442 3135 471 3188 et
485 3144 554 3189 cum
569 3128 666 3188 fructu
680 3125 883 3206 usurpandum
904 3125 1100 3201 dimittamus,
1116 3145 1174 3207 quo
1190 3146 1260 3189 mox
1274 3146 1322 3189 re-

165 3229 248 3290 iectis
270 3227 379 3290 viribus
398 3229 593 3307 recreatisque
612 3228 718 3290 animis
733 3245 843 3290 novum
858 3227 1026 3291 scholarum
1042 3229 1219 3291 curriculum
1234 3229 1324 3309 impi-

164 3349 216 3410 gre
231 3330 388 3393 nobiseum
402 3330 615 3411 ingrediamini.
645 3331 751 3394 Valeto.

249 3432 342 3496 Scrib.
358 3431 602 3515 Gryphbwaidise
617 3452 641 3496 a.
657 3433 687 3495 d.
701 3432 749 3495 111.
764 3432 824 3496 Kab
841 3432 920 3514 Sept.
937 3431 1133 3496 MDCCGXLI.
