3154 5138
779 379 979 476 aa..

300 567 385 643 dunt,
404 576 437 629 ut
455 586 522 629 eum
543 584 723 648 suspensum
742 585 808 628 esse
827 565 925 628 dicant
943 565 980 627 ab
1001 566 1133 629 oratione
1150 567 1279 649 oblique,
1299 569 1406 631 nescire
1419 589 1449 631 se

301 671 469 745 ostendunt,
482 688 627 751 quasnam
643 670 714 733 haee
724 677 874 739 structura
892 670 970 750 leges
986 669 1102 745 habeat,
1124 689 1179 751 qua
1200 672 1236 733 de
1254 689 1286 732 re
1299 689 1376 732 nunc
1388 670 1450 752 qui·

300 774 369 835 dem
383 774 503 853 longum
519 780 565 833 est
579 771 683 834 dicere.
715 773 801 847 Quod
817 781 912 834 autem
929 773 1061 835 nonnulli
1073 773 1261 836 scribendum
1273 782 1451 847 censuerunt,

299 876 466 958 quoniam
481 875 654 956 pestifera
669 884 758 937 suut
770 875 907 948 multis,
928 876 1116 937 admodum
1130 876 1255 956 paucis
1271 876 1453 950 salutaria,

252 990 283 1040 οῖ
301 978 367 1041 licet
381 997 442 1041 non
457 987 553 1041 careat
566 978 649 1043 omui
663 978 797 1041 codicum
813 980 993 1054 auctoritate,
1008 989 1108 1042 tamen
1122 980 1300 1043 hauddubie
1315 999 1453 1062 spernen-

300 1082 372 1144 dum
391 1090 448 1157 est,
469 1081 608 1162 quoniam
627 1101 700 1162 quae
715 1082 811 1161 posita
831 1092 901 1144 sunt
918 1082 1052 1157 nomina,
1071 1083 1203 1163 quamds
1222 1101 1348 1145 numero
1369 1083 1456 1164 plura,

300 1184 387 1247 unius
403 1194 514 1247 tantum
531 1184 581 1259 rei,
595 1185 625 1245 h.
642 1203 668 1244 e.
683 1183 805 1246 rationis
820 1184 877 1246 vim
893 1195 922 1247 et
937 1185 1089 1248 notionem
1104 1185 1363 1259 circumscribunt3
1380 1187 1455 1266 quod

298 1287 349 1350 ubi
362 1288 403 1363 fit
419 1287 497 1350 umbi
512 1305 667 1349 numerum
684 1287 859 1367 singularem
875 1288 946 1368 poni
962 1298 1190 1352 consentaneum
1205 1298 1261 1352 est.
1303 1289 1367 1351 Vid.
1383 1289 1458 1350 Goe-

298 1409 377 1453 renz.
393 1392 430 1453 ad
445 1391 503 1453 Cic.
519 1390 607 1452 dead.
623 1389 658 1461 li,
678 1391 705 1463 1,
725 1391 739 1450 1
758 1398 788 1451 et
801 1389 900 1472 Reisig
914 1391 1063 1453 Praelectt.
1079 1410 1107 1470 p.
1122 1391 1193 1454 323.

385 1496 455 1575 Cap.
471 1493 590 1567 xxxo,
617 1492 667 1555 79.
691 1492 868 1555 nonenim
888 1493 1029 1572 ignoro,
1049 1494 1172 1575 quanti
1192 1495 1271 1556 eius
1289 1494 1459 1575 (providen-

298 1598 370 1674 tiae)
385 1615 514 1658 nomen
530 1594 674 1676 putetis.
719 1595 892 1658 Rectissime
911 1595 1043 1657 Davisius
1064 1614 1193 1659 numen
1212 1598 1316 1678 potius
1331 1597 1458 1659 scriben-

298 1701 367 1761 dum
384 1718 450 1761 esse
464 1698 613 1772 iudicavit,
629 1718 716 1779 quam
733 1699 979 1773 emendationem,
998 1699 1134 1762 Ernestio
1150 1711 1315 1781 quoquest
1330 1701 1461 1780 Wptteu-

297 1803 399 1865 bachio
416 1803 579 1884 probatam,
594 1802 727 1881 equidem
740 1803 816 1865 haud
829 1811 998 1865 cunctanter
1008 1802 1205 1882 recipiendam
1218 1803 1299 1877 duxi,
1313 1802 1387 1865 nilrii
1398 1822 1460 1862 mo·

298 1918 345 1968 tus
354 1905 515 1968 Heindortii
523 1904 669 1980 dissensu,
685 1905 732 1985 qui
749 1905 995 1967 tuncCiceronem
1013 1904 1056 1966 sie
1069 1905 1169 1985 potius
1180 1906 1366 1986 scripturum
1375 1905 1463 1967 inisse

298 2009 461 2071 contendit:
484 2017 651 2090 quantum
675 2007 750 2070 eius
773 2026 899 2069 numen
920 2007 1070 2087 putetis;
1093 2007 1123 2069 in
1144 2027 1202 2088 quo
1224 2018 1327 2071 tamen
1342 2026 1463 2072 sensum

297 2112 394 2175 inesse
409 2112 447 2174 ait
461 2113 496 2174 ab
511 2113 647 2174 hocloco
664 2110 798 2172 alienum.
836 2111 912 2172 llaec
927 2110 997 2172 mihi
1013 2121 1122 2173 temere
1136 2112 1278 2193 nullaque
1293 2112 1409 2175 ratione
1424 2111 1463 2172 ia-

298 2226 342 2278 cta
357 2216 499 2277 videntur.
544 2214 643 2275 Potuit
658 2213 757 2276 Cicero
772 2213 883 2274 utrovis
900 2212 990 2273 modo
1005 2213 1095 2293 ioqui.
1134 2214 1208 2276 Nam
1224 2234 1322 2295 quum
1337 2230 1465 2277 numen

298 2319 418 2399 proprie
433 2318 489 2379 rim
502 2328 532 2379 et
545 2324 719 2396 potestatem
735 2315 891 2395 significet,
908 2315 1019 2395 quidni,
1035 2325 1067 2377 ut
1082 2334 1245 2397 magnum
1264 2336 1410 2392 numen,
1426 2317 1466 2378 sic

298 2421 383 2482 etiam
405 2431 572 2501 quantum
592 2439 734 2492 numen,
756 2427 889 2481 tantum
906 2437 1033 2480 numen
1049 2418 1105 2480 dici
1120 2418 1226 2480 licoat?
1266 2421 1373 2501 Neque
1388 2419 1466 2500 qun·

298 2543 384 2604 quam
405 2524 579 2586 sententiam
596 2521 631 2583 ab
650 2522 709 2583 iroc
725 2522 790 2584 loco
811 2523 934 2584 alienam
950 2520 1101 2583 iudicabit:
1117 2540 1231 2602 „quam
1250 2542 1395 2602 maguam
1412 2523 1467 2582 rim

298 2646 333 2688 ac
349 2636 524 2708 potestatem
544 2625 743 2707 providentiae
762 2625 898 2705 putetis.“
941 2624 1007 2685 Nou
1031 2624 1130 2685 miuus
1146 2632 1249 2687 autem
1265 2644 1385 2689 numen
1400 2643 1468 2705 pro·

298 2730 440 2791 ridentiae
454 2730 509 2791 dici
525 2729 621 2809 potuit
636 2728 751 2808 magni
767 2729 873 2807 putari,
888 2728 967 2808 quod
980 2727 1047 2807 quid
1060 2736 1106 2788 est
1119 2727 1206 2802 aliud,
1223 2747 1321 2808 quam
1333 2745 1468 2809 magnam

298 2832 335 2893 de
351 2852 385 2893 eo
401 2832 645 2894 existimationem
662 2828 751 2893 esso?
794 2831 831 2892 Et
846 2830 1032 2910 quantumvis
1048 2829 1151 2910 aliquis
1166 2831 1259 2910 pretii
1276 2830 1471 2913 significatio-

299 2952 374 3008 nem,
389 2955 462 3015 quae
476 2935 552 2996 inest
567 2935 596 2995 in
612 2934 657 2994 ilia
670 2933 805 3008 formula,
821 2934 980 3012 ungendam
995 2943 1124 2996 censeat:
1145 2934 1358 3013 providentioe
1374 2932 1471 2995 omnia

297 3036 445 3117 sapienter
464 3036 583 3099 numine
608 3056 663 3098 suo
689 3036 799 3117 regenti
819 3054 957 3116 magnum
978 3036 1103 3116 pretium
1120 3056 1136 3098 a
1152 3037 1268 3099 Stoicis
1286 3038 1383 3101 tribui
1397 3046 1472 3099 reete

297 3139 374 3202 haud
391 3139 477 3202 dubie
496 3139 686 3203 Academicus
707 3140 803 3201 dicere
817 3139 920 3219 potuit
965 3142 1059 3220 Atque
1074 3138 1187 3201 etiamsi
1204 3159 1280 3202 euna
1297 3138 1470 3203 Heindorfio

297 3242 408 3309 scribas
423 3241 546 3323 quanti
561 3242 636 3305 eius
652 3260 779 3304 nomen
794 3242 942 3322 putetis:
957 3260 1057 3304 nonne
1072 3261 1200 3304 nomen
1216 3243 1474 3325 providentiae

297 3365 350 3427 per
374 3345 686 3426 circumloquutionem
714 3365 768 3426 pro
794 3345 859 3425 ipsa
877 3344 1060 3426 prouidentia
1079 3345 1190 3408 dictum
1212 3345 1299 3410 erit?
1346 3345 1475 3411 Manebit

296 3450 385 3529 igitur
405 3449 448 3512 sic
470 3469 588 3530 quoque
610 3448 708 3510 eadem
732 3449 888 3522 sententia,
910 3459 943 3510 ut
958 3448 1157 3529 providentiae
1174 3436 1332 3532 magnum
1348 3451 1474 3533 pretium

297 3558 438 3617 statutum
461 3574 528 3616 esse
550 3553 670 3614 dicatur.
708 3552 766 3613 Sed
789 3551 874 3614 istam
898 3552 1217 3632 circumloqnutionem
1246 3555 1324 3619 huic
1344 3550 1475 3619 sermoni

296 3667 395 3739 aptam
410 3675 551 3720 essenon
571 3675 641 3719 sane
660 3655 778 3735 pronai
800 3665 898 3736 potest
918 3675 991 3729 uno,
1011 3656 1090 3737 quod
1106 3656 1308 3722 Heindortius
1324 3662 1424 3731 affert,
1443 3674 1474 3717 er

297 3760 407 3823 Graeco
418 3768 504 3841 poeta
518 3760 666 3839 exemplo,
681 3760 749 3821 Eur.
766 3760 876 3821 Phoen.
893 3780 918 3820 v.
937 3760 1031 3821 1696:
1047 3746 1075 3820 ni
1089 3751 1258 3845 φίλτατον
1275 3753 1349 3847 δῆτ’
1373 3752 1476 3840 ὄνομα

294 3855 514 3937 Πολυνείκους
535 3854 620 3942 ἐμοί.
665 3863 783 3925 Poterat
796 3861 900 3924 similia
914 3861 1010 3935 iatine,
1026 3863 1078 3924 sed
1095 3871 1270 3942 poetarum,
1287 3865 1372 3945 apud
1388 3865 1475 3925 Bent-

200 3976 202 3983 “
294 3950 383 4027 leium
398 3965 527 4027 invenire
548 3966 583 4026 ad
601 3964 699 4027 Horat.
716 3966 811 4026 Carm.
828 3965 877 4038 111,
893 3965 948 4040 27,
966 3964 1014 4025 34.
1052 3963 1142 4044 Heyn.
1164 3964 1202 4026 ad
1236 3962 1353 4029 Tibull.
1376 3964 1431 4043 111,
1450 3968 1476 4037 4,

295 4069 346 4131 61.
363 4102 404 4112 —-
416 4067 618 4130 defendendae
633 4075 729 4129 mmen
746 4066 879 4128 iectionis
896 4068 1022 4146 vulgatae
1037 4067 1206 4129 hanoniam
1224 4070 1369 4133 relictam
1386 4064 1477 4140 rideo,

295 4178 328 4231 ut
342 4170 377 4232 ab
393 4169 565 4232 Academico
581 4188 705 4232 nomen
721 4171 921 4250 providentiae
935 4178 1090 4251 propterea
1106 4169 1222 4232 dictum
1240 4184 1434 4247 statuamus,
1448 4179 1477 4232 ut

295 4272 472 4352 significaret
486 4271 698 4353 providentiam
713 4271 798 4333 istam
815 4272 982 4335 Stoicorum
999 4273 1054 4334 sibi
1069 4291 1101 4334 re
1120 4291 1187 4335 vera
1203 4276 1329 4339 nullam
1352 4288 1423 4339 es'se
1436 4274 1475 4334 ri·

294 4375 364 4449 deri,
380 4376 432 4437 sed
449 4394 559 4437 nomen
575 4384 687 4438 tantum
703 4376 798 4449 inane,
815 4366 923 4452 ἄλλως
944 4367 1048 4456 ὄνομα
1069 4371 1126 4438 καὶ
1149 4365 1214 4438 οὐκ
1240 4370 1355 4463 ἔργον.
