3284 5152
850 477 964 576 Q

307 670 383 731 hane
407 667 576 750 opinionem
597 686 661 731 esse
682 668 726 729 rel
744 684 909 749 pronomen
930 666 1115 730 indefinitum
1134 662 1184 741 τὶς
1208 685 1330 748 arguere
1345 666 1469 743 ridetur,

307 771 385 851 quod
401 770 469 832 addi
484 770 525 833 sic
539 789 599 832 non
614 771 719 852 potuit,
735 770 792 832 nisi
807 769 926 831 Orestes
940 770 1104 853 appellativi
1119 770 1248 832 nominis
1261 771 1356 832 instar
1375 780 1469 847 esset3

307 891 402 955 neque
417 873 540 935 alterum
556 874 643 936 huius
659 872 788 935 nominis
809 872 977 953 aequalibus
996 872 1166 935 hominihus
1187 879 1221 934 ut
1240 873 1350 954 proprii
1370 874 1468 954 impo-

305 975 354 1037 siti
369 974 537 1057 exemplum
553 984 649 1038 extare
664 975 834 1054 meminilt.
852 974 1032 1057 Usnrpatnm
1044 982 1142 1038 autem
1154 992 1208 1056 pro
1219 976 1390 1057 appellativo
1404 994 1470 1038 esse

244 1124 246 1128 -
306 1079 343 1140 ad
363 1078 557 1159 designandos
576 1078 711 1141 homines
731 1078 859 1141 furiosos
879 1097 940 1140 non
959 1095 1020 1140 nno
1041 1078 1175 1158 exemplo
1196 1078 1352 1141 discimus:
1372 1096 1470 1161 neque

307 1180 335 1242 id
351 1199 408 1261 qna
422 1180 535 1243 ratione
550 1181 613 1242 fieri
627 1180 757 1262 potuerit
772 1180 910 1261 cuiquem
926 1181 1084 1243 obscurum
1100 1180 1165 1242 erit.
1187 1180 1236 1243 Sic
1250 1181 1340 1261 igitur
1353 1181 1468 1244 Aristo-

306 1283 410 1363 phanis
425 1291 519 1345 aetate
532 1283 682 1345 famosum
698 1282 845 1364 quendam
860 1290 1058 1364 grassatorum
1073 1282 1174 1357 lesisse,
1196 1284 1255 1355 cui,
1278 1284 1346 1365 quia
1367 1285 1469 1348 lurore

307 1385 407 1466 agitari
422 1386 589 1460 ridebatis,
610 1386 680 1448 illud
696 1403 859 1465 cognomen
875 1386 960 1465 vulgo
974 1386 1190 1466 imponeretur,
1211 1385 1300 1447 etiam
1314 1404 1350 1448 ex
1363 1386 1469 1450 Avium

308 1505 394 1550 versu
409 1488 471 1549 712
487 1487 659 1567 colligimus,
674 1488 726 1550 ubi
740 1489 823 1551 laeua
838 1488 864 1548 ei
877 1487 1007 1568 paranda
1021 1506 1085 1549 esse
1099 1488 1214 1562 dicitur,
1231 1484 1286 1549 ἵνα
1299 1484 1346 1572 μὴ
1369 1490 1470 1573 ῥιγῶν

307 1581 451 1674 ἀποδύῃ,-
473 1590 501 1651 h.
519 1609 544 1652 e.
558 1608 595 1652 ne
609 1590 707 1671 algens
728 1591 791 1671 ipse
811 1591 884 1652 alios
907 1589 1027 1670 spoliet:
1046 1590 1177 1671 itemque
1197 1591 1228 1651 iu
1244 1591 1347 1653 eadem
1370 1591 1483 1653 fabula*

306 1710 332 1753 v.
354 1693 433 1754 1499
447 1693 587 1773 legimus:

508 1840 539 1911 οἱ
560 1843 621 1930 γὰρ
643 1841 772 1927 ἐντύχοι
793 1868 846 1923 τις
867 1840 937 1932 ἥρῳ

509 1951 574 2012 τῶν
595 1946 723 2031 βροτῶν
744 1943 867 2034 νύκτωρ
887 1941 1031 2034 Ὀρέστῃ,

511 2047 629 2134 γυμνὸς
652 2040 691 2135 ἦν
714 2048 854 2136 πληγεὶς
874 2043 930 2113 ὑπ’
954 2042 1066 2119 αὐτοῦ.

308 2226 325 2272 a
339 2207 495 2271 scholiasta
509 2214 608 2271 autem
623 2209 766 2271 docemur
779 2208 956 2271 Timocratis
970 2208 1123 2271 cuiusdam
1134 2208 1227 2271 filium
1243 2208 1402 2289 designari,
1420 2208 1469 2272 cui

307 2313 457 2394 quodnam
472 2312 624 2392 proprium
638 2329 749 2374 nomen
763 2311 861 2385 inerit,
876 2312 922 2373 ille
937 2328 999 2373 non
1014 2311 1130 2374 addidit.
1158 2312 1293 2393 suppleri
1310 2312 1367 2374 hoc
1383 2312 1469 2375 Vale-

306 2415 377 2488 sius,
392 2414 428 2475 ad
444 2412 702 2496 Harpocrationem
719 2434 748 2495 p.
765 2413 827 2476 317
842 2413 917 2489 (499
933 2414 979 2476 ed.
994 2414 1102 2495 Lipsi,
1122 2432 1209 2494 posse
1230 2414 1341 2496 putarit
1361 2434 1396 2477 ex
1416 2415 1470 2478 'li-

308 2516 410 2578 moclis
425 2517 585 2589 comoedia,
602 2535 676 2595 quae
688 2509 1019 2601 Ὀρεσταυτοκλείδης
1033 2517 1172 2597 inscripta
1188 2525 1264 2579 crat:
1286 2536 1393 2600 nempe
1408 2517 1469 2580 llu-

307 2619 446 2681 toclidem
462 2619 554 2681 luisse
570 2618 657 2681 illum
671 2618 847 2681 Timocratis
863 2619 965 2680 lilium.
995 2619 1027 2680 ld
1043 2627 1142 2682 autem
1165 2621 1324 2700 quominus
1345 2621 1471 2704 accipia-

308 2741 376 2784 mus
391 2723 488 2785 obstat
499 2726 578 2783 aetas
590 2720 737 2793 Timoolis,
751 2739 839 2801 quem
853 2720 1060 2784 Demosthenis
1071 2723 1222 2802 aequalem
1233 2722 1323 2786 fuisse
1334 2743 1369 2786 ex
1380 2725 1471 2786 otthe—

308 2825 443 2897 naeon,
459 2843 487 2904 p.
504 2823 614 2884 2141.
638 2832 668 2884 et
687 2824 734 2887 Ps.
755 2824 902 2886 Plutarch.
924 2824 1029 2886 vittll
1049 2833 1135 2887 oratt.
1158 2846 1185 2907 p.
1208 2825 1269 2888 845
1291 2827 1323 2888 Β.
1342 2835 1471 2908 apparet.

309 2927 367 2989 Sed
383 2927 486 2989 eadem
502 2933 596 2988 aetate
611 2926 700 2988 alium
716 2927 862 3006 quendam
880 2928 1061 2999 invenimus,
1083 2927 1211 2991 Dioolem
1231 2928 1421 3009 Phlyensem,
1441 2931 1472 2991 in

312 3030 384 3092 lsaei
409 3048 452 3091 or.
479 3027 550 3090 Vlll.
570 3032 598 3104 8.
627 3028 656 3103 3,
692 3028 764 3090 item
786 3027 921 3090 Orestem
942 3027 1183 3108 cognominatum
1203 3038 1324 3113 propter
1343 3031 1470 3095 similem

310 3133 437 3195 fortasse
451 3150 577 3195 causam.
607 3131 739 3211 Denique
754 3131 843 3193 etiam
859 3149 875 3191 a
891 3132 1024 3194 Romano
1043 3140 1145 3211 poeta,
1163 3132 1281 3207 Persio,
1303 3153 1357 3214 pro
1377 3133 1472 3198 insani

312 3235 439 3297 hominis
454 3235 647 3317 appellatione
662 3233 795 3296 Orestem
811 3234 947 3316 usurpari
962 3233 1103 3307 videmus,
1121 3235 1181 3297 Sat.
1197 3236 1246 3307 lll,
1266 3236 1339 3298 118:

513 3335 677 3398 Scintillant
691 3335 777 3409 oculi,
793 3336 923 3417 dicisque
938 3336 1068 3416 facisque
1084 3338 1161 3416 quod
1176 3338 1240 3421 ipse

511 3456 572 3501 non
588 3438 650 3499 soni
662 3457 728 3499 esse
742 3438 869 3501 hominis
884 3456 944 3499 non
959 3456 1048 3499 sanus
1064 3440 1141 3501 iuret
1155 3439 1285 3503 Orestes.

396 3541 470 3604 ilinc
484 3542 520 3605 ad
535 3541 688 3622 parabasin
703 3540 933 3603 nebarnensium
954 3558 1010 3602 nos
1031 3549 1252 3617 convertemus,
1271 3544 1302 3605 in
1322 3562 1380 3625 quo
1400 3544 1470 3607 item

312 3644 423 3727 aliquot
433 3646 489 3707 loci
501 3626 602 3707 minus
617 3651 697 3706 recte
717 3645 812 3707 adhuc
831 3643 868 3706 ab
888 3642 1095 3724 interpretibus
1114 3646 1188 3708 mihi
1207 3647 1323 3710 tractati
1342 3666 1406 3709 esse
1427 3647 1471 3709 vi-

313 3835 512 3848 “mn-⁴⁴·-

378 3957 404 4021 4)
423 3955 526 4007 Scilicet
537 3954 568 4007 de
580 3954 687 4007 Athenis
695 3961 792 4007 tantum
804 3955 872 4007 etde
885 3954 1063 4023 Aristophanis
1075 3962 1159 4009 astuta
1168 3955 1216 4009 hoc
1224 3957 1320 4011 dictum
1332 3954 1400 4012 volo.
1413 3961 1469 4015 Non

311 4040 400 4105 ignoro
417 4042 481 4093 eninr
497 4042 559 4093 alibi
571 4042 678 4108 aliisquo
690 4042 844 4107 temporibus
857 4042 933 4093 etium
950 4044 1053 4093 deornm
1064 4050 1109 4093 ant
1125 4044 1229 4095 heroum
1247 4046 1346 4097 uomina
1363 4048 1470 4099 hornini-

311 4129 357 4178 bus
371 4143 543 4193 nonuunqnum
555 4135 584 4178 nt
595 4127 697 4193 propriu
710 4127 789 4178 indito
805 4142 870 4193 esso,
887 4144 936 4196 qna
952 4129 982 4180 do
1001 4143 1037 4192 rc,
1055 4129 1172 4195 quonium
1190 4145 1254 4180 nunc
1270 4134 1414 4183 arcontius
1428 4134 1469 4195 asi

311 4230 360 4264 non
372 4230 433 4282 opus
445 4221 494 4278 est,
504 4211 615 4265 eonlerri
626 4221 732 4276 possunt
743 4228 806 4278 quac
819 4214 979 4279 disputantur
990 4229 1004 4264 a
1014 4212 1042 4264 C.
1056 4212 1140 4265 lioilio
1152 4214 1178 4264 in
1191 4216 1289 4266 schedis
1300 4217 1470 4282 epigraphieis

311 4298 458 4365 (liunberg.
473 4298 548 4360 1855)
560 4312 584 4362 p.
598 4297 639 4361 33,
651 4298 682 4347 ab
695 4299 781 4350 eodem
794 4299 819 4350 in
832 4299 923 4350 Oiorn.¹
932 4301 1056 4366 antiquar.
1070 4314 1126 4349 aun.
1137 4300 1202 4349 1846
1213 4317 1236 4366 ρ,
1250 4300 1309 4364 983,
1319 4317 1334 4352 a
1344 4302 1469 4353 vischero

310 4387 335 4434 in
350 4385 422 4434 Actis
434 4390 551 4433 convent.
564 4381 682 4447 philolog.
701 4383 776 4435 liosil.
793 4384 856 4435 1818
869 4401 892 4451 p.
905 4386 947 4450 83,
959 4401 974 4436 a
984 4384 1121 4435 Welelsero
1133 4385 1159 4435 in
1172 4383 1277 4452 Sylloge
1288 4386 1366 4452 epigr.
1381 4403 1405 4453 p.
1419 4387 1470 4437 too

310 4476 336 4520 et
349 4469 406 4519 309.
431 4469 462 4518 m
476 4470 591 4518 Orestem
604 4468 752 4518 Thessalum
766 4471 878 4520 norimus
891 4485 905 4519 e
918 4469 1022 4534 'lhueyd
1044 4470 1061 4533 l,
1076 4469 1132 4519 lli.
