3154 5138
852 426 914 490 372

781 513 982 524 --⁴-—-

302 635 421 698 sempor
438 623 536 679 minen
557 614 651 677 nativa
672 613 830 694 particulae
848 610 893 673 ris
913 610 1055 673 hacteuus
1080 608 1183 671 saitem
1201 617 1339 683 serretur,
1353 617 1456 670 utnon

302 728 473 800 usurpetur,
489 718 546 781 nisi
568 736 661 798 quum
676 717 763 779 altera
775 713 916 788 conditio,
937 713 962 774 si
977 730 1040 777 non
1057 712 1164 775 diserte
1177 710 1331 791 proposita
1345 718 1375 772 et
1388 728 1458 772 con-

271 831 286 880 5
304 822 453 885 iunctione
468 820 656 883 conditionali
672 818 832 899 significata
847 824 906 889 est,
928 815 1045 896 intelligi
1061 825 1159 877 tamen
1174 819 1323 895 potest2).
1354 813 1459 875 liunu-

304 925 386 986 modi
401 932 497 986 autem
512 923 542 984 in
557 923 615 984 boc
628 921 778 984 Ciceronis
793 920 874 992 loco,
895 918 945 997 qui
960 936 1078 980 omnem
1100 916 1162 980 eius
1177 923 1349 979 contextum
1367 914 1461 996 perle-

301 1029 388 1107 gerit,
418 1025 490 1087 nihil
518 1045 584 1087 esse
614 1024 729 1086 videbit
783 1022 866 1087 Hono
896 1021 934 1082 ob
959 1040 1078 1083 causam
1102 1037 1157 1098 ego
1183 1019 1219 1081 iis
1243 1018 1461 1081 assentiendum

302 1137 388 1209 puto,
419 1129 468 1209 qui
492 1127 562 1190 iilud
589 1127 645 1188 sin
670 1125 856 1188 librariorum
881 1125 972 1186 errori
999 1124 1190 1204 imputarunt.
1230 1121 1320 1196 Quod
1345 1139 1401 1200 pro
1429 1139 1464 1180 eo

302 1230 333 1291 iu
361 1246 422 1291 uno
455 1229 555 1291 codice
581 1229 723 1309 scriptum
749 1234 808 1300 est,
833 1225 903 1299 iric,
935 1226 1048 1289 etiarnsi
1079 1243 1140 1287 non
1166 1243 1202 1287 ex
1227 1223 1389 1303 integriore
1413 1221 1463 1284 ali-

301 1351 361 1413 quo
385 1332 531 1413 exemplo,
556 1331 608 1395 sed
632 1350 666 1393 ex
692 1330 859 1393 coniectura
883 1328 1018 1403 ductum,
1038 1345 1101 1391 non
1127 1336 1225 1391 umen
1241 1334 1322 1389 certe
1336 1325 1465 1406 ineptum

300 1443 360 1507 est,
386 1435 549 1515 meritoque
568 1454 585 1496 a
606 1434 754 1509 Walkerc,
774 1434 891 1496 Mosero
912 1432 960 1509 (in
980 1432 1026 1495 ed.
1046 1432 1135 1509 min.)
1151 1441 1181 1492 et
1199 1429 1311 1493 Orellio
1332 1427 1372 1490 ilii
1387 1425 1466 1488 alteri

301 1536 471 1616 praelatum.
502 1537 613 1600 Poterit
623 1546 721 1600 tamen
736 1538 861 1599 fortasse
875 1553 938 1597 uon
952 1535 1051 1597 minus
1066 1533 1257 1615 probabiliter
1272 1540 1326 1599 aut
1340 1530 1406 1592 iam
1422 1538 1469 1590 aut

300 1657 341 1701 on
357 1639 470 1718 rcponi.
982 1619 985 1627 ’

387 1743 455 1822 Cap.
471 1740 540 1815 btv,
558 1741 626 1803 134.
656 1740 828 1804 Dentibus
847 1747 961 1802 autem
987 1739 1023 1801 in
1043 1758 1103 1801 ore
1122 1736 1351 1801 constructis
1371 1750 1470 1797 mau-

302 1844 400 1906 ditur
425 1852 530 1924 atque
554 1843 594 1905 ab
620 1844 676 1905 bis
702 1851 918 1906 extenuatur
937 1851 970 1904 et
990 1840 1265 1904 moliturcibus.
1304 1836 1470 1900 Permirum

303 1955 349 2009 est
363 1947 511 2009 nemiuem
527 1965 644 2020 eorum,
666 1947 716 2026 qui
737 1954 804 2008 ante
823 1964 880 2007 nos
899 1943 956 2005 hos
971 1943 1063 2005 libros
1078 1942 1245 2014 ediderunt,
1264 1939 1430 2003 offendisse
1443 1938 1471 1999 iu

302 2049 399 2111 verbis
420 2048 460 2110 ab
480 2048 537 2110 his
559 2048 602 2109 sic
622 2058 735 2128 practer
753 2046 983 2128 expectationem
1004 2054 1033 2107 et
1046 2046 1112 2107 loco
1128 2043 1222 2106 alieno
1239 2043 1381 2117 insertis,
1402 2059 1473 2123 quiae

302 2151 327 2213 si
342 2150 488 2223 obessent,
504 2150 572 2230 quid
585 2151 701 2212 taudem
717 2152 753 2213 ad
768 2150 961 2229 integritatem
971 2156 1134 2210 structurae
1148 2154 1200 2208 aut
1214 2147 1387 2209 sententiae
1397 2144 1474 2206 desi·

301 2253 396 2315 derari
415 2251 540 2334 posset?
570 2254 804 2332 ignosceremus
829 2253 907 2313 enim
926 2250 1115 2313 ablativorum
1142 2249 1322 2312 dentibus
1349 2248 1387 2311 in
1414 2265 1475 2309 ore

302 2354 524 2417 constructis
555 2355 798 2434 significationem
834 2352 1085 2415 instrumentalem
1122 2350 1216 2413 tribus
1257 2352 1318 2414 iliis
1350 2349 1474 2433 passivis

302 2455 495 2531 manditur,
521 2465 749 2532 extenuatur,
774 2455 938 2529 molitur,
964 2455 1073 2535 pariter
1098 2452 1343 2516 convenientem.
1392 2453 1478 2516 Nunc

303 2567 399 2620 autem
415 2558 532 2621 insertis
548 2557 602 2620 illis
618 2559 732 2622 duabus
747 2557 858 2620 vocidis
873 2557 918 2619 sic
931 2557 1103 2618 Ciceronem
1118 2555 1198 2637 loqui
1214 2556 1375 2632 videmus,
1396 2553 1475 2636 quasi

372 2803 397 2868 2)
416 2802 507 2855 Nativa
520 2806 559 2855 vis
572 2802 719 2870 particulae,
729 2809 817 2868 utpote
830 2817 863 2851 er
881 2801 906 2851 si
919 2808 945 2851 et
962 2815 996 2851 ne
1010 2802 1143 2862 condutue,
1160 2801 1225 2851 baec
1240 2809 1298 2869 cst,
1311 2809 1343 2853 ut
1355 2798 1478 2869 superiori

304 2889 444 2940 conditioni
459 2889 583 2953 sublatae,
597 2891 619 2939 b.
635 2905 657 2938 e.
671 2894 786 2951 negatae,
798 2887 865 2937 alind
880 2886 939 2953 quid
951 2891 1097 2952 opponatur,
1110 2885 1182 2952 quasi
1194 2886 1286 2938 dicas:
1301 2889 1330 2939 si
1343 2888 1444 2938 micus
1456 2901 1478 2933 v.

304 2973 331 3022 si
345 2990 403 3023 non
416 2981 464 3024 est
477 2973 536 3036 sic,
550 2974 602 3024 scd
615 3002 656 3022 —.
692 2971 755 3022 ilinc
765 2977 849 3022 autem
861 2985 937 3036 porro
949 2976 1086 3037 usurpatur
1097 2970 1171 3020 etiam
1191 2972 1215 3021 si
1230 2974 1360 3040 superior
1370 2970 1478 3023 conditio

304 3074 352 3107 non
365 3057 464 3124 quidem
477 3064 596 3120 negetur,
613 3057 656 3107 sed
670 3064 751 3106 tamen
763 3055 857 3121 aliquid
873 3055 952 3105 maius
970 3054 993 3105 ei
1012 3055 1157 3121 opponitur,
1175 3058 1254 3123 quasi
1273 3060 1363 3111 dicas:
1382 3060 1408 3109 si
1425 3073 1480 3107 con

303 3139 389 3191 niodo
406 3142 465 3190 boc
483 3146 545 3202 est,
563 3139 617 3189 scd
635 3140 736 3189 etiarn.
749 3138 917 3204 —Superior
933 3145 1015 3189 nutem
1034 3139 1077 3191 itta
1090 3141 1201 3191 conditio
1221 3151 1271 3193 aut
1287 3158 1419 3212 expressa
1434 3148 1480 3199 est,

302 3232 347 3277 aut
365 3224 542 3275 subaudiendo.
578 3224 612 3274 lit
628 3240 748 3290 expressa
767 3224 862 3290 quidem
879 3224 1026 3289 agnoscitur
1042 3224 1117 3276 etiarn
1134 3226 1159 3275 iu
1172 3227 1330 3281 huiusmodi
1348 3230 1427 3294 locis,
1444 3225 1482 3294 qui

304 3326 351 3359 non
364 3309 457 3360 babent
469 3309 667 3360 coniunctiorem
680 3309 879 3374 conditionalem,
893 3311 937 3360 scd
949 3310 1025 3360 aliter
1036 3309 1220 3362 conformatam
1235 3315 1402 3377 orationem,
1414 3311 1483 3365 reiut

302 3394 354 3445 Cic.
367 3395 398 3444 de
412 3394 461 3444 Oli.
474 3393 491 3460 l,
507 3395 546 3458 15,
559 3395 604 3444 li:
618 3393 746 3460 primum
764 3394 843 3446 illud
861 3402 911 3445 est
928 3395 958 3444 in
978 3393 1101 3458 cilicio,
1122 3402 1157 3445 ut
1174 3397 1205 3448 ei
1229 3400 1410 3466 plurimum
1427 3396 1484 3449 tri·

301 3479 470 3543 buamus,a
488 3494 545 3545 quo
564 3480 726 3545 plurimum
744 3479 927 3543 diligamur:
950 3480 998 3531 siu
1021 3488 1115 3532 erunt
1135 3484 1276 3550 merita,
1301 3495 1338 3537 ut
1360 3502 1422 3536 ncn
1439 3484 1483 3535 irr-

301 3566 400 3615 eunda
421 3564 473 3615 sed
496 3564 666 3615 reiercudu
682 3565 786 3629 gratia
803 3565 849 3615 sit
866 3573 923 3617 etc.
958 3567 981 3616 b.
995 3582 1017 3616 c.
1031 3566 1136 3633 primum
1148 3565 1214 3619 illud
1229 3577 1285 3635 est,
1300 3577 1341 3636 ut,
1355 3571 1379 3622 si
1391 3568 1484 3622 uitali-

301 3648 370 3716 quia,
388 3664 464 3715 aquo
477 3649 608 3716 plurimum
621 3648 766 3714 diligemur,
782 3648 805 3698 ei
822 3649 952 3716 plurimum
970 3650 1120 3700 tribuamus:
1139 3651 1176 3701 sin
1198 3661 1255 3707 etc.
1269 3655 1309 3708 lb.
1323 3656 1350 3723 1,
1364 3656 1411 3720 ³4,
1427 3654 1484 3705 123:

301 3734 428 3783 luxuria
447 3748 535 3799 quum
557 3733 635 3784 omui
656 3734 756 3784 aetati
782 3735 898 3800 turpis,
920 3741 983 3785 tuur
1001 3736 1162 3787 senectuti
1193 3736 1403 3794 foedissima
1429 3745 1483 3791 est

301 3818 352 3870 Sin
365 3826 467 3870 autern
480 3819 644 3870 libidinum
663 3820 756 3870 etium
774 3820 1018 3886 intemperentia
1035 3821 1160 3872 accedit
1172 3830 1241 3875 etc.
1257 3828 1284 3877 ir.
1300 3844 1326 3878 e.
1341 3829 1453 3892 luxuria,
1465 3825 1485 3874 εἰ

302 3905 326 3954 iu
340 3911 472 3955 senectute
485 3912 533 3968 cst,
545 3905 689 3956 foedissima
701 3913 755 3967 est3
768 3906 806 3955 sin
818 3913 868 3956 etc.
880 3932 913 3942 -
926 3906 1099 3957 Subeudicnda
1111 3913 1198 3958 autern
1218 3913 1344 3964 conditio
1357 3922 1401 3964 est
1413 3913 1438 3963 in
1450 3911 1485 3961 lo·

302 3989 338 4040 cis
351 3990 503 4041 huiusmodi:
522 3991 571 4042 Pro
585 3990 703 4041 Plance.
716 3991 740 4053 4,
755 3991 798 4041 10:
811 3991 941 4042 Primum
954 3991 1035 4041 illud
1052 3992 1147 4044 dobes
1166 4003 1311 4065 putare,
1330 3999 1485 4060 comitiis,

301 4074 1485 4144 praesertimaediliciis‚studiumcsaepopuii‚uoniudicium-Sintu-

301 4165 359 4209 tern
380 4160 477 4210 mavis
499 4176 571 4210 esse
589 4159 736 4210 iudicium
754 4167 802 4210 etc.
816 4162 839 4210 b.
853 4176 875 4210 e.
893 4161 920 4211 Si
937 4168 1080 4212 autemnon
1094 4162 1267 4237 illudputas‚
1281 4173 1332 4223 sed
1351 4172 1434 4225 mvii
1445 4197 1485 4219 -.

300 4240 373 4294 Caes.
387 4243 441 4294 Civ.
455 4242 477 4309 i,
496 4242 542 4309 32,
561 4244 588 4295 t:
608 4244 730 4295 Oratae
747 4245 890 4313 postulat
906 4262 969 4297 rem
991 4247 1149 4313 publicum
1175 4256 1377 4323 suscipiant
1394 4265 1484 4324 atquc

299 4343 469 4380 unasecum
486 4329 716 4381 administrent.
751 4329 803 4381 Sin
822 4331 933 4382 timore
951 4331 1129 4398 defugiant,
1150 4331 1230 4391 illia
1249 4355 1286 4395 sc
1307 4344 1406 4397 oncri
1429 4356 1484 4394 uon

299 4412 311 4465 i
315 4420 435 4465 uturum
440 4450 448 4479 ‚
461 4414 485 4464 b.
498 4428 521 4465 e.
534 4413 556 4464 si
567 4421 652 4465 autern
664 4431 713 4466 uon
725 4416 870 4482 suscipiunt,
881 4419 926 4469 sed
939 4419 1028 4470 timore
1040 4417 1179 4483 defugiant.
