3284 5152
823 439 971 540 Q

397 632 573 698 trs-cremae
587 646 741 714 responso,
755 647 782 692 r.
799 626 871 705 276,

511 729 657 798 τοσαῦτα
677 722 898 812 κεύτυχοῦμεν,
922 714 949 791 oi
969 719 1039 805 ξέν’,
1061 718 1102 790 ori
1123 722 1220 808 πέρα,

310 838 441 903 nounda
454 843 502 902 est
516 836 558 898 vis
572 834 787 898 coniunctionis
802 832 868 908 aci,
884 849 972 913 qnam
988 830 1040 912 qui
1054 829 1279 893 asseverativam
1299 829 1417 908 dicum,
1440 843 1475 897 ot

312 941 351 1006 ait
364 960 456 1015 vere,
471 948 586 1013 certe,
601 944 695 1000 noan.
707 937 757 1019 jd,
772 934 853 999 velut
865 932 1030 996 lloederlin.
1045 930 1083 995 ad
1093 931 1185 1013 Soph.
1197 930 1269 994 Oed.
1282 932 1343 996 Col.
1354 952 1384 1016 p.
1400 935 1473 1009 265,

311 1042 439 1105 Ellendt
454 1040 524 1104 Lex.
540 1040 632 1122 Soph.
648 1038 661 1100 l
675 1056 704 1120 p.
717 1036 790 1112 889,
807 1054 869 1100 non
882 1034 1024 1099 lahomor
1038 1034 1174 1115 quidem,
1188 1033 1241 1098 sed
1255 1034 1364 1099 addere
1383 1035 1474 1101 debe·

311 1144 393 1220 hant,
407 1161 501 1226 genna
514 1144 572 1206 hoc
585 1139 808 1205 asseverationis
822 1156 941 1220 semper
954 1137 986 1201 in
999 1156 1036 1200 eo
1051 1143 1201 1212 censure,
1216 1146 1251 1199 nt
1265 1136 1301 1200 iis
1316 1156 1391 1220 quae
1406 1148 1476 1203 ante

310 1247 405 1321 dicta,
431 1252 483 1309 aut
501 1261 718 1325 nonnunquam
737 1259 775 1307 ne
794 1241 870 1304 dicta
891 1240 1011 1322 quidem
1031 1238 1139 1302 diserte
1159 1238 1212 1302 aed
1232 1238 1475 1324 subintelligenda

310 1355 391 1423 sunt,
405 1347 515 1430 aliquid
528 1353 670 1428 tanquam
684 1345 875 1408 coniunctum
890 1341 1024 1415 addatur,
1038 1347 1073 1403 ut
1086 1340 1144 1405 hoc
1157 1341 1239 1418 loco,
1259 1361 1353 1424 mum
1373 1343 1428 1409 lon
1441 1363 1476 1408 se

309 1449 443 1514 venerari
456 1449 582 1513 Creusae
595 1445 780 1510 nobilitatem
799 1443 919 1518 dixerit,
938 1443 986 1506 illa
1004 1461 1070 1505 sese
1089 1443 1177 1506 otiam
1196 1443 1312 1508 hertam
1331 1445 1475 1511 hactenus

311 1571 377 1616 esse
390 1552 554 1634 prodtetor.
583 1549 674 1612 Recte
688 1566 753 1611 rem
766 1545 938 1628 significavit
952 1544 1142 1608 Baeumlinns
1153 1545 1191 1608 de
1204 1547 1307 1629 partic
1322 1566 1353 1629 p.
1373 1549 1444 1613 152.

394 1653 463 1718 hlor
476 1671 504 1714 r.
519 1652 581 1713 272
596 1650 700 1714 Ionem
714 1649 752 1712 de
764 1656 848 1731 patre
862 1648 988 1711 Creusae
998 1647 1183 1711 cuncnntius
1193 1647 1318 1713 fortasse
1329 1668 1476 1732 quaeren-

310 1758 372 1820 tem
386 1755 434 1818 illa
449 1762 483 1818 ut
497 1754 588 1817 libere
604 1753 674 1835 quid
690 1750 757 1815 velit
771 1750 913 1814 sciscitari
925 1756 1029 1831 pergat
1041 1749 1191 1814 hortatur:

512 1855 546 1920 ri
564 1846 660 1940 χρῆμ’
689 1839 868 1938 domiciani
889 1842 962 1929 ξέν’,
984 1845 1291 1932 depraedatam

311 1959 463 2033 Sicorim,
476 1954 597 2033 θέλων,
613 1973 674 2020 non
687 1957 751 2019 siue
763 1973 849 2019 causa
864 1954 1050 2018 Badhamum
1063 1953 1215 2035 scripsisse
1230 1971 1346 2019 censeo.
1374 1955 1410 2019 ln
1424 1975 1476 2021 oo-

309 2061 423 2126 dirilua
437 2052 784 2141 mtdbiw,phnissima
799 2056 1005 2136 quidem‚sed,
1021 2056 1201 2130 utarhilror‚
1216 2057 1477 2141 minusaptasen·
1614 2118 1615 2131 ,

309 2160 570 2243 tentia‚siquidem
580 2150 742 2238 ἐκμαθεῖν
751 2158 847 2221 molto
857 2158 1478 2243 rectiusdeeodioividetur‚quidealiqua

309 2283 343 2329 re
356 2283 389 2328 se
408 2261 525 2328 edoceri
539 2261 647 2342 cupiat,
663 2278 751 2340 quam
766 2260 803 2322 de
818 2279 864 2334 eo,
879 2261 931 2342 qui
946 2260 1019 2323 nihil
1032 2260 1091 2324 nisi
1103 2269 1239 2343 paratum
1251 2281 1284 2325 se
1295 2281 1361 2327 esse
1372 2272 1476 2328 osten

311 2368 362 2433 dat
376 2365 413 2430 ad
426 2362 668 2453 respondendum
691 2362 771 2444 qnod
792 2362 866 2425 alter
886 2361 1119 2443 interrogaverit.
1135 2398 1178 2411 -
1193 2363 1357 2446 interrogat
1376 2374 1477 2431 autem

311 2469 365 2533 lon
378 2468 509 2551 primum
525 2464 562 2528 de
575 2466 677 2548 proavi
691 2463 817 2528 (heum
833 2473 911 2541 ortu
926 2484 952 2528 v.
968 2466 1048 2528 279:
1438 2510 1445 2519 .

514 2559 551 2630 ds
572 2567 631 2648 γῆς
651 2559 781 2647 πατρός
801 2582 862 2628 ooo
883 2560 1051 2649 πρόγονος
1071 2558 1229 2647 ἔβλαστον
1249 2565 1380 2656 παιήρς
1614 2612 1615 2615 ¹

313 2673 431 2737 Patrem
446 2670 573 2735 Creusae
587 2668 787 2732 Erechtheum
800 2666 892 2731 luisse
906 2669 969 2751 ipsa
980 2687 1006 2731 v.
1019 2669 1082 2732 272
1093 2674 1254 2753 aperuerat
1277 2671 1478 2737 Erechtheum
1614 2666 1615 2699 ³

313 2780 414 2841 antem
428 2769 567 2836 fabularis
582 2769 716 2846 historia,
731 2787 820 2850 qurm
835 2768 989 2851 Euripides
1002 2770 1034 2834 in
1049 2771 1106 2835 hac
1119 2773 1267 2854 tragoedia
1286 2782 1407 2839 secutus
1421 2783 1477 2851 est,

314 2875 409 2941 illium
422 2875 493 2939 ierit
506 2871 681 2947 Pandionis,
702 2880 840 2954 nepotem
860 2871 1041 2936 Erichthonii
1059 2881 1137 2939 terra
1157 2875 1227 2938 editi
1242 2894 1279 2939 er
1293 2876 1414 2940 Videani
1427 2897 1479 2941 se·

314 2978 396 3043 mine
421 2978 523 3040 eroso.
558 2974 693 3058 hpollod.
720 2975 770 3049 lll,
798 2976 847 3050 14,
866 2975 886 3037 6
906 2994 972 3057 sqq.
999 2974 1052 3038 Est
1071 2975 1159 3057 igitur
1180 2973 1345 3059 πρόγονος
1365 2972 1478 3065 πατήρ

314 3082 347 3145 h.
360 3079 380 3143 l
391 3078 470 3144 idem
481 3077 533 3160 qui
546 3069 774 3161 πατροπάτωρ
795 3095 820 3139 s.
843 3070 999 3152 πάππος.
1035 3078 1113 3142 illias
1128 3072 1290 3163 πρόγονος
1309 3079 1479 3146 urendae

315 3180 535 3265 thcrtionia
549 3188 604 3255 cat,
620 3179 786 3262 diciturque
799 3180 888 3242 etiam
902 3178 940 3242 de
954 3180 999 3243 avi
1012 3188 1105 3262 patre,
1121 3175 1336 3268 sponderem,
1352 3191 1386 3246 ut
1399 3184 1477 3264 apud

316 3283 547 3349 Demosthenem
559 3280 720 3346 inhlaoart
744 3299 773 3363 p.
797 3281 893 3357 1056,
915 3289 947 3346 et
965 3281 1072 3365 plurali
1089 3282 1279 3366 potissimum
1299 3302 1426 3351 numero
1440 3285 1479 3350 de

311 3385 479 3450 maioribus
492 3383 639 3448 universe.
670 3383 771 3446 Varias
786 3390 887 3447 autem
898 3384 935 3448 de
954 3383 1145 3448 Erichthonio
1160 3394 1190 3447 et
1203 3385 1370 3451 Erechtheo
1390 3387 1480 3452 ishu-

314 3488 359 3552 lss
372 3486 532 3551 admodum
546 3484 628 3548 inter
642 3502 675 3548 aa
689 3484 863 3549 Euidentes
878 3492 909 3548 et
922 3505 939 3548 a
950 3486 1098 3551 veteribus
1113 3486 1290 3570 mythologie
1311 3489 1374 3552 aliis
1395 3490 1482 3554 aliter

315 3589 506 3653 condonatas
521 3591 551 3649 et
564 3585 596 3649 in
610 3587 760 3669 quandam
776 3586 916 3651 historiae
930 3587 1061 3669 speciem
1076 3588 1233 3654 adornatas
1248 3592 1412 3656 secuntias
1426 3611 1482 3657 ex-

316 3698 418 3754 entera
431 3690 471 3753 ah
483 3687 571 3752 huius
583 3687 752 3770 scriptionis
767 3689 889 3753 oonsilio
903 3690 1032 3755 adeum
1053 3698 1109 3754 est
1137 3692 1179 3756 lie
1194 3693 1278 3758 omni
1296 3693 1356 3758 hoc
1373 3712 1482 3777 genere

317 3791 468 3874 quomodo
482 3790 672 3855 sumendum
686 3792 726 3855 ait
738 3792 844 3855 monui
857 3792 888 3855 in
908 3792 1017 3874 Opusc
1032 3794 1112 3858 acrd.
1128 3794 1142 3857 Ι
1155 3813 1186 3878 p.
1202 3794 1392 3860 328-331.

400 3892 627 3958 Erichthonium
642 3892 730 3975 igitur
742 3900 820 3957 terra
834 3894 948 3960 editum
962 3914 1069 3961 verene
1081 3895 1212 3961 llinerva
1224 3897 1377 3963 sustulmh
1387 3916 1482 3982 quae·

317 3994 394 4060 renti
407 3994 472 4059 loni
486 3997 596 4061 Creusa
608 4016 636 4059 ν.
651 3994 714 4061 282
727 3997 903 4079 respondet:

521 4089 569 4175 εἷς
590 4091 779 4181 παρθένους
801 4118 837 4180 ys
856 4099 975 4182 χεῖρας,
998 4093 1038 4165 od
1057 4093 1198 4165 τεκοῦσά
1217 4122 1278 4166 νιν.

315 4199 419 4281 ltaque
442 4218 517 4273 rem,
545 4200 583 4264 de
602 4217 658 4281 quo
678 4200 726 4264 ille
755 4202 946 4283 quaesiverat,
972 4204 1016 4267 sic
1044 4224 1077 4268 so
1098 4203 1208 4269 hahere
1227 4205 1380 4269 affirmans
1398 4205 1483 4272 addit
1614 4248 1615 4267 i

318 4302 409 4366 simul
423 4301 531 4385 aliquid
545 4302 734 4368 accuratioris
750 4302 976 4385 designationis:
995 4306 1027 4370 in
1046 4324 1107 4388 quo
1126 4322 1233 4386 genere
1251 4307 1482 4390 responsionum

319 4403 459 4485 ορὶίίπιιν
473 4409 519 4468 eat
532 4404 693 4488 pmdcuhe
707 4399 746 4490 μέ
759 4425 849 4483 usus,
870 4408 956 4473 cuius
970 4407 1139 4491 exemplum
1153 4408 1244 4473 etiam
1258 4409 1291 4474 in
1304 4428 1333 4474 v.
1348 4410 1412 4476 280
1422 4418 1480 4490 ast,
1614 4452 1615 4483 a
