3190 5136
780 396 978 499 ,10-

300 592 409 649 veteres
429 586 466 647 ad
484 586 620 649 virtutem
640 604 727 666 quam
741 586 779 648 ad
793 584 869 666 ignis
882 585 1047 667 artiumque
1065 585 1262 648 inventionem
1277 586 1340 648 sola
1354 595 1459 649 natura

300 697 330 752 et
343 687 456 751 ratione
470 688 544 751 duee
557 689 703 768 perveniri
713 688 848 769 potuisse
862 689 1056 764 erediderunt,
1071 697 1104 751 ut
1118 689 1154 751 ad
1168 689 1241 750 haee
1251 689 1368 769 quidem
1380 706 1459 768 opus

301 791 388 853 tuerit
412 790 509 853 divino
535 791 664 871 quodam
689 798 889 872 praeceptore,
915 793 951 853 ad
977 791 1054 853 illam
1079 792 1143 873 ipsa
1162 798 1266 853 namra
1292 787 1459 853 suffeeeriti

301 893 469 957 Hermanno
495 893 612 975 quidem
637 893 676 955 ita
696 894 787 956 rideri
811 912 931 955 neeesse
956 902 1014 955 est:
1041 893 1168 974 alioquin
1193 893 1269 973 ignis
1294 892 1460 972 artiumque

300 1002 533 1058 monstratorem
544 994 753 1059 Prometheum
764 1012 827 1058 non
837 996 930 1076 magis
942 997 1044 1071 ferret,
1060 1014 1147 1077 quarn
1158 995 1274 1059 rumis
1285 1014 1320 1057 ae
1331 1012 1458 1057 morum.

301 1097 376 1159 Nam
387 1097 484 1178 ignem
499 1098 569 1178 quid
584 1117 660 1180 opus
672 1098 726 1160 luit
740 1117 756 1160 a
771 1098 947 1160 Prometheo
965 1099 1069 1173 afferri,
1085 1117 1171 1179 quem
1183 1105 1308 1179 possent
1322 1097 1459 1159 homines

300 1199 344 1261 rel
370 1200 490 1262 fulmine
513 1201 641 1263 inpensis
666 1200 881 1277 arboribus10)
900 1201 945 1262 vel
970 1200 1175 1281 alioquolibet
1199 1199 1290 1262 modo
1305 1196 1459 1261 nandsoi?

301 1310 377 1365 artes
391 1310 491 1365 sutem
506 1302 575 1383 quid
588 1303 729 1366 attinebat
739 1303 775 1366 ab
791 1303 839 1364 illo
855 1303 1022 1377 monstrari,
1038 1321 1162 1382 quarum
1173 1302 1282 1365 nullam
1297 1319 1359 1363 non
1373 1300 1460 1383 panl-

299 1404 380 1467 latim
402 1404 590 1478 „meditando
610 1405 768 1468 extundere
787 1410 880 1467 usus¹
895 1407 942 1483 ¹)“
962 1417 991 1468 et
1012 1406 1169 1468 necessitas
1187 1402 1376 1487 potuissent?
1423 1404 1460 1466 Et

300 1515 399 1569 tamm
421 1508 494 1569 haee
511 1508 672 1588 Aeschylus
696 1525 757 1569 non
781 1507 817 1569 ab
837 1507 1007 1570 bominibus
1030 1508 1145 1571 inventa
1169 1508 1220 1569 sed
1245 1526 1261 1569 a
1280 1507 1459 1569 Prometheo

301 1609 368 1671 data
382 1627 448 1671 esse
466 1608 571 1670 voluit:
590 1609 700 1671 scilieet
714 1627 847 1672 maneam
861 1619 890 1671 et
904 1608 1027 1672 debilem
1046 1619 1126 1671 ratus
1140 1610 1299 1672 humanam
1314 1609 1459 1671 rationem

300 1710 465 1791 auxilioque
489 1711 657 1773 coelestium
683 1729 801 1792 semper
824 1718 966 1792 egentem.
1014 1712 1127 1774 Eodem
1146 1711 1233 1792 igitur
1250 1712 1341 1774 modo
1362 1710 1461 1773 inesse

301 1814 419 1895 quidem
439 1814 470 1876 in
495 1813 665 1876 bominibus
691 1823 802 1876 veteres
828 1813 1022 1894 intelligebant
1048 1814 1170 1877 rationis
1196 1815 1360 1877 laenitatem
1385 1832 1460 1889 eam,

302 1936 358 1997 qua
374 1918 410 1979 ad
425 1917 560 1979 virtutem
575 1935 610 1979 ae
624 1915 795 1996 sapientiam
811 1917 880 1978 eniti
895 1925 1036 1997 possent3
1061 1916 1113 1978 aed
1133 1917 1210 1978 hane
1223 1935 1341 1998 qnoque
1359 1935 1413 1998 per
1427 1936 1460 1979 se

301 2019 396 2082 solam
409 2036 544 2081 maneam
559 2026 588 2081 et
602 2017 724 2080 debilem
740 2037 807 2080 esse
822 2017 991 2093 eredebant,
1005 2036 1080 2098 qnae
1093 2017 1211 2080 excitari
1225 2018 1321 2099 alique
1335 2019 1459 2082 deorum

301 2122 406 2185 auxilio
423 2121 549 2184 deberet.
592 2122 692 2201 ltaque
706 2139 826 2183 omnem
840 2121 990 2195 virtutem,
1005 2136 1124 2183 omnem
1140 2121 1323 2202 sapientiam,
1338 2140 1459 2185 omnem

301 2242 418 2288 morum
433 2222 609 2306 probitatem
625 2233 655 2286 et
667 2225 865 2298 honestatem,
881 2224 1013 2305 quamvis
1031 2232 1134 2286 namra
1149 2224 1214 2285 laeti
1229 2224 1266 2286 ad
1281 2242 1345 2287 eam
1358 2224 1459 2287 bemi-

300 2346 354 2389 nes
372 2335 402 2388 et
419 2325 607 2407 praeformati
625 2333 739 2401 essent,
759 2327 917 2389 emersisse
935 2336 1033 2389 umen
1053 2325 1135 2388 initio
1150 2333 1180 2389 et
1200 2326 1295 2407 magis
1308 2326 1459 2408 paullatim

300 2430 456 2512 perlectam
472 2445 617 2490 essenon
631 2428 695 2489 sine
710 2426 765 2489 diis
779 2427 952 2491 iudicabant.
994 2428 1056 2491 Diis
1071 2428 1240 2491 auctoribus
1255 2430 1287 2491 in
1301 2429 1458 2493 societates

301 2532 390 2605 noire,
405 2530 533 2593 oivimtes
549 2530 676 2592 condere
689 2530 819 2610 iurisque
836 2549 871 2594 ae
884 2531 980 2611 legum
995 2530 1120 2612 imperio
1140 2549 1242 2612 parere
1261 2530 1398 2594 homines
1413 2532 1459 2594 di·

301 2633 407 2696 dleisse
419 2639 425 2676 ¹
438 2637 484 2709 2)ε
501 2632 624 2694 deorum
639 2632 781 2694 beneficio
797 2633 869 2708 lieri,
886 2634 911 2696 si
927 2634 992 2714 quis
1007 2633 1097 2696 animi
1111 2634 1199 2697 bonis
1214 2641 1331 2715 praeter
1346 2643 1459 2698 ceteros

301 2736 461 2811 exeelleret,
476 2753 576 2815 regere
591 2735 738 2816 sapienter
750 2736 909 2815 populum,
925 2737 1055 2817 exempla
1069 2736 1156 2798 edere
1171 2736 1363 2810 lenitudinis,
1382 2744 1459 2799 tem-

300 2840 457 2920 perantiae,
472 2838 598 2900 iustitiae
610 2847 713 2919 posset
725 2844 731 2881 ¹
745 2838 788 2915 ³):
800 2838 926 2917 denique
937 2839 1009 2901 deos
1021 2838 1186 2900 exorandos
1197 2856 1274 2916 esse,
1289 2856 1349 2901 non
1362 2839 1460 2901 solum

301 2949 334 3004 ut
347 2942 434 3003 vitam
448 2947 478 3002 et
492 2959 576 3020 opes,
591 2941 642 3001 sed
655 2951 687 3001 ut
701 2930 921 3023 εὐαρμοστίαν
931 2949 1018 3021 atque
1029 2933 1212 3023 εὐρυθμίαν
1224 2941 1315 3004 animi
1328 2941 1462 3004 homini-

300 3045 356 3107 bus
371 3041 563 3124 impertirent,
579 3042 796 3122 tribuerentque
809 3038 924 3116 καλοῖς
938 3037 1096 3124 γενέσ3αι
1109 3033 1274 3106 adestne
1284 3049 1291 3087 ¹
1303 3045 1349 3119 ¹):
1364 3062 1460 3125 quan-

303 3145 470 3226 doquidem,
485 3152 517 3206 ut
531 3144 571 3206 ait
585 3144 676 3218 Plato,
691 3143 768 3206 nulla
783 3144 875 3207 uirtus
891 3146 922 3206 in
936 3144 1057 3206 homine
1071 3146 1129 3207 nisi
1143 3137 1227 3230 θείᾳ
1247 3137 1349 3231 μοίρᾳ
1363 3166 1462 3209 emer·

254 3263 290 3313 14-
303 3248 357 3328 git,
378 3266 465 3328 quam
485 3246 662 3308 sententiam
685 3246 814 3308 lustinus
833 3247 1001 3327 Martyr¹¹¹i
1021 3265 1083 3310 non
1106 3248 1203 3328 inepte
1222 3256 1373 3329 comparat
1391 3267 1461 3311 earm

303 3407 446 3415 ...-.--.-
452 3404 601 3413 .-—--—.

372 3474 413 3536 10)
425 3474 528 3525 Lueret.
540 3471 570 3539 V,
586 3470 651 3521 1090
663 3486 716 3538 sqq.

372 3574 412 3637 11)
430 3572 528 3637 Vergil.
542 3567 664 3635 desani,
680 3569 736 3621 133.

373 3672 413 3737 12)
433 3669 470 3722 Cl'.
482 3670 558 3739 Sopb.
572 3670 635 3723 ost.
647 3668 677 3720 li.
691 3685 715 3720 v.
727 3668 777 3719 863
794 3685 849 3737 sqq.
866 3669 932 3721 Plat.
945 3670 1022 3735 Lsgq.
1038 3670 1049 3721 1
1064 3672 1097 3721 iu.
1111 3671 1170 3739 rbiq.
1183 3672 1239 3724 Ast
1252 3688 1277 3739 p.
1290 3671 1314 3722 6.
1330 3671 1460 3722 Demoatb.

302 3775 340 3810 or.
352 3764 399 3809 etr.
415 3756 540 3808 hristoer.
562 3756 578 3822 5
595 3755 635 3806 70.
648 3755 750 3807 Diodor.
767 3753 785 3821 l,
802 3755 843 3806 at,
860 3755 943 3807 Strab.
962 3755 997 3819 X,
1014 3772 1038 3823 p.
1055 3756 1114 3809 482.
1126 3757 1231 3810 hristid.
1247 3756 1352 3809 Praeth.
1363 3772 1387 3823 p.
1399 3755 1460 3808 313.

301 3844 378 3896 Clem.
395 3842 470 3893 Alex.
487 3841 579 3893 Str-om.
598 3838 616 3903 l,
633 3839 674 3904 26,
694 3840 750 3890 170.
785 3839 897 3892 Platner.
917 3849 970 3892 not
986 3843 1035 3893 iar.
1052 3849 1079 3894 et
1098 3842 1158 3894 inst
1176 3858 1209 3894 ex
1225 3843 1297 3895 llom.
1313 3850 1341 3894 et
1356 3841 1462 3893 Hesiodi

302 3944 376 3979 mrm.
389 3944 413 3995 p.
426 3927 458 3977 32
471 3942 525 3994 sqq.
562 3923 734 3977 Waebsruutb.
747 3925 879 3992 Antiquitt„
893 3924 911 3988 l,
925 3927 937 3977 1
951 3943 975 3994 p.
988 3926 1019 3977 87
1033 3935 1061 3978 et
1071 3926 1101 3993 ll,
1114 3944 1137 3995 p.
1154 3928 1201 3978 113
1213 3930 1252 3979 ed.
1266 3929 1290 3979 2.

371 4026 411 4092 13)
430 4025 500 4076 Plau,
513 4023 599 4076 lsthm.
610 4021 651 4090 111,
664 4023 689 4074 6.
709 4023 748 4075 01.
762 4023 795 4087 X,
810 4023 848 4074 10.
872 4022 917 4091 lx,
930 4024 970 4075 30.
990 4023 1022 4088 V,
1036 4026 1089 4093 11„
1101 4027 1218 4078 Simonid.
1230 4042 1269 4094 ap.
1282 4026 1348 4078 Plat.
1356 4027 1461 4093 Prone.

301 4128 325 4179 p.
340 4110 397 4162 339.

371 4210 410 4271 14)
429 4209 493 4261 Plat.
511 4209 616 4261 Phaedr.
634 4225 657 4274 p.
670 4207 720 4257 210
733 4207 759 4257 B.
784 4206 816 4258 ei.
829 4205 906 4257 Clem.
918 4207 991 4259 Alex.
1005 4209 1140 4276 Stromdl,
1153 4211 1177 4276 5,
1190 4210 1230 4261 22.
1255 4211 1326 4264 Piud.
1339 4211 1380 4263 01.
1390 4210 1463 4274 xm,

304 4296 360 4346 llb.
383 4295 457 4363 Pytb.
469 4293 515 4359 xi,
528 4294 569 4344 50.

372 4379 412 4443 lb)
431 4379 532 4431 Cobort
545 4379 578 4429 ad
587 4385 657 4441 seat.
669 4394 691 4429 n
705 4377 747 4443 32,
758 4385 818 4431 tom.
834 4379 856 4430 1.
868 4395 893 4447 p.
905 4377 938 4430 02
950 4380 990 4431 ed.
1003 4378 1058 4431 ott
