3266 5140
762 486 823 548 443

213 672 405 743 cimianum,
420 676 480 735 stae
492 676 582 734 ussus
594 674 680 734 uaois
694 676 753 734 sive
765 672 899 754 ptumum
913 674 1072 746 domiuum,
1087 676 1288 755 maquitudme
1302 680 1368 757 qest-

213 777 277 837 rtem
290 787 316 837 et
330 775 438 838 robore
457 779 590 856 eorporis
605 787 725 848 eeteros,
745 780 796 857 qai
807 795 870 838 tosa
883 776 1041 849 vetemur,
1062 795 1160 840 omues
1173 790 1366 858 superantem,

212 878 261 940 sest
274 878 453 940 mbsurdum
464 878 586 939 eundem
599 895 689 957 ueque
704 877 795 939 oeulis
809 880 880 939 satis
893 878 1044 950 odernam,
1059 882 1179 960 itemque
1194 883 1240 940 rei
1251 880 1368 943 meotis

212 979 292 1041 houd
305 998 376 1041 soree
391 982 533 1060 peritum;
552 989 659 1040 martas
681 988 777 1040 autem
790 981 924 1041 rsicautes
937 983 1014 1041 iuter
1028 999 1058 1042 se
1072 981 1107 1043 de
1120 984 1206 1043 uaois
1218 982 1367 1062 quaerea-

212 1085 305 1153 tioue,
320 1091 347 1143 et
359 1081 417 1143 sibi
429 1099 565 1162 quemque
578 1080 809 1161 puberuaeuium
821 1084 950 1159 perusini
961 1081 1152 1163 postselautes,
1168 1087 1301 1164 mamete
1314 1104 1366 1147 rse-

212 1202 265 1264 que
279 1184 433 1246 &dicemus
454 1202 584 1265 uuquam
603 1182 788 1262 quberroomdi
801 1193 908 1255 artent,
928 1202 1017 1265 neque
1033 1186 1180 1248 attendere
1190 1190 1303 1267 possim
1317 1200 1370 1250 aut

212 1305 295 1373 quem
313 1295 532 1368 praeceptorem
553 1284 709 1361 tabuers'ut
723 1295 774 1347 aut
787 1303 843 1365 quo
858 1296 985 1367 tempore
1000 1288 1165 1359 asuerum,
1188 1293 1276 1351 immo
1296 1307 1367 1351 oero

211 1398 313 1468 repert
331 1391 448 1450 ammireo
468 1405 526 1449 esse
541 1386 671 1468 aliqssom
684 1390 746 1448 esus
759 1390 806 1448 rei
819 1397 912 1449 artem
926 1407 961 1451 ao
976 1389 1173 1470 dismptrmam,
1188 1409 1302 1472 eosque,
1318 1396 1370 1472 qui

211 1492 243 1553 iet
256 1494 297 1551 tta
310 1509 370 1552 esse
385 1491 571 1563 oomeuasmt,
591 1488 754 1551 dilacerare
769 1490 840 1551 acteo
853 1494 978 1570 cupiant.
1010 1491 1147 1554 osseum
1160 1504 1256 1555 autem
1270 1493 1302 1555 iu·
1314 1494 1367 1556 iso-

212 1596 303 1654 miues
328 1593 442 1655 mutue
467 1591 685 1653 uaoimtorium
709 1595 871 1673 instantque
892 1593 1032 1673 precibus
1053 1612 1220 1676 merumque
1242 1595 1368 1676 lapidem

212 1703 341 1765 mooeut,
364 1704 397 1756 ut
414 1693 471 1757 sibi
485 1697 669 1776 potissumum
686 1693 917 1773 aeternandum
931 1694 1084 1767 truamur,
1106 1715 1250 1778 quumque
1262 1699 1294 1760 ist
1306 1716 1368 1761 uou

212 1796 439 1877 impetrauerat
453 1795 527 1858 otios
542 1796 598 1858 sior·
607 1798 762 1877 praeferri
774 1796 884 1868 uideret,
901 1796 954 1859 tos
966 1816 1028 1860 aare
1040 1815 1113 1861 roro
1129 1810 1181 1862 out
1194 1800 1369 1865 obtruncaret

212 1909 264 1960 out
277 1916 292 1959 e
306 1901 379 1959 maci
391 1901 521 1969 etieiuut,
536 1902 623 1961 istum
637 1909 732 1960 autem
748 1898 855 1960 bouum
869 1899 1087 1961 uomculanum
1102 1911 1153 1963 aut
1165 1904 1368 1983 maudraqora

213 2003 405 2081 consopieretes
419 2011 470 2062 aut
483 2004 552 2062 omo
566 1999 743 2061 inebriantes
757 2011 808 2062 aut
821 2000 882 2061 otia
896 2005 1034 2081 quapiam
1048 2005 1161 2064 ratioue
1175 2005 1366 2085 impedientes,

212 2105 365 2184 quomimu
382 2105 469 2164 mavis
486 2105 642 2182 imperium
660 2105 795 2173 retiueet,
814 2121 916 2164 rerum
930 2107 1060 2165 assutum
1074 2107 1106 2164 iu
1119 2109 1193 2166 uoci
1201 2118 1368 2186 potestatem

213 2206 252 2267 ad
265 2223 295 2267 se
308 2202 442 2276 troistest,
463 2208 586 2285 armoque
600 2215 628 2266 et
640 2203 734 2285 eputn
746 2203 924 2284 imduiqmtes
937 2208 978 2267 sie
991 2209 1147 2286 uoos‘qout,
1169 2218 1201 2269 ut
1216 2222 1367 2272 cameruo-

211 2326 298 2369 ueum
312 2317 354 2369 est
366 2308 508 2370 monadi
519 2306 648 2369 uomitus
660 2310 804 2386 uaos'qare
813 2324 912 2387 posse,
932 2307 1115 2370 dilcudautes
1129 2313 1216 2371 etiam
1230 2330 1264 2371 oe
1275 2331 1368 2392 prae

214 2410 341 2471 dicantes
359 2420 498 2492 tamquam
512 2413 643 2491 peritum
661 2421 688 2471 et
705 2408 902 2490 pubemmculo
918 2411 1038 2489 aiquum
1051 2414 1212 2501 quousque
1225 2418 1296 2494 ipsis
1309 2434 1369 2477 sese

212 2515 322 2574 socium
342 2513 474 2593 adrumpit
486 2524 514 2574 et
527 2514 660 2592 eousmre
675 2512 785 2592 aliquid
796 2522 896 2593 potest,
912 2531 967 2593 quo
981 2512 1102 2594 [aoitim
1115 2516 1301 2578 naviculario
1317 2529 1369 2579 aut

213 2615 286 2677 doles
308 2626 390 2696 atque
410 2615 540 2696 salionis
561 2617 673 2696 teoepm
696 2625 747 2677 out
764 2618 796 2675 os·
815 2625 913 2677 eoacto
927 2618 985 2694 ipsi
997 2634 1102 2678 uocem
1116 2620 1149 2677 tu
1159 2628 1297 2697 potestate
1311 2618 1367 2680 ha-

214 2718 306 2789 beant,
321 2721 348 2780 si
360 2722 424 2799 quis
438 2729 534 2780 autem
548 2717 605 2779 sibi
617 2718 802 2788 adversatur,
818 2717 894 2779 nuuc
908 2722 1077 2779 r'usectoutes
1091 2719 1282 2792 coutumeliis,
1299 2731 1366 2783 tau-

212 2840 300 2903 quam
313 2820 458 2883 homiuem
472 2819 582 2882 mulius
592 2824 694 2901 pretio}
713 2839 816 2883 oerum
831 2831 927 2882 autem
940 2821 1165 2901 puberuotorem
1179 2822 1293 2902 quatem
1308 2842 1366 2885 esse

212 2934 341 3006 oporteat
363 2933 511 3004 toutopere
532 2927 714 3003 iquoramtes,
737 2935 769 2985 ut
787 2923 1019 3003 retorquentem
1033 2923 1207 3003 troselliqout,
1234 2937 1367 3006 oportere

211 3045 278 3088 eum
306 3036 333 3088 et
363 3030 436 3087 auui
463 3036 677 3106 temporumque
702 3029 846 3088 rationem
870 3025 993 3096 trabem,
1020 3036 1046 3087 et
1071 3025 1183 3088 caelum
1209 3045 1243 3088 ac
1269 3029 1367 3090 sr'dero

211 3140 239 3190 et
258 3140 356 3190 ocutos
374 3127 544 3199 obseruare,
568 3138 595 3188 et
617 3128 754 3208 quidquid
774 3137 930 3207 praeterea
951 3127 990 3188 ad
1012 3138 1104 3188 artem
1126 3132 1265 3209 pertinet:
1291 3150 1365 3211 qua-
1388 3142 1403 3191 5

211 3250 279 3292 rum
296 3248 398 3292 rerum
417 3233 443 3291 si
456 3232 520 3311 quis
533 3232 705 3290 meuts'ouem
718 3231 792 3309 facit
804 3233 879 3290 iuter
892 3228 1059 3291 huiusmodi
1071 3229 1213 3302 homiues,
1236 3232 1367 3294 derideret

211 3352 277 3395 eum
292 3345 374 3414 atque
389 3342 572 3395 coutemuuut
586 3343 724 3411 tauquam
739 3350 848 3392 cauum
863 3350 964 3393 rerum
979 3331 1147 3394 sublimium
1158 3334 1368 3413 speculatorem

211 3447 435 3516 eupatoremqae
454 3434 615 3497 inutilem.“
656 3432 737 3495 Plato
757 3433 822 3514 ipse
840 3434 916 3495 hunc
930 3452 1015 3496 suam
1030 3433 1186 3514 imaginem
1201 3435 1367 3499 facillimum

212 3540 248 3599 sd
267 3535 485 3616 intelligendum
504 3555 570 3597 esse
584 3553 644 3597 non
660 3535 806 3596 immerito
822 3536 988 3614 profitetur:
1011 3553 1027 3595 n
1042 3535 1253 3598 recentioribus
1268 3546 1367 3599 tumen

211 3639 384 3721 quibusdam
410 3638 617 3718 interpretibus
642 3654 704 3699 non
732 3645 822 3697 totam
844 3636 980 3698 exomni
1003 3644 1085 3715 purte
1104 3638 1174 3699 sotis
1194 3638 1367 3701 intellectam

212 3761 278 3803 esse
292 3742 360 3803 hine
374 3740 560 3803 manifestum
576 3748 628 3813 est,
644 3739 722 3820 quod
738 3737 878 3811 nonnulli,
894 3738 924 3798 in
939 3738 1046 3818 quibus
1061 3738 1147 3802 etism
1162 3740 1367 3802 doctissimum

213 3843 432 3906 Stullbnnmium
447 3861 512 3904 esso
528 3843 633 3915 miror,
654 3861 734 3915 eum,
751 3840 800 3920 qui
815 3832 991 3925 ναύκληρος
1006 3860 1022 3902 a
1036 3841 1158 3904 Platone
1172 3841 1290 3917 dicitur,
1305 3861 1367 3904 uon

213 3944 407 4007 distinxerunt
428 3962 445 4004 n
466 3942 670 4021 gubernatore.
714 3942 792 4017 Quid
814 3941 929 4003 intersit
947 3950 1044 4005 nutem
1060 3943 1136 4007 inter
1149 3937 1365 4029 roietqporet

211 4039 420 4130 κυβερνήτην,
436 4044 479 4105 vel
492 4045 581 4107 lexico
596 4046 702 4108 dooere
717 4055 865 4125 poterunt.
896 4044 1056 4107 Nouclerus
1072 4065 1096 4107 s.
1112 4046 1307 4109 navicularius
1323 4057 1369 4109 est

211 4148 292 4210 novis
318 4146 471 4220 dominus,
497 4147 618 4228 eiusque
642 4167 769 4228 persons
795 4165 883 4209 nemo
909 4148 982 4210 nlius
1002 4167 1018 4209 n
1039 4148 1160 4210 Plutone
1178 4149 1367 4229 significetur,

212 4269 300 4330 quam
322 4250 386 4329 ipse
405 4249 533 4331 populus
547 4255 592 4311 rei
604 4250 739 4332 publicae
755 4252 902 4322 domiuus,
926 4250 966 4334 (le
977 4249 1081 4332 peuple
1095 4249 1277 4333 souverain)
1294 4250 1367 4313 sub-

212 4351 321 4413 surdus
344 4350 391 4412 itte
412 4360 441 4412 et
460 4370 563 4430 porum
587 4364 669 4414 acute
691 4370 812 4414 cerneus
834 4371 890 4414 neo
904 4353 960 4414 nisi
977 4352 1175 4433 magnitudine
1190 4352 1324 4435 corporis
1339 4362 1367 4415 et

212 4451 320 4513 robore
334 4452 443 4524 valens,
462 4453 547 4532 plano
562 4462 594 4515 ut
608 4453 847 4533 Aristophanicns
863 4453 909 4515 ille
923 4454 1060 4529 DEMVS,
1079 4473 1168 4517 senex
1182 4454 1324 4535 insipiens
1339 4465 1368 4517 et
