3284 5152
688 460 839 563 „ma-

169 651 325 733 'gsutioris
346 649 568 732 compositionis
588 648 696 717 indicia
715 651 866 726 maeno,
886 647 1030 715 vocalium
1049 646 1187 731 appiani,
1206 646 1344 730 quamde

183 771 259 829 rara,
272 752 503 835 haudquaquam
517 758 618 817 tamen
631 752 771 823 inaudita.

269 854 407 927 Proxima
422 854 549 921 musae
562 853 660 928 rerba,
675 873 702 919 r.
717 853 789 929 298,

383 953 485 1041 τιμᾷς
506 953 605 1042 τιμᾷς
626 947 671 1032 ὥς
691 946 815 1039 μήποτ’
836 945 967 1040 ὤφελον
986 945 1019 1017 σ’
1043 944 1135 1032 idria,

184 1077 314 1141 quorum
328 1058 526 1139 corruptelam
541 1065 572 1120 et
587 1065 716 1120 menum
738 1065 768 1120 et
787 1056 933 1119 sententia
948 1055 1051 1136 arguit,
1067 1055 1201 1123 certatim
1216 1055 1344 1127 editores

184 1160 386 1225 emendarunt.
419 1161 457 1223 Et
467 1159 503 1225 de
518 1151 574 1245 σφ’
589 1151 674 1231 idcir
683 1160 802 1243 qru'dsnr
817 1178 870 1242 pro
885 1148 913 1222 o'
930 1149 1012 1221 ideis
1025 1157 1197 1240 reponendo
1218 1157 1345 1222 dubitari

184 1264 301 1347 neqult3
316 1263 348 1325 in
362 1262 506 1347 principio
520 1270 620 1327 eutem
637 1262 710 1331 mihi
719 1261 790 1325 nibil
805 1260 985 1342 probabilius
1000 1259 1126 1334 videtur,
1144 1279 1232 1342 quum
1247 1260 1345 1347 τιμᾷς

184 1357 220 1427 τί
240 1359 323 1451 μήτις
343 1365 425 1455 quod
438 1362 594 1437 Matthiaoo
606 1382 725 1447 quoquo
741 1364 884 1446 placuisse
895 1364 995 1441 tidem
1008 1362 1084 1429 Cum
1095 1363 1198 1435 uculbi
1210 1362 1346 1445 indigua·

184 1467 266 1537 tione
277 1467 386 1541 Creusa
397 1468 494 1543 locum
506 1466 600 1539 illum,
612 1466 945 1549 proptsrirriurisesueo
955 1466 1131 1541 memoriam
1143 1465 1346 1544 sititianum,

185 1567 222 1639 si
244 1568 380 1651 lpotius
394 1569 472 1651 diligi
491 1569 623 1643 amens.
645 1566 842 1651 diligites?
859 1567 966 1651 iuquit,
987 1575 1024 1637 et
1038 1567 1173 1649 quidni
1190 1564 1346 1648 diligati

185 1672 295 1741 milret
313 1679 436 1755 propter
460 1673 604 1753 expletam
630 1671 668 1747 ibi
697 1672 767 1743 olim
792 1671 972 1753 voluptatem
981 1671 1020 1753 θ).
1036 1704 1078 1721 -·-
1092 1670 1128 1734 ln
1151 1670 1347 1754 sequentibus

184 1782 284 1841 autem
299 1773 379 1839 lonis
394 1773 490 1839 serbis
1034 1774 1045 1833 s

384 1866 419 1936 cl
441 1868 480 1937 de*
500 1873 628 1956 στυγεῖς
648 1869 689 1938 σύ
711 1874 771 1939 cosi
791 1870 876 1939 θεοῦ
896 1868 939 1937 cd
960 1871 1121 1960 φίλτατμς

183 1995 246 2041 non
259 1977 388 2047 mrdtum
403 1977 524 2058 quidem
538 1978 640 2053 refert,
653 1983 756 2051 utrumn
772 1978 1008 2060 interrogationis
1022 1977 1107 2060 simio
1121 1977 1210 2045 etism
1228 1984 1299 2060 post
1310 1969 1347 2045 ri

185 2074 223 2141 δέ
234 2080 330 2161 posito
345 2080 448 2145 lonem
464 2079 565 2143 mirari
578 2088 696 2145 aarum
708 2082 986 2146 iaciamusCrsusae
998 2082 1109 2156 odium,
1125 2098 1165 2147 an
1174 2080 1347 2145 continuate

182 2180 342 2247 verborum
367 2183 442 2247 serie
469 2182 505 2247 de
531 2201 618 2255 musa
643 2183 732 2247 buius
757 2183 817 2249 odii
836 2191 1036 2264 quaerentem.
1087 2183 1343 2260 Praestattsmen,

184 2284 300 2367 opinor,
313 2284 372 2349 hoc
385 2284 512 2347 alterum
526 2294 649 2367 propter
662 2285 738 2349 illius
752 2286 991 2367 responsionem:

384 2377 489 2449 οὐδέν·
512 2379 641 2461 ξύνοιδ’
664 2378 833 2469 ἄντροισιν
854 2380 1008 2470 αἰσχύνην
1029 2379 1113 2449 τινά.

183 2486 257 2551 Νιιιιι
274 2480 370 2552 οὐδέν
384 2506 476 2570 quum
492 2488 571 2563 dicit,
586 2490 657 2552 satis
672 2490 798 2553 declarat
812 2490 891 2552 nolle
904 2509 937 2552 se
952 2489 1012 2555 odii
1025 2490 1074 2555 sui
1087 2505 1205 2553 causam
1215 2489 1344 2570 aperire:

78 2636 83 2643 .
184 2591 253 2652 satis
275 2608 342 2652 esso
363 2591 443 2670 qrrod
463 2590 572 2672 aliquid
592 2590 783 2673 turpitudinis
803 2592 844 2654 illi
865 2593 930 2655 loco
946 2592 1098 2655 inhaerere
1112 2591 1194 2654 sciat
1238 2591 1277 2654 Et
1290 2591 1345 2654 lon

184 2692 261 2757 bauo
275 2692 337 2757 eius
353 2699 485 2757 mentem
500 2700 580 2755 recte
594 2694 758 2777 percipiens
772 2711 834 2757 non
847 2694 937 2759 instat
950 2695 1130 2775 quaerendo,
1145 2692 1199 2755 sed
1213 2693 1250 2757 od
1269 2710 1343 2757 con·

183 2794 295 2875 iugium
317 2795 444 2859 &susas
469 2813 638 2859 sermonem
661 2797 796 2860 deflectit.
852 2797 903 2860 llla
923 2796 1064 2861 maritum
1089 2814 1177 2858 suum
1207 2794 1343 2858 Xuthum

182 2897 264 2961 neoti
278 2896 382 2971 lilium,
396 2897 472 2961 lovis
486 2906 626 2978 nepotem
641 2917 705 2961 esse
718 2899 892 2980 respondet:
908 2917 998 2980 quem
1014 2898 1133 2978 quidem
1147 2897 1344 2979 pomcuaom

183 2998 290 3072 fabula,
305 3000 388 3061 cuius
402 3000 638 3080 andquissimnm
654 3008 806 3065 auctorem
820 3001 963 3065 babemus
978 3001 1139 3067 Hesiodum
1153 3000 1199 3063 uel
1209 3000 1343 3081 quisquis

183 3100 241 3162 luit
256 3101 459 3182 catalogorum
479 3102 676 3183 compositor,
694 3103 777 3166 Aeoli
796 3121 856 3167 non
871 3104 963 3167 lilium
978 3103 1031 3165 sed
1046 3102 1183 3177 fratrem,
1202 3111 1343 3184 nepotem

184 3220 247 3265 non
265 3202 343 3267 loris
360 3203 413 3267 sed
428 3203 556 3267 Hellenis
577 3223 644 3269 esse
662 3205 849 3286 perhibebat:
876 3222 1001 3287 eumque
1019 3203 1148 3269 fabulum
1170 3204 1261 3269 suom
1280 3204 1345 3287 ipss

185 3304 338 3386 Euripides
353 3304 384 3367 in
399 3306 488 3368 Aeolo
502 3314 622 3370 secutus
636 3312 690 3370 est.
721 3307 808 3371 Nunc
821 3315 920 3371 autem
937 3325 991 3370 cur
1004 3325 1069 3379 sam
1083 3307 1227 3388 spreverit
1240 3307 1344 3373 abem-

185 3425 244 3489 que
258 3416 308 3471 aut
321 3409 460 3489 adoptare
474 3414 525 3471 aut
538 3410 601 3490 ipse
616 3408 740 3473 fortasse
754 3410 863 3489 mpero
877 3410 1026 3482 maluerit,
1039 3410 1108 3472 licet
1121 3427 1176 3491 pro
1191 3417 1273 3475 certo
1288 3410 1345 3474 dici

184 3519 321 3591 nequeat,
348 3511 426 3575 baud
451 3510 638 3593 improbabili
659 3512 763 3575 saltem
782 3511 897 3575 ratione
919 3512 994 3574 milri
1012 3511 1172 3593 explicasse
1191 3513 1293 3576 sidem
1311 3513 1347 3577 in

185 3612 279 3677 schol.
294 3613 330 3676 nd
345 3613 461 3694 Prolog.
477 3633 505 3674 v.
521 3613 572 3676 63.
587 3646 631 3659 -
644 3612 766 3676 bliratur
787 3614 841 3679 lon
862 3614 913 3694 qui
931 3614 1043 3679 lactum
1062 3614 1114 3685 sit,
1135 3619 1171 3678 ut
1187 3614 1265 3696 repis
1285 3615 1344 3678 illis

184 3715 339 3799 peregrino
354 3715 386 3778 in
400 3716 624 3780 matrimonium
638 3715 766 3789 daretur,
781 3716 892 3781 scilcet
907 3716 976 3798 quia
988 3717 1053 3780 iuro
1068 3718 1250 3787 Graecorum
1268 3717 1343 3798 legi·

185 3819 290 3887 dmum
306 3818 384 3883 inter
398 3819 474 3881 cives
488 3824 605 3885 motum
620 3819 799 3883 connubium
815 3837 881 3882 esso
900 3818 1015 3885 solebat
1033 3818 1159 3885 exclusis
1171 3818 1342 3901 pereffluis,

185 3929 308 4003 excepto
322 3921 348 3983 si
363 3921 480 4001 quando
494 3929 545 3993 eut
557 3921 628 3987 totis
643 3920 807 3987 civitatibus
822 3922 1068 4004 permotionem,
1091 3928 1143 3989 cut
1156 3922 1277 4002 privatis
1290 3940 1345 4005 pos·

185 4023 367 4104 privilegium
382 4014 547 4104 ἐπιγαμία
560 4041 699 4089 concesse
713 4031 801 4091 esset.
827 4024 910 4089 Hanc
923 4024 1012 4107 igitur
1024 4022 1086 4093 sire
1099 4024 1344 4095 modusicam

186 4125 246 4189 sire
260 4126 354 4209 legem
369 4131 460 4208 posta
479 4144 558 4191 nunc
578 4125 666 4189 stiam
685 4127 820 4193 heroicae
840 4128 929 4193 aetati
946 4126 1065 4199 tribuit,
1081 4144 1141 4207 oua
1158 4134 1251 4198 aetate
1271 4127 1345 4191 nibil

187 4295 388 4321 *m

254 4380 281 4444 tl
298 4379 382 4432 litium
396 4381 423 4433 in
440 4381 531 4435 Aaron.
547 4381 635 4450 Agim
652 4396 677 4433 v.
697 4382 729 4433 14
744 4385 773 4435 st
787 4377 845 4451 pris
862 4396 912 4448 prol
925 4377 996 4452 ipsis
1008 4383 1038 4435 sb
1047 4380 1191 4439 Hermanno
1203 4383 1344 4452 repositum

187 4463 262 4531 lorge
273 4472 417 4521 moerorum
428 4465 582 4523 mnicctnris
593 4474 725 4536 mustus
736 4482 836 4522 moseo.

218 4547 276 4648 ιν.
1124 4553 1144 4616 e
