3266 5140
765 461 933 556 „tt-t„

282 658 386 727 s'st-‚
400 651 504 715 uehis
522 653 612 719 deors
633 654 873 714 osismios
893 650 948 713 des
971 651 1070 713 dreieo
1095 654 1126 714 in
1149 650 1326 715 Veriditns'ss
1345 662 1436 715 uetes

282 756 371 828 kouu,
386 771 481 834 neque
493 754 552 817 ιιιιι
567 753 647 815 verbi
662 772 821 834 mopsuere
840 751 911 815 setis
930 753 1079 833 exprimit,
1097 761 1127 815 et
1145 753 1278 817 Cioeroui
1292 755 1367 817 hene
1381 755 1434 817 tri-

282 858 346 919 buit
359 857 546 919 sententium:
566 856 725 919 constituto
739 875 790 929 eo,
809 874 868 935 quo
888 854 1017 935 primum
1037 863 1139 920 nuturs
1155 866 1319 930 moveatur,
1334 857 1434 920 duetu-

282 979 339 1040 que
352 959 421 1023 inde
435 959 505 1021 reoti
524 967 554 1021 et
570 959 687 1021 honesti
705 960 830 1031 ratione,
845 957 909 1020 fieri
923 977 1023 1039 posse,
1039 967 1073 1021 ut
1086 960 1157 1022 hsee
1172 978 1239 1021 cum
1254 977 1315 1022 uno
1330 979 1365 1022 ex
1380 959 1435 1022 iliis

251 1077 265 1123 r
283 1060 376 1124 tribus
391 1069 542 1140 congruet
585 1060 626 1125 lu
640 1059 721 1141 ioqui
736 1077 797 1122 non
813 1060 917 1140 potuit,
932 1060 990 1123 nisi
1005 1061 1091 1123 etium
1107 1060 1189 1124 eiiter
1203 1081 1237 1123 se
1251 1080 1314 1124 rem
1329 1061 1436 1124 hebere

283 1182 374 1244 posse
387 1163 519 1237 eredidit,
530 1163 559 1224 Ιι.
575 1182 599 1224 e.
615 1181 706 1244 posse
719 1162 791 1237 deri,
805 1171 840 1224 ut
852 1161 924 1223 recti
939 1163 1114 1243 honestique
1127 1163 1201 1226 rutio
1216 1182 1283 1226 cum
1298 1184 1343 1235 eo,
1358 1165 1436 1226 unde

283 1266 368 1329 duum
383 1266 430 1341 sit,
443 1284 505 1327 non
520 1273 675 1344 congruum
690 1264 768 1346 quod
783 1272 904 1345 opperet
917 1264 1078 1327 absurdum
1093 1284 1168 1328 esse.

368 1369 400 1430 in
415 1367 548 1448 proxime
562 1373 644 1447 perte
657 1365 746 1430 huius
761 1366 863 1446 ospitis
879 1384 980 1429 menes
999 1366 1077 1429 houd
1097 1366 1183 1429 dubie
1201 1376 1232 1429 et
1250 1368 1377 1432 obscure
1391 1378 1437 1431 est

283 1471 433 1534 Ciceronis
447 1468 615 1551 disputatio.
659 1468 733 1530 Nem
745 1477 902 1550 postquem
918 1468 1026 1549 posuit,
1041 1476 1130 1549 prout
1144 1469 1209 1549 quis
1221 1470 1257 1532 de
1270 1471 1367 1551 primo
1382 1490 1435 1553 up-

203 1646 205 1651 .
284 1574 375 1653 petitu
394 1580 515 1636 nstrurue
533 1571 679 1643 statuerit,
702 1570 739 1633 its
758 1570 844 1632 etium
866 1571 1040 1642 honestum,
1062 1571 1170 1655 quippe
1185 1571 1266 1634 unius
1281 1573 1355 1636 rstio
1370 1573 1437 1636 indo

284 1676 415 1739 duoends
429 1674 480 1747 sit,
500 1681 551 1735 snt
569 1674 605 1735 ed
625 1673 803 1754 voluptutem
822 1673 932 1747 referri,
952 1672 1051 1735 autad
1066 1672 1237 1736 vestutatem
1252 1674 1373 1748 doloris,
1388 1684 1438 1738 uut

284 1779 320 1840 sd
339 1776 386 1839 iile
406 1795 479 1857 qrue
497 1776 591 1856 prime
611 1784 731 1838 neturse
750 1775 953 1846 nominentur,
974 1783 1004 1837 et
1023 1774 1062 1837 ιιι
1077 1774 1210 1854 quidem,
1231 1788 1263 1839 ut
1278 1778 1435 1841 honestum

285 1880 323 1941 sit
336 1880 430 1941 isoere
444 1877 542 1940 omnin
556 1878 644 1940 unius
658 1876 779 1940 alicuius
794 1876 886 1938 erbis
901 1876 994 1939 tribus
1002 1878 1201 1957 consequendi
1212 1897 1308 1954 reuse,
1324 1879 1437 1942 etiamsi

284 1981 312 2044 ιιι
329 1980 408 2061 quod
424 1980 588 2060 appetimus
601 1981 725 2042 fortusse
740 1988 862 2060 proptor
876 1978 1082 2059 impedimenta
1097 1987 1175 2043 extre
1190 1989 1364 2060 potestatem
1379 2000 1437 2045 no·

284 2092 373 2147 strum
390 2082 485 2163 posits
499 2100 561 2147 non
576 2100 782 2163 assequamur,
798 2081 927 2160 adiungit
940 2081 1038 2143 stetim
1054 2082 1140 2143 hose:
1159 2080 1206 2145 Ito
1223 2082 1270 2164 fit,
1283 2095 1317 2146 ut
1329 2095 1438 2166 quanto

285 2187 449 2269 differentia
461 2197 503 2248 est
514 2189 548 2247 io
557 2188 713 2266 principiis
725 2183 953 2259 odoraretur)
968 2194 1050 2245 tereto
1067 2188 1104 2246 sit
1120 2187 1152 2245 in
1170 2185 1279 2266 finibus
1293 2185 1438 2249 bonorum

283 2289 485 2369 mulorumque
499 2286 708 2351 dissimilitudo.
737 2286 823 2367 Atqui
843 2304 900 2366 que
920 2286 1035 2347 tandem
1054 2286 1168 2349 ustione
1181 2287 1240 2349 hoo
1254 2288 1292 2350 its
1311 2289 1374 2363 fist,
1389 2289 1437 2351 in·

284 2391 371 2471 teiiigi
386 2407 447 2453 non
463 2398 573 2470 potest,
587 2390 644 2451 nisi
659 2389 741 2469 prius
755 2388 851 2450 edocti
866 2387 1022 2460 munimus,
1042 2406 1108 2450 esse
1123 2388 1172 2469 qui
1188 2389 1274 2452 tinem
1290 2390 1437 2453 bonorum

284 2494 314 2556 ιιι
328 2510 387 2555 um
407 2493 560 2554 honestate
577 2500 698 2572 ponent.
724 2490 852 2553 Debebat
865 2490 953 2570 igitur
968 2485 1071 2552 Cicero
1085 2491 1140 2552 tale
1155 2491 1223 2571 quid
1238 2493 1436 2572 praemittere:

284 2597 388 2678 quodsi
399 2595 467 2676 pisis
482 2594 626 2656 donorum
640 2597 671 2654 iss
685 2592 829 2655 sonorae
840 2596 976 2673 pontiur,
996 2593 1238 2672 qumodmoduss
1259 2593 1357 2656 multis
1367 2594 1438 2676 plo-

284 2710 333 2771 ret,
347 2702 389 2760 ito
402 2698 444 2778 sit,
459 2707 492 2758 ut
506 2707 556 2759 ste.
572 2694 695 2757 -Non
711 2695 808 2757 minus
824 2702 945 2775 propter
958 2694 1128 2756 brevitatem
1144 2695 1268 2757 obscure
1280 2705 1351 2758 sunt
1364 2714 1438 2777 quse

284 2801 383 2863 statim
398 2808 576 2879 sequuntur:
592 2797 651 2859 Alii
662 2815 769 2860 rursus
787 2797 888 2858 ιιιιιιιιι
907 2800 1091 2878 opriou’piis
1110 2814 1193 2859 omns
1213 2798 1345 2878 officium
1358 2800 1438 2880 ress-

283 2914 355 2965 suut
369 2913 420 2965 urst
433 2902 472 2964 ud
486 2899 662 2980 voluptutem
676 2910 728 2962 out
742 2900 780 2962 od
793 2915 854 2960 ooo
868 2897 1022 2961 ronedum
1038 2909 1089 2961 out
1103 2899 1142 2960 od
1152 2903 1254 2980 primo
1267 2900 1321 2962 illu
1334 2919 1439 2963 musu-

284 3007 354 3068 dum
371 3015 512 3067 ooturum
530 3001 692 3064 obtinendo.
722 3000 865 3063 Nimirum
886 3000 986 3062 omisit
1004 3000 1071 3063 illud
1092 3000 1198 3074 disere,
1219 3020 1278 3082 quo
1299 3020 1359 3064 uno
1374 3020 1438 3064 mu·

283 3108 361 3170 xime
382 3106 419 3168 sb
445 3105 494 3178 iis,
518 3122 595 3185 quos
621 3111 703 3166 entes
730 3102 983 3175 commemoravit,
1010 3103 1116 3164 irorurn
1142 3104 1286 3167 sententis
1306 3103 1437 3166 dissidet.

283 3211 357 3273 Nem
372 3210 480 3271 reterre
495 3206 590 3269 ottioia
604 3206 701 3268 autad
718 3203 896 3285 voluptatem
911 3211 961 3266 eut
974 3204 1011 3266 ed
1025 3203 1136 3267 doloris
1151 3205 1320 3268 vacuitatem
1337 3213 1388 3268 nut
1402 3204 1438 3266 nd

284 3313 378 3393 prium
400 3318 533 3382 naturae,
552 3309 611 3370 hoo
629 3307 746 3387 quidem
773 3325 932 3370 eommune
951 3313 997 3368 est
1015 3306 1158 3388 utrisque:
1181 3326 1276 3390 neque
1290 3309 1349 3371 hoo
1363 3308 1439 3371 inter

283 3434 335 3477 eos
350 3414 454 3485 differt,
467 3420 500 3474 ut
513 3410 594 3473 elteri
608 3409 707 3472 omniu
725 3408 788 3471 tieri
803 3408 920 3472 iubeunt
939 3409 974 3470 sd
990 3410 1195 3489 oousequends
1210 3410 1257 3473 ills
1272 3410 1437 3484 commoda,

283 3516 364 3579 elteri
378 3515 414 3578 ud
430 3513 600 3585 obtinendo,
619 3530 693 3593 quse
707 3510 848 3573 fuerimus
864 3511 1050 3592 consequuti:
1065 3530 1134 3574 num
1149 3530 1244 3594 neque
1258 3513 1306 3587 ilii,
1321 3513 1438 3594 opinor,

284 3618 382 3681 ottioio
404 3616 485 3698 itmgi
499 3634 565 3679 eum
581 3614 694 3687 dieunt,
710 3614 758 3695 qui
775 3631 865 3694 quum
881 3614 981 3676 omniu
996 3614 1107 3688 feeerit,
1124 3623 1156 3677 ut
1169 3615 1216 3679 ilts
1231 3622 1438 3696 consequntur,

285 3720 426 3792 obtinere,
441 3737 516 3800 quse
530 3724 730 3798 consequutus
747 3716 795 3787 sit,
810 3713 882 3776 nihil
895 3724 984 3789 curet,
999 3732 1092 3796 neque
1107 3717 1137 3778 hi
1152 3716 1190 3780 its
1208 3737 1295 3781 omne
1310 3717 1438 3781 officium

287 3905 444 3913 -—-W.-
466 3904 507 3910 ..m

353 4018 378 4078 2)
397 4017 427 4068 H.
439 4032 462 4068 o.
474 4022 549 4084 prout
560 4023 605 4067 sut
615 4014 732 4081 voluptss
743 4019 788 4065 sut
798 4012 894 4063 doloris
906 4013 1020 4065 vseuitss
1031 4021 1076 4065 sut
1086 4015 1165 4081 prims
1178 4022 1282 4068 orturus
1294 4022 1442 4069 sumuntur

285 4106 392 4173 primunr
403 4102 495 4170 sppeti.
520 4103 632 4168 Appsret
648 4099 726 4164 igitur
740 4098 791 4148 ulio
807 4112 885 4149 sensu
899 4102 1025 4168 principiis
1039 4100 1173 4153 mutnus
1183 4117 1256 4169 qus·
1266 4104 1353 4171 prim
1363 4104 1441 4153 satu·

286 4207 332 4243 ros
351 4189 407 4240 diei.
440 4187 509 4239 iisse
529 4193 588 4237 sunt
608 4192 679 4236 oerts
699 4184 819 4251 qusedsnr
836 4184 974 4248 eommods,
992 4200 1096 4252 quorun
1115 4186 1218 4252 priunum
1234 4188 1371 4255 oppetitum
1382 4201 1440 4237 osse

287 4275 367 4327 Stoici
378 4281 406 4325 et
417 4274 556 4326 Antiochus
568 4274 722 4322 stituerunt:
735 4267 779 4318 iilo
792 4268 890 4319 nomine
902 4269 1056 4335 designetur,
1069 4271 1185 4338 quidquid
1197 4286 1212 4322 s
1224 4287 1347 4339 quoqusm
1358 4271 1441 4339 philo-

287 4361 365 4427 sopho
381 4359 485 4427 primurn
501 4356 585 4423 uppeti
601 4353 729 4405 statuitur.
753 4352 841 4404 Latius
859 4353 1021 4421 igiturpatet
1036 4355 1213 4422 principiorum
1230 4356 1381 4408 naturalium
1393 4372 1440 4409 nu·

287 4462 352 4511 men,
364 4451 471 4512 suntque
488 4442 566 4509 prims
578 4446 682 4493 ustum
694 4438 742 4505 nn,
754 4445 871 4505 tunquam
881 4439 978 4506 speeies
987 4455 1087 4508 penore,
1101 4443 1287 4509 comprehensu.
