3222 5148
856 490 1007 588 Q...

347 684 426 747 hand
453 683 603 747 immerito
630 681 791 746 uidebatur.
842 680 891 744 Sic
918 680 1008 760 igitur
1028 678 1117 742 etiam
1140 680 1170 742 in
1192 679 1243 754 iis,
1265 699 1343 762 quac
1364 681 1442 765 apud
1460 681 1500 745 Gi·

348 802 488 849 octonem
513 786 599 847 Cotto
625 792 727 850 eontra
754 785 916 865 Epicurum
949 782 1099 864 disputat,
1128 801 1164 843 cr
1197 781 1320 846 alicuius
1347 783 1500 847 Academici

348 889 422 950 libro
447 888 527 950 haud
546 887 634 950 dubie
652 888 756 969 petita,
776 872 837 950 uon
857 903 951 967 pauca
966 903 1031 945 esse
1046 884 1195 958 uidemus,
1212 885 1248 946 de
1263 885 1371 967 quihus
1386 887 1501 949 dubitari

348 997 486 1071 nequest,
502 989 573 1070 quin
588 1006 649 1052 non
664 990 700 1052 ed
716 991 869 1053 ueritatem
884 987 1041 1060 dictasint,
1058 989 1110 1049 sed
1126 988 1218 1069 magis
1235 989 1304 1068 quid
1319 1009 1356 1053 eu
1370 990 1435 1051 eius
1447 990 1499 1070 ph·

349 1092 414 1154 citis
429 1090 586 1153 adversarii
604 1091 710 1153 elicere
728 1099 781 1154 aut
802 1110 891 1172 quem
911 1088 947 1154 ad
967 1090 1090 1152 modum
1113 1108 1148 1153 ec
1169 1090 1320 1172 adfingere
1334 1091 1501 1165 studuerint,

349 1212 438 1275 quam
455 1193 526 1273 quid
538 1194 593 1275 ipsi
608 1193 749 1276 placuerit
762 1195 928 1257 ostendant.
954 1191 1042 1254 Modo
1057 1194 1137 1255 enim
1148 1193 1263 1255 irrideri
1273 1194 1408 1258 ridemus
1423 1210 1501 1255 unam

349 1297 471 1359 deorum
487 1296 629 1357 visionem
645 1315 662 1356 e
677 1296 779 1358 multis
791 1296 899 1359 iactam
913 1312 1063 1375 unamque
1075 1295 1198 1356 deorum
1210 1294 1325 1369 faciem,
1342 1314 1404 1377 quo
1419 1296 1466 1358 liat
1475 1302 1503 1356 ut

348 1400 423 1462 nihil
436 1400 512 1461 inter
526 1397 616 1461 deum
630 1406 661 1460 et
675 1399 764 1461 deum
779 1399 896 1461 intersit
910 1416 966 1460 nec
978 1397 1179 1459 internoscere
1194 1416 1226 1458 se
1240 1398 1298 1480 ipsi
1308 1398 1384 1461 inter
1395 1417 1429 1460 se
1442 1416 1502 1481 pos·

350 1502 410 1564 sirrt
424 1501 461 1577 (c
478 1500 528 1575 29,
545 1499 596 1562 80.
613 1500 664 1576 30,
681 1500 745 1579 84),
761 1502 851 1564 modo
865 1507 965 1564 sutem
977 1517 1037 1561 non
1048 1499 1146 1561 solum
1157 1518 1245 1562 sexus
1256 1500 1464 1571 diversitatem,
1475 1507 1504 1561 ut

350 1605 399 1668 alii
419 1623 517 1668 mures
537 1605 598 1666 sint
617 1604 691 1668 aliae
710 1604 837 1666 feminee
859 1604 897 1681 (e.
919 1603 970 1677 34,
991 1602 1045 1679 95)
1061 1610 1092 1664 et
1106 1619 1180 1683 quse
1195 1602 1266 1664 hinc
1280 1611 1503 1684 consequuntur,

350 1707 524 1771 concubitus
531 1712 601 1789 puta
608 1714 638 1768 et
644 1706 804 1770 liberorum
815 1705 1061 1788 procreationem,
1072 1705 1122 1767 sed
1134 1705 1223 1767 etiem
1235 1704 1391 1769 herbatum
1402 1706 1504 1779 lovem,

348 1811 491 1892 galeatam
505 1808 664 1870 llinervem
682 1812 721 1888 lc.
737 1809 787 1884 35,
807 1810 891 1885 100),
917 1809 1063 1870 lunonem
1090 1807 1240 1888 Sospitam
1267 1825 1335 1871 cum
1361 1809 1439 1893 pelle
1461 1827 1505 1871 oa-
1562 1830 1563 1833 ¹

349 1913 434 1993 prinu
449 1919 480 1972 et
493 1911 626 1973 calceolis
641 1910 778 1992 repandis
794 1914 831 1989 (e.
848 1910 899 1985 29,
912 1909 977 1987 82),
994 1908 1076 1990 quusi
1087 1910 1160 1972 tales
1170 1927 1274 1992 reapse
1285 1912 1358 1974 deos
1368 1929 1434 1975 esse
1444 1910 1505 1992 Epi·

351 2014 433 2077 curui
447 2012 638 2076 crediderint:
658 2031 732 2093 quae
754 2031 848 2095 quum
870 2013 948 2075 inter
961 2031 993 2074 se
1008 2030 1139 2093 pugnare
1153 2020 1307 2094 appareat,
1322 2014 1506 2077 manifestum

351 2122 398 2179 est
422 2116 481 2177 hoc
505 2115 629 2178 alterum
644 2132 707 2176 non
720 2135 757 2177 er
772 2114 890 2196 Epicuri
904 2122 955 2177 aut
969 2114 1091 2177 alicuius
1106 2114 1242 2198 Epicurei
1265 2126 1367 2179 mente
1393 2117 1506 2188 dictum,

352 2218 405 2281 sed
417 2217 652 2280 adversariorum
667 2218 848 2280 cauillatione
864 2217 1050 2298 suppositum
1065 2236 1141 2280 esse.
1185 2218 1330 2299 Epicurus
1345 2219 1411 2284 sine
1426 2218 1508 2281 dubio

350 2322 410 2382 hoe
423 2337 516 2382 unum
531 2317 641 2395 docuit,
657 2320 818 2401 imaginum
834 2320 998 2393 divinarum
1015 2319 1186 2383 transitione
1207 2321 1375 2403 generalem
1396 2321 1508 2404 quidem

352 2424 508 2486 notionem
527 2423 650 2485 deorum
671 2424 801 2486 humana
824 2424 920 2486 forma
946 2423 1145 2505 praeditorum
1171 2424 1277 2486 animis
1295 2424 1421 2488 inditam
1442 2443 1509 2495 esse,

352 2527 389 2589 de
403 2525 526 2607 singulis
541 2534 644 2607 summ,
655 2527 729 2589 nihil
743 2527 869 2608 amplius
884 2544 920 2589 ex
934 2527 981 2589 his
995 2526 1158 2589 unionibus
1172 2526 1298 2609 percipi:
1316 2528 1419 2609 itaque
1439 2525 1510 2609 quali

353 2636 453 2693 essent
466 2629 580 2695 actione
594 2630 683 2706 vitae,
699 2635 815 2693 tantum
831 2631 920 2692 modo
935 2630 992 2693 dici
1007 2648 1108 2713 posse,
1125 2635 1271 2710 quantum
1284 2630 1360 2693 ratic
1380 2636 1512 2713 posoem

352 2739 405 2795 aut
424 2732 528 2805 ferret,
556 2739 590 2793 ut
614 2734 704 2795 uitam
730 2739 851 2813 agerent
870 2732 987 2796 heataua
1007 2750 1042 2795 ac
1055 2733 1284 2813 sempiternam,
1304 2739 1404 2796 celera
1419 2742 1510 2797 auten

354 2835 468 2910 omnic,
495 2852 556 2916 quc
579 2836 671 2899 modo
695 2836 773 2898 inter
786 2855 820 2898 se
832 2836 976 2910 virerent,
1002 2834 1109 2917 quihus
1122 2836 1322 2917 uoluptatibus
1334 2836 1513 2910 huercntur,

354 2946 384 3002 et
398 2956 475 3021 qum
488 2946 559 3001 sunt
572 2938 601 3001 id
616 2956 709 3021 genus
723 2938 788 3013 alie,
803 2956 926 3019 prorsus
941 2937 1125 3020 incomperta
1138 2956 1217 3014 esre,
1233 2939 1380 3022 variisque
1394 2938 1513 3023 proinde
1562 2936 1563 2939 ’

354 3041 558 3125 opinionibus,
584 3043 678 3105 medo
690 3041 799 3105 rationi
811 3056 872 3103 non
885 3040 1132 3124 repugnantibus,
1158 3042 1256 3105 locum
1277 3044 1401 3106 concedi
1416 3058 1514 3127 posse:

353 3145 606 3227 quemadmodum
621 3146 709 3207 etiam
726 3145 762 3207 de
777 3144 840 3208 eliis
853 3144 943 3208 rebus
956 3143 1086 3226 physicis
1100 3160 1160 3207 aon
1176 3144 1278 3227 puucis
1292 3146 1324 3208 in
1338 3147 1467 3228 ep‘mtela
1483 3143 1516 3208 td

353 3245 524 3328 Pythoclem
549 3247 627 3309 huuc
648 3246 787 3327 opinandi
811 3245 977 3309 libertatem
1003 3247 1220 3310 concedendam
1245 3264 1311 3310 esse
1330 3248 1383 3311 ait
1421 3250 1519 3313 (lottm

353 3368 426 3413 vero
449 3350 520 3434 quid
545 3349 718 3432 responderi
732 3364 748 3411 a
764 3347 873 3412 Velleio
886 3349 1017 3430 potnerit
1031 3349 1067 3411 de
1081 3349 1151 3413 lore
1164 3349 1301 3425 henham,
1323 3350 1519 3432 llinermge

353 3453 438 3545 lecta,
453 3454 566 3516 lunone
583 3452 702 3535 Sospita
715 3466 783 3516 cnm
799 3452 877 3536 pelle
888 3452 1007 3536 ospaina
1021 3452 1110 3516 etiam
1125 3470 1174 3515 mc
1187 3460 1304 3517 moeste
1316 3472 1372 3517 sua
1395 3457 1519 3537 quinque

354 3565 462 3640 sponte
485 3556 642 3637 intelliget:
668 3572 778 3640 nempe
802 3574 867 3619 esse
890 3556 1011 3638 quidem
1036 3554 1208 3620 huiusmodi
1238 3557 1367 3621 morum
1400 3560 1520 3629 roms,

354 3662 456 3745 qudes
472 3661 558 3742 rulgc
571 3660 728 3724 cedantur
742 3668 771 3722 et
784 3660 940 3741 tingantur,
956 3659 1012 3722 sihi
1027 3659 1254 3742 haudquaquam
1269 3661 1398 3741 ignom,
1416 3662 1521 3744 quippe

355 3778 450 3847 quum
473 3765 566 3845 pictos
591 3780 642 3826 cos
667 3769 719 3825 cut
733 3764 863 3842 sculptas
877 3778 1092 3845 saepenumero
1113 3763 1232 3839 viderit3
1252 3764 1316 3826 heri
1336 3764 1437 3845 igitur
1457 3780 1523 3827 sene

353 3885 458 3950 posse,
481 3872 517 3930 ut
530 3865 620 3927 mum
634 3864 665 3927 in
679 3864 792 3928 somnis
807 3864 863 3927 sihi
878 3872 1050 3941 occurrraut3
1071 3882 1131 3929 non
1146 3873 1247 3929 tanuen
1261 3874 1323 3929 tam
1343 3869 1480 3930 stultum
1494 3884 1523 3927 sc

355 3986 431 4045 esse,
447 3977 481 4033 ut
493 3971 547 4032 hes
561 3969 672 4033 lormas
687 3986 723 4031 ex
737 3986 804 4032 uem
819 3975 849 4030 et
863 3967 1034 4051 incorrupta
1049 3967 1213 4033 divinarum
1228 3969 1397 4050 imaginum
1415 3972 1523 4034 visione

356 4075 468 4149 ductas,
481 4093 515 4136 ae
525 4090 585 4135 non
598 4073 698 4156 potius
709 4072 824 4135 aliunde
839 4077 924 4134 nates
939 4078 969 4133 ct
982 4090 1084 4135 errore
1099 4078 1216 4136 tautum
1231 4073 1262 4134 in
1276 4073 1347 4137 deos
1363 4075 1524 4137 translates

355 4195 421 4241 esse
435 4178 590 4240 existimet.

440 4279 520 4343 Haec
533 4279 622 4343 habui
637 4297 711 4359 quae
727 4278 764 4340 de
780 4279 896 4361 Epicuri
909 4278 1056 4360 theologia
1071 4278 1210 4349 dicerem,
1225 4294 1286 4339 non
1297 4295 1358 4359 quo
1374 4297 1447 4341 eum
1459 4297 1525 4363 pro·

356 4382 469 4455 harem,
484 4416 527 4426 —
542 4399 602 4442 nou
618 4380 696 4442 enim
714 4381 874 4461 Epicureus
889 4399 967 4451 sum,
982 4381 1091 4444 ——sed
1106 4388 1140 4444 ut
1155 4381 1322 4444 conferrem
1343 4383 1463 4446 saltem
1479 4382 1527 4445 ali-

359 4483 443 4565 quid,
472 4503 530 4564 quo
555 4491 607 4549 aut
632 4490 770 4567 corrupta
796 4489 825 4545 et
850 4483 975 4546 obscura
995 4492 1128 4548 ueterum
1148 4483 1327 4566 scriptorum
1349 4485 1530 4550 testimonie
