3178 5136
873 458 937 524 258

330 648 436 713 tiarum
455 648 609 712 relationes
623 649 667 710 vel
686 646 913 719 adorationem,
932 653 966 707 ut
986 644 1165 725 personalia,
1184 645 1227 708 rel
1244 644 1283 708 ad
1302 646 1479 709 intuitienem

330 758 380 811 aot
394 748 600 828 cogitationem
616 749 808 831 loquentium,
822 756 855 810 ut
869 747 1121 824 demonstratiralr
1135 764 1232 828 neque
1244 767 1288 822 ea,
1303 767 1361 829 qua
1375 747 1415 811 illi
1428 767 1482 812 no·

329 852 409 914 mina
433 871 499 916 esse
521 852 668 927 ridentur,
697 852 811 916 etiamsi
837 849 1026 932 quantitatem
1050 858 1102 913 aut
1124 851 1291 931 qualitatem
1315 851 1481 931 sign‘dleaut,

329 971 391 1017 non
411 963 508 1018 tamen
527 964 682 1036 propterea
700 954 787 1034 longe
808 974 824 1015 a
844 953 1013 1016 nominibus
1032 954 1147 1017 diversa
1165 962 1250 1029 aunt,
1274 954 1384 1036 quippe
1398 971 1483 1034 qm

294 1065 309 1114 t
333 1058 405 1120 haee
416 1058 567 1138 qualitates
582 1067 633 1122 aut
645 1058 820 1139 quantitates
835 1056 914 1137 ipsas
925 1056 1097 1137 appellando
1109 1064 1196 1120 notas
1206 1057 1322 1130 neunt
1336 1056 1383 1118 illa
1392 1063 1483 1118 autem

328 1159 402 1222 nihil
415 1160 473 1222 nisi
487 1161 643 1224 relationes
659 1160 830 1242 qualitatum
845 1159 888 1221 vel
903 1160 1097 1240 quantitatum
1112 1170 1161 1224 aut
1179 1160 1216 1222 ad
1235 1159 1422 1222 intuitionem
1439 1166 1486 1219 aut

330 1262 367 1324 ad
393 1261 615 1341 cogitationem,
644 1262 753 1343 pariter
777 1270 812 1324 ut
835 1262 881 1325 illa
907 1262 1057 1342 superiora
1083 1261 1330 1337 substantiarum,
1356 1260 1485 1323 indioant

329 1362 429 1444 ltaque
443 1373 472 1427 et
485 1356 538 1438 τίς
551 1373 579 1427 et
594 1356 688 1439 ὅστις
701 1373 780 1427 reete
793 1363 971 1444 pronomina
986 1364 1138 1440 habentur,
1160 1382 1253 1446 quum
1269 1373 1300 1426 et
1313 1361 1486 1427 substantias

330 1466 495 1545 signibeent
508 1474 537 1529 ot
550 1485 649 1530 earum
665 1466 812 1547 quandam
827 1465 863 1529 ad
879 1465 1063 1527 intuitionem
1080 1473 1130 1528 aut
1144 1466 1354 1545 cogitationem
1368 1465 1487 1544 loquen-

329 1568 367 1630 tia
381 1568 567 1643 relationem,
587 1570 664 1632 bane
677 1568 799 1641 sollioet,
820 1576 854 1631 ut
866 1568 998 1648 ignotam
1013 1568 1040 1630 ei
1054 1585 1109 1630 neo
1128 1568 1200 1630 satis
1221 1567 1345 1631 delinita
1364 1585 1399 1629 ac
1416 1573 1488 1627 oerta

328 1670 451 1733 notione
465 1671 706 1751 comprehensam
723 1671 919 1734 substantiam
931 1670 1097 1751 designent3
1112 1678 1141 1733 et
1151 1667 1316 1748 τοιοῦτος,
1326 1663 1489 1741 amoc,

329 1767 443 1848 ποιός,
469 1767 588 1852 noete,
611 1773 788 1854 pronomina
808 1782 890 1845 sunt,
913 1789 975 1835 non
990 1771 1122 1846 nomina,
1142 1790 1234 1854 qmrm
1255 1790 1321 1835 nnn
1340 1770 1490 1833 nominent

330 1875 496 1955 qualitatem
511 1884 561 1937 aut
574 1875 778 1955 quantitatem,
794 1875 1042 1955 quemadmodum
1056 1869 1170 1950 καλός,
1189 1870 1311 1957 μέγας,
1324 1866 1491 1960 τρίπηχυς,

330 1978 383 2039 sed
397 1978 603 2041 tantummodo
618 1977 744 2040 similem
759 1978 905 2058 quandam
920 1995 1021 2039 earam
1031 1978 1203 2041 relationem
1215 1977 1362 2040 indiderat.
1390 1976 1490 2037 Verum

329 2080 402 2142 baec
415 2080 488 2142 ratio
503 2098 595 2160 quum
609 2098 625 2141 a
640 2078 785 2142 veteribus
800 2079 996 2158 grammaticis
1009 2098 1071 2143 non
1084 2082 1156 2147 satis
1167 2082 1257 2162 plane
1267 2078 1493 2162 permitteretur.

329 2182 436 2243 iantum
457 2189 517 2256 est,
540 2190 573 2243 ut
592 2181 712 2244 diverais
730 2191 852 2260 unaque
871 2183 1050 2261 pronomina
1069 2183 1203 2263 partibus
1228 2182 1444 2252 attribuerent,
1466 2178 1491 2239 id

330 2283 409 2363 quod
436 2302 527 2363 quum
552 2282 595 2344 rel
620 2282 823 2364 Apollonium,
853 2300 947 2347 unum
973 2285 1108 2349 omnium
1133 2284 1364 2359 sontissima,
1395 2282 1496 2345 iecisse

329 2385 488 2459 videamus
505 2386 605 2466 enquis
620 2384 790 2467 Dionysium
805 2385 909 2448 lesisse
923 2385 1085 2462 mirabitur,
1098 2394 1144 2449 tot
1156 2387 1307 2450 aetatibus
1321 2384 1455 2467 priorem
1468 2389 1495 2443 et

329 2487 474 2567 aliquanto
490 2487 589 2550 minus
605 2487 701 2550 adhue
713 2489 825 2551 monita
839 2496 901 2551 arte
914 2486 1125 2569 grammatino?
1139 2524 1182 2535 -
1210 2489 1265 2565 Aa,
1287 2487 1412 2553 obiiciat
1429 2484 1497 2547 mibi

328 2589 499 2664 bersellus,
518 2590 576 2651 boe
588 2589 689 2669 ipsum
703 2608 757 2670 ego
772 2590 896 2665 indtior,
915 2590 1087 2672 lliouysium
1102 2592 1133 2652 in
1146 2590 1254 2654 eodem
1270 2599 1363 2673 atqua
1377 2587 1496 2669 apollo

327 2691 410 2754 nium
433 2709 533 2753 errore
554 2701 700 2754 versatum
721 2711 802 2755 esse:
829 2711 945 2756 errasse
966 2711 1035 2755 eum
1067 2693 1159 2756 multo
1185 2694 1311 2773 gravius
1340 2690 1496 2756 eontentio.

327 2793 402 2856 Nam
416 2793 603 2873 Apollonius,
627 2794 740 2858 etiamsi
762 2812 824 2856 non
847 2794 969 2857 omnino
991 2813 1095 2857 rerum
1114 2794 1198 2870 vidit,
1220 2795 1286 2858 hoo
1306 2804 1411 2858 tamen
1424 2800 1498 2855 eerte
1571 2862 1572 2867 ἵ

327 2895 489 2975 perspexit,
505 2887 575 2973 b'de,
591 2883 696 2971 οὗτος,
711 2887 819 2973 αὐτός,
835 2890 957 2972 ἐκεῖνος
970 2916 987 2958 e
1000 2896 1156 2960 nominum
1171 2898 1334 2960 consortio
1350 2894 1499 2958 eximenda
1571 2914 1572 2917 ¹

328 3006 356 3059 et
374 2997 602 3077 pronominibus
620 2998 802 3078 adiungenda
820 3016 900 3060 esse:
933 2999 1090 3080 Dionysius
1110 3006 1207 3061 autem
1228 3017 1271 3061 ne
1295 3001 1359 3062 hoo
1382 2997 1499 3079 quidem

327 3098 477 3172 intellexit,
491 3098 544 3160 sed
558 3098 667 3179 pariter
681 3099 779 3161 omnia
793 3100 964 3164 nominibus
979 3100 1117 3164 adiunait
1136 3135 1170 3149 -
1194 3101 1303 3164 Talem
1320 3099 1498 3164 sententiam

326 3208 385 3261 um
405 3217 509 3280 parum
528 3217 582 3279 per
600 3219 634 3261 sa
652 3199 832 3281 probabilem
854 3202 905 3282 qui
923 3204 1100 3283 persuadere
1118 3203 1182 3266 aliis
1201 3204 1304 3284 carpit,
1326 3208 1501 3284 argumenta

326 3310 404 3363 narte
425 3309 475 3364 aut
497 3300 605 3382 aliquid
627 3312 867 3382 argumentorum
891 3305 986 3367 simile
1009 3306 1141 3385 prolerre
1164 3304 1306 3368 debebit:
1334 3300 1500 3368 cuiusmodi

325 3403 398 3467 nibil
422 3421 546 3485 prorsus
566 3423 582 3466 a
600 3404 740 3467 Lersolaio
764 3407 912 3486 prolatum
931 3416 984 3468 est
1023 3406 1098 3469 lllud
1117 3406 1194 3470 enim
1215 3406 1256 3469 de
1278 3409 1454 3471 formarum
1475 3412 1503 3466 et

326 3505 573 3584 significationum
589 3507 788 3570 convenientia
802 3508 910 3570 nullius
924 3508 1065 3588 ponderis
1080 3527 1147 3571 esse
1161 3510 1256 3572 modo
1276 3507 1502 3573 demonstrari-

325 3625 392 3669 mus
403 3610 445 3679 il.
475 3607 575 3688 Neque
588 3627 659 3671 rero
674 3609 757 3672 testis
773 3610 849 3672 illius
865 3610 1014 3690 opinionis
1029 3612 1185 3691 quiequam
1200 3619 1260 3685 eat,
1278 3612 1338 3674 sed
1355 3610 1410 3692 qui
1424 3627 1503 3673 unns

323 3718 438 3789 praeter
461 3709 649 3805 Apollonium
673 3711 781 3793 aliquid
814 3712 850 3774 de
874 3711 1004 3792 Dionysii
1028 3711 1161 3775 dootmna
1191 3713 1227 3774 de
1259 3712 1503 3793 pronominibus

392 3935 419 4000 9)
436 3936 531 3989 llodena
542 3939 670 4005 pertinent
685 3952 749 4005 qnae
767 3938 852 3989 verbis
868 3953 944 4005 snpra
959 3938 1157 3991 commemoratis
1173 3953 1188 3988 a
1202 3938 1341 3991 Lerselaio
1362 3941 1503 3991 addoatar:

324 4021 455 4086 „Endlielt
465 4023 535 4075 rmrd
544 4024 622 4077 redon
633 4039 683 4076 eur
694 4023 741 4075 der
751 4023 889 4091 liqhition
900 4024 1064 4077 mereatur
1074 4025 1203 4090 effnde,
1222 4023 1296 4077 dass
1314 4030 1390 4080 auen
1402 4026 1446 4078 da'e
1457 4025 1505 4077 lle·

323 4113 495 4159 monstratum
510 4111 536 4159 in
552 4107 685 4160 deauelbeu
702 4108 808 4159 Bereielt
822 4110 954 4174 galbera,-
972 4110 1038 4161 dean
1053 4110 1193 4178 Diwgaiarr
1204 4115 1275 4176 rogi
1287 4116 1334 4163 e'a:
1348 4110 1505 4180 Ἀνειφορι·

323 4189 374 4244 ardr
390 4190 422 4243 δὲ
440 4187 558 4262 (ὄνομά)
578 4192 639 4245 rora
654 4186 671 4243 ὃ
686 4193 733 4243 καὶ
748 4187 960 4263 ὁμοεωματικὸν
975 4196 1023 4246 set
1040 4192 1180 4247 damnato
1190 4194 1239 4245 aab
1258 4192 1506 4255 dnmuodoraadr

322 4278 453 4340 καλεῖται,
467 4276 498 4329 τὸ
512 4274 652 4346 ὁμοίωσιν
664 4281 815 4347 σημαῖνον,
832 4269 896 4331 οἷον
906 4279 1053 4345 τοσοῦτος,
1065 4280 1240 4346 τηλικοῦτος,
1254 4282 1410 4342 τοιοῦτος.
1447 4283 1506 4334 Ilie-

322 4363 389 4414 relbe
400 4361 577 4430 Antapodosis
588 4364 658 4429 aber,
670 4362 711 4414 die
721 4366 748 4413 ira
761 4363 810 4414 deta
818 4361 938 4415 Letalem
950 4363 1024 4431 lingt,
1032 4365 1120 4433 flam
1135 4366 1189 4417 siole
1203 4368 1231 4416 iu
1244 4369 1324 4420 mela
1336 4371 1370 4422 tta
1389 4360 1505 4431 tte-dr,

322 4434 472 4512 οὗτος-ὅς,
489 4440 638 4511 αὐτός-ὅς,
651 4442 839 4505 irrisor-defi
869 4448 904 4499 Et
921 4455 1003 4501 tamea
1021 4452 1081 4502 laen
1097 4445 1303 4510 ἁνταπόδοσις
1321 4472 1379 4511 aon
1403 4455 1505 4507 obstare
