3164 5138
871 434 915 507 NS

791 528 994 541 ...n-.—

315 637 486 712 argnmenta
506 646 599 693 unum
619 646 738 693 cannen
756 626 938 711 suppedidet
972 628 1122 703 Quaenam
1142 634 1242 690 essent
1259 642 1295 688 ex
1311 622 1399 689 iliade
1423 630 1474 687 aut

318 734 449 815 Odyssea
463 734 629 813 tragoediae
643 736 758 807 ductae,
773 731 942 795 Aristoteles
957 729 1084 794 indicare
1097 731 1237 812 neglexit:
1257 748 1293 791 ex
1306 728 1473 810 interpreti-

316 837 372 899 bus
393 844 491 899 autem
512 836 674 898 Aristotelis
693 854 787 911 unus,
808 836 857 915 qui
873 833 928 894 sibi
942 832 1117 898 intellexisse
1131 835 1290 907 rideretur,
1307 850 1369 894 uon
1382 849 1474 893 unam

314 948 364 1001 eut
379 939 467 1013 duas,
488 940 539 1001 sed
559 939 647 1018 longe
662 940 761 1021 plures
781 959 816 1002 er
834 948 960 1021 utroque
975 942 1103 1004 carmine
1120 937 1284 1017 tragoedias
1304 937 1474 1015 desumptas

315 1061 388 1115 esse,
403 1048 558 1121 propterea
572 1050 668 1104 totum
683 1043 764 1104 hunc
776 1043 874 1105 locum
886 1063 948 1105 nou
959 1044 994 1105 ab
1009 1046 1075 1125 ipso
1088 1040 1249 1112 Aristotele,
1263 1037 1316 1099 sed
1328 1036 1363 1100 ab
1374 1036 1474 1115 inepto

318 1144 457 1224 quopiam
483 1144 693 1223 interpolatore
719 1145 863 1225 scriptum
889 1167 953 1208 esse
979 1144 1138 1209 contendit.
1182 1142 1355 1217 „llultae“
1381 1140 1476 1219 inquit

317 1255 374 1321 „et
387 1248 466 1327 peti
482 1256 638 1327 possunt
652 1256 684 1309 et
696 1248 831 1327 petitae
846 1256 931 1311 sunt
945 1269 984 1310 ex
1001 1248 1108 1311 iliade
1123 1244 1324 1325 etOdyssea
1337 1252 1475 1320 tragoe-

317 1350 410 1423 diae,
424 1349 524 1411 rerbi
540 1368 648 1412 causa
664 1351 828 1432 Aeschyli
844 1351 1098 1431 Myrmidones,
1117 1346 1301 1421 Nereides,
1320 1341 1476 1426 Phryges

318 1444 514 1535 (Έκτορος
535 1446 687 1536 λύτρα),
704 1453 808 1515 etiam
828 1447 1080 1533 Ψυχοστασία
1100 1455 1326 1531 (quamquam
1346 1465 1476 1528 perso-

317 1573 441 1616 narum
456 1556 603 1617 nomina
618 1566 651 1617 et
665 1556 738 1617 lata
753 1575 792 1617 ex
807 1555 945 1618 Arctini
959 1555 1089 1619 Milesii
1104 1551 1316 1630 Aethiopide
1336 1558 1477 1629 sumpta

319 1659 455 1733 erant),
471 1657 711 1738 Psychagogi,
733 1657 931 1740 Penelopa,
956 1657 1153 1740 Sophoclis
1175 1655 1342 1734 Chryses,
1364 1653 1478 1732 Phry-

318 1779 393 1839 ges,
409 1760 609 1840 Thamyris,
625 1759 734 1841 'l'yro‚
748 1760 939 1841 Sisyphus,
951 1761 1123 1840 Nausicaa
1137 1756 1336 1838 (satyrica),
1347 1755 1478 1817 Phaea-

272 1877 301 1928 13
324 1881 383 1923 ces
400 1862 602 1943 (satyrica),
617 1862 777 1943 aliaeque
791 1863 1012 1941 aliorum.*)“
1043 1861 1188 1925 Nimirum
1204 1858 1333 1921 ostendit
1345 1857 1389 1919 rir
1403 1858 1479 1919 doc-

323 1964 468 2038 tissimus,
484 1983 516 2025 se
530 1982 585 2026 neo
599 1964 762 2027 Aristotelis
777 1968 953 2030 senteutiam
967 1967 1037 2029 satis
1058 1964 1260 2046 perspexisse,
1279 1980 1334 2024 nec
1348 1961 1385 2023 de
1402 1960 1479 2041 ipsis

318 2067 373 2128 illis
394 2067 563 2146 tragoediis,
585 2086 708 2148 quarum
727 2069 848 2131 nomina
865 2070 1026 2149 congessit,
1041 2077 1119 2130 recte
1133 2066 1269 2129 iudicare.
1299 2064 1373 2126 Nam
1388 2070 1421 2125 ut
1444 2061 1481 2124 ab

319 2187 352 2230 ea
373 2168 525 2249 incipiam,
552 2168 583 2230 in
603 2189 660 2249 qua
680 2170 745 2251 ipse
772 2171 918 2252 quandam
937 2170 1045 2232 erroris
1065 2171 1111 2232 sui
1137 2166 1346 2231 conscientiam
1369 2165 1481 2245 prodit,

318 2271 452 2352 Aeschyli
466 2271 702 2352 Psychostasiam
717 2281 833 2335 constat
846 2281 989 2336 uersatam
1004 2292 1071 2334 esse
1084 2273 1116 2333 in
1130 2270 1295 2333 Memnonis
1310 2270 1379 2341 lato,
1396 2267 1482 2331 cuius

319 2374 430 2439 fabulae
449 2375 527 2454 apud
547 2374 709 2437 Homerum
730 2376 808 2438 1111111
829 2395 954 2455 prorsus
973 2375 1084 2436 mentio
1105 2375 1150 2447 lit,
1176 2374 1228 2435 sed
1252 2372 1396 2435 cecinerat
1412 2390 1482 2433 eam

320 2477 458 2538 Arctims
472 2475 504 2537 in
519 2475 700 2556 Aethiopide.
730 2478 831 2557 ltaque
845 2483 1050 2557 argumentum
1065 2476 1229 2555 tragoediae
1240 2494 1310 2538 suae
1322 2475 1484 2555 Aeschylus

321 2600 356 2641 ex
372 2578 501 2640 Homero
522 2586 619 2657 petere
639 2580 718 2640 nullo
737 2579 828 2641 modo
849 2579 956 2660 potuit:
983 2579 1053 2641 illud
1072 2598 1165 2641 uuum
1185 2579 1371 2642 transtulisse
1390 2597 1424 2638 en
1446 2596 1483 2640 eo

322 2682 441 2755 dicitur,
462 2683 556 2761 quod,
584 2700 674 2760 quum
695 2680 842 2743 Homems
861 2682 960 2743 lovem
990 2676 1094 2764 κῆρας
1113 2681 1231 2743 Achillis
1252 2689 1280 2742 et
1295 2680 1429 2743 Hectoris
1451 2681 1485 2742 in

322 2785 429 2846 trutina
450 2785 677 2864 suspendentem
697 2784 798 2863 lingat,
822 2783 886 2864 ipse
906 2802 973 2845 eum
998 2783 1111 2846 animas
1133 2783 1249 2845 Achillis
1269 2792 1297 2846 et
1314 2783 1484 2846 Memnonis

322 2888 511 2949 trutinantem
528 2886 647 2948 induxit.
681 2886 742 2947 Nec
763 2886 861 2948 minus
881 2886 1053 2947 manifestus
1070 2904 1154 2948 error
1168 2886 1198 2947 iu
1213 2886 1413 2966 Psychagogis
1426 2893 1484 2948 est

322 2990 397 3051 Nam
416 2988 484 3050 licet
505 2988 592 3049 etiam
611 2988 642 3048 in
662 2986 807 3068 Odysseae
826 2997 910 3067 parte
928 2996 1079 3068 postrema
1098 2988 1257 3051 blercurius
1282 2982 1487 3073 ψυχαγωγὸς

323 3091 368 3165 sit,
383 3108 543 3170 procomm
558 3090 669 3151 animus
684 3089 716 3150 in
742 3090 850 3152 Orcum
866 3091 1023 3165 deducens,
1043 3090 1174 3170 Aeschyli
1189 3098 1287 3153 tamen
1301 3090 1486 3169 tragoediam

322 3210 385 3255 non
399 3192 431 3253 111
445 3193 501 3254 hae
515 3192 627 3265 tabula,
651 3193 703 3253 sed
723 3192 753 3253 in
768 3193 857 3255 rebus
872 3192 964 3256 midto
979 3192 1207 3273 posterioribus,
1233 3192 1332 3270 quales
1352 3192 1382 3252 iu
1397 3191 1486 3253 Tele-

323 3295 409 3373 gonia
425 3302 556 3355 narratae
570 3300 660 3367 erant,
671 3302 817 3357 versatam
832 3314 923 3357 essee
936 3296 1026 3357 schol.
1042 3294 1078 3356 ad
1094 3294 1197 3374 Odyss.
1224 3292 1271 3368 lll,
1290 3293 1349 3355 145
1362 3292 1488 3374 intelligi

323 3405 430 3478 potest.
477 3395 554 3469 Quid
569 3402 665 3456 autem
686 3396 722 3456 de
737 3396 902 3477 Sophoclea
917 3397 995 3479 'Pyro
1018 3394 1136 3458 dicam?
1166 3395 1249 3474 Apud
1265 3394 1427 3457 Homerum
1447 3395 1489 3456 de

323 3499 369 3560 illa
384 3498 502 3559 muliere
516 3497 588 3558 nihil
603 3497 678 3559 aliud
694 3507 837 3574 narratur,
853 3500 910 3561 nisi
925 3520 941 3562 a
956 3499 1093 3578 Neptuno
1117 3497 1170 3559 sub
1185 3496 1298 3577 Enipei,
1313 3515 1402 3577 quem
1417 3496 1488 3576 ipsa

324 3599 482 3681 deperibat,
499 3599 597 3679 specie
613 3619 815 3681 compressam
827 3602 902 3663 duos
914 3600 998 3673 filios,
1013 3600 1168 3661 Nestorem
1180 3608 1209 3661 et
1218 3599 1337 3673 Peliam,
1352 3617 1488 3678 moxque

323 3722 357 3764 er
383 3703 507 3763 Cretheo
529 3704 689 3777 Aesonem,
715 3702 883 3775 Pheretem,
910 3702 1122 3782 Amythaouem
1148 3700 1307 3782 peperisse.
1352 3699 1406 3762 ud.
1433 3700 1488 3777 XI,

325 3804 385 3865 235
411 3822 475 3883 sqq.
519 3804 631 3867 Hocine
656 3805 743 3885 igitur
762 3805 942 3883 Sophocleae
967 3803 1134 3883 tragoediae
1161 3812 1364 3883 argumentum
1390 3802 1488 3865 luisse

323 3905 513 3986 putabimus?
535 3906 629 3969 lmmo
641 3908 713 3969 alios
725 3906 772 3968 ille
783 3914 917 3968 auctores
930 3907 1040 3981 habuit,
1056 3908 1105 3987 qui
1117 3904 1213 3986 Tyrus
1225 3904 1350 3968 fabulam
1361 3904 1488 3968 uberius

323 4008 493 4088 persequuti
511 4017 606 4084 erant,
626 4009 789 4070 Hesiodum
809 4009 947 4083 teresse,
968 4009 1018 4088 qui
1040 4028 1131 4088 quum
1151 4008 1187 4069 de
1202 4017 1285 4089 patre
1300 4007 1395 4089 'l'yrus
1416 4006 1488 4069 Sal-

323 4128 445 4183 moueo,
462 4111 589 4191 itemque
608 4110 645 4170 de
661 4109 723 4170 eius
743 4109 871 4188 posteris
892 4112 1114 4191 exposuerim),
1135 4110 1222 4172 etiam
1242 4109 1336 4191 ipsius
1351 4108 1488 4172 tabulam

325 4222 674 4230 ——--..-........-...—-u

390 4259 411 4324 ¹⁸)
438 4259 528 4310 Hittor.
553 4257 642 4309 adAr.
665 4260 738 4311 Poct.
763 4278 787 4327 p.
801 4261 860 4313 248.

390 4344 415 4405 t)
439 4342 588 4395 Vidschol.
615 4344 729 4412 oqxll,
749 4346 885 4400 tc.sen01.
906 4350 977 4401 Pind.
999 4347 1126 4415 Nemltt,
1158 4347 1200 4398 92.
1222 4347 1308 4413 Steph.
1332 4346 1394 4413 Byn.
1415 4360 1438 4396 s.
1459 4361 1487 4402 r.
1540 4376 1546 4385 ·

320 4428 430 4482 Αἴσων.
456 4424 545 4480 Tzetz.
569 4428 738 4497 adLycophr.
751 4447 776 4485 y.
790 4430 850 4482 284.
