3222 5148
854 458 918 527 bib

309 655 436 738 qsuulna
450 652 669 735 signlfloatione,
689 651 731 716 illi
749 666 854 716 omnes
868 667 905 713 aa
924 648 1076 714 indomids
1094 657 1183 732 atque
1194 649 1400 714 immoderatis
1412 666 1465 713 na·

309 764 393 819 barae
404 755 512 818 viribus
527 774 562 817 ae
576 753 706 817 motibus
720 753 752 815 in
763 752 911 833 quoddam
924 752 1089 834 priseorum
1099 753 1256 816 bominum
1267 769 1360 833 mnus
1371 759 1467 815 mans·

310 866 504 932 mutarentur,
520 858 576 919 bos
588 857 718 939 quidem,
734 855 785 936 qui
794 863 898 937 postea
908 857 1077 930 extiterunt,
1093 855 1296 936 magnitudine
1309 871 1468 936 eorporm

310 980 345 1024 ee
359 960 466 1023 robore
485 959 570 1040 longe
590 957 804 1039 superantium,
824 965 957 1020 cetarum
975 958 1085 1041 pariter
1104 958 1291 1021 mortalitatis
1311 954 1468 1019 conditioni
1566 946 1567 955 ’

312 1062 517 1135 obnoxiorum,
538 1079 573 1123 ae
593 1068 717 1142 propter
730 1060 853 1121 nimiam
867 1059 1018 1135 ferociam,
1039 1077 1134 1140 quum
1147 1059 1237 1122 mm
1251 1060 1405 1139 insurgere
1418 1055 1469 1119 ad·

311 1182 413 1227 versus
429 1164 499 1226 deos
515 1161 667 1236 auderent,
687 1161 807 1224 tandem
827 1161 864 1224 ab
884 1161 931 1223 bis
946 1157 1211 1239 extinctorum.⁸⁰)
1253 1160 1355 1225 Talem
1369 1156 1469 1221 deGi-

309 1264 447 1347 gantibue
468 1264 637 1348 opinionem
658 1264 718 1325 iam
739 1262 861 1325 Homeri
885 1270 981 1326 aetate
1000 1268 1187 1346 pervagatum
1207 1262 1300 1325 fuisse
1319 1260 1469 1340 ooqnosei·
1522 1336 1528 1347 ι

311 1385 390 1442 anus,
417 1384 509 1445 quum
527 1374 648 1446 gentem
667 1383 772 1427 eorum
791 1365 910 1448 penitus
930 1367 1057 1429 deletam
1077 1363 1470 1443 aodnmm⁸1,t.eognatos

310 1477 411 1532 autom
425 1485 530 1530 eorum
543 1466 683 1549 Cyelopes
697 1467 728 1528 in
742 1468 941 1531 remotissima
953 1469 1078 1548 quadem
1093 1468 1212 1548 regione
1227 1465 1307 1528 ieros
1321 1473 1412 1545 atque
1425 1463 1470 1525 in·
1567 1454 1568 1469 ¹

310 1573 408 1634 enltos
423 1571 606 1649 deorumque
621 1575 843 1652 contemptores
858 1570 1004 1645 babitare,
1025 1571 1062 1633 ad
1077 1587 1154 1652 quos
1167 1567 1248 1648 quod
1263 1567 1379 1629 Ulixem
1393 1566 1470 1628 dela·

310 1681 377 1737 tum
396 1690 550 1752 unumque
570 1689 674 1733 eorum
693 1671 730 1734 ab
749 1673 798 1735 ilo
819 1682 1006 1736 ooooeoatum
1026 1690 1092 1736 esse
1105 1680 1193 1754 poeta
1208 1677 1324 1744 narrat,
1346 1666 1471 1731 dubitari

313 1794 375 1839 non
388 1782 496 1857 potest,
512 1774 584 1855 quio
598 1780 745 1837 vetustam
761 1774 889 1857 aliquam
905 1776 1036 1839 fabulam
1051 1774 1209 1856 arripuerit
1222 1790 1337 1853 suoque
1351 1770 1471 1833 oonsilio

314 1877 501 1957 adaptaverit,
517 1876 662 1955 genuinae
676 1876 894 1957 significationis
907 1887 960 1942 ant
974 1878 1093 1959 ignarus
1107 1884 1158 1940 aut
1172 1875 1348 1939 inernioeus.
1366 1873 1472 1936 Sedern

313 1977 487 2061 Cyelopibos
507 1986 557 2041 aut
570 1978 729 2059 Hyperiam
747 1988 798 2043 aut
817 1982 1108 2062 compropinquum
1124 1979 1267 2059 Hyperiae
1280 1976 1470 2057 assignat,³¹)
1568 2008 1569 2023 κ

314 2101 374 2164 quo
388 2080 511 2144 nomine
525 2081 556 2142 in
569 2088 683 2144 vetusta
701 2082 798 2144 inbuta
814 2083 860 2144 vir
880 2083 1041 2164 quidquam
1061 2084 1120 2145 nisi
1131 2082 1270 2164 simonior
1282 2078 1429 2161 quaedum
1443 2085 1473 2141 et
1568 2122 1569 2145 ;

313 2183 391 2249 aeria
411 2183 493 2265 regio
516 2183 675 2263 significata
695 2184 786 2246 rideri
806 2187 969 2266 potestlll
1012 2185 1196 2248 Posteriores
1214 2202 1304 2246 nemo
1319 2183 1416 2245 nesoit
1428 2182 1473 2244 bis

317 2285 439 2349 Homeri
454 2286 628 2367 Cydopibus
643 2285 771 2348 Sieiliam
786 2286 976 2349 habitandam
989 2287 1116 2359 dedisse,
1138 2286 1222 2350 ouius
1235 2285 1383 2368 opinionis
1398 2283 1473 2348 anti-

314 2389 493 2470 quissimum
517 2407 536 2450 e
555 2388 763 2470 superstitibus
785 2396 892 2452 testem
911 2385 1110 2471 Thucydidem
1135 2387 1347 2465 babemus.³⁴t
1389 2385 1473 2461 Quod

314 2509 409 2574 quum
424 2491 454 2553 in
469 2491 573 2553 eadem
593 2490 687 2553 insula
706 2498 829 2574 propter
843 2492 967 2555 Aetnam
987 2500 1122 2555 montem
1142 2491 1232 2553 etiam
1247 2490 1367 2553 Vulsoni
1380 2489 1474 2552 offici·
1569 2576 1570 2579 Ἴ

314 2610 384 2657 nam
402 2610 470 2654 asse
489 2592 701 2663 fabularentur,
725 2592 794 2654 huie
812 2592 909 2656 sooios
929 2594 1070 2675 conopes
1090 2602 1178 2675 etque
1197 2593 1350 2655 ministres
1369 2592 1475 2655 ad‘srn-
1569 2582 1570 2591 ’

314 2701 432 2768 serunt,
453 2694 563 2758 seilicet
583 2694 651 2775 quia
664 2694 805 2775 Cyclopea
819 2696 909 2757 mam
924 2696 1083 2759 fulminum
1096 2695 1254 2758 dovialium
1267 2693 1368 2757 iabros
1385 2695 1475 2757 luisse

312 2803 503 2878 eooeperant,
521 2797 654 2877 quamvis
673 2796 847 2860 Homerioos
865 2797 930 2861 illos
949 2799 1119 2880 longissime
1137 2797 1173 2861 ab
1194 2797 1367 2861 btuuemosb
1386 2796 1475 2860 mini·

314 2899 406 2963 sterio
428 2898 569 2979 omnique
591 2907 653 2960 arto
675 2899 770 2963 fabrili
785 2900 945 2963 abbmrere
959 2900 1149 2964 mausum
1162 2898 1211 2964 sia.
1255 2899 1358 2980 Neque
1370 2916 1475 2963 moer·

315 3003 408 3064 tiores
422 3000 512 3064 Siouli
525 3000 708 3073 dubitarunt,
723 3002 796 3084 quin
811 3023 827 3066 a
841 3003 1017 3084 Cyclopibue
1032 3004 1183 3085 quondam
1198 3012 1228 3064 et
1242 3002 1415 3083 Gigantibus
1428 3002 1476 3064 in·

313 3103 447 3167 eulaeus
461 3102 590 3165 habitata
604 3103 653 3178 sit,
667 3104 752 3167 euius
762 3104 805 3167 rei
816 3105 980 3169 certissima
993 3107 1173 3169 documenta
1181 3104 1338 3186 proferunt
1347 3103 1476 3185 ingentia

316 3205 460 3287 quaedam
474 3222 599 3286 eorpora
618 3203 650 3267 in
668 3206 781 3287 aliquot
795 3205 910 3269 Sieiiiae
927 3207 1060 3289 partibus
1078 3209 1207 3282 noenta,
1228 3222 1355 3286 quorum
1376 3208 1476 3269 dentes

315 3307 431 3388 aliaque
447 3325 513 3369 oasa
526 3314 558 3370 et
571 3325 589 3368 a
603 3318 637 3370 ee
650 3311 682 3369 et
695 3307 732 3370 ab
746 3307 810 3370 aliis
824 3309 886 3371 visa
901 3328 966 3373 esse
980 3311 1112 3375 Faaellus
1126 3308 1339 3388 amevmat⁸⁶l

401 3410 501 3492 longe
520 3411 641 3494 propius
661 3410 698 3473 ad
718 3428 818 3473 reram
838 3420 868 3475 et
887 3415 1044 3495 genuinam
1057 3414 1221 3496 Cyelopum
1235 3404 1477 3493 signillmu'oneai

314 3521 375 3577 tres
389 3514 431 3577 illi
445 3515 523 3596 apud
537 3514 700 3576 Hesiodum
715 3514 867 3588 emebant,
882 3533 1064 3598 quamquam
1078 3518 1104 3579 is
1118 3515 1251 3579 exomni
1265 3530 1402 3588 numera
1425 3512 1477 3595 qar'

315 3615 388 3700 quin
402 3617 496 3681 maior
509 3616 546 3679 ab
561 3616 645 3679 initio
659 3617 788 3679 eraditus
800 3617 839 3679 sit
854 3635 914 3680 non
925 3617 1037 3692 dubito,
1052 3627 1113 3681 tres
1125 3624 1241 3680 tantum
1253 3615 1364 3685 sseivb,
1379 3616 1475 3678 Bron-

315 3726 377 3795 ten,
399 3720 552 3800 Steropen,
570 3718 677 3799 men,
698 3719 810 3782 seilicet
829 3719 907 3798 quod
928 3720 1063 3802 pluribus
1077 3736 1138 3783 uon
1154 3736 1229 3800 opus
1244 3726 1308 3782 erat
1324 3718 1361 3783 sd
1374 3716 1476 3781 iuimi-

384 3855 428 3919 30)
447 3854 539 3906 Varias
551 3855 583 3906 de
595 3855 796 3921 gimtomaolaia
809 3857 971 3909 narrationes
984 3854 1120 3923 diligenter
1129 3855 1274 3920 eamposuit
1285 3855 1447 3909 Wiasaleraa
1458 3851 1477 3905 l

316 3938 334 3992 l.
364 3940 453 3992 .142s
487 3977 494 3991 .

346 3956 363 4008 ¹²
384 4026 428 4090 ω)
446 3956 492 4077 tl.
507 4023 559 4089 vn,
572 4025 682 4078 sm.

385 4111 428 4176 32)
446 4110 480 4163 lb.
494 4111 535 4176 Vl,
547 4114 572 4164 4.
584 4112 608 4164 b.
623 4112 663 4163 ubi
675 4106 777 4179 ἄνδρες
788 4108 1023 4181 ὑπερηνορέοντες
1034 4118 1167 4165 vooaatar.

385 4197 428 4262 dd)
446 4198 490 4249 Sia
507 4198 598 4250 statuit
614 4197 672 4249 Car.
689 4195 756 4250 (iuli.
775 4196 927 4263 Osset-wald,
945 4198 1108 4250 Honerlssbe
1121 4198 1309 4264 domebunqoa.
1328 4195 1347 4250 1.
1360 4194 1479 4250 Harum·

317 4283 447 4353 Odyssaus
460 4300 483 4351 p.
496 4283 536 4350 dd,
550 4282 704 4349 probabilius
716 4299 789 4350 quan
800 4283 947 4337 Nitssebius
959 4284 991 4336 ad
1003 4284 1049 4336 (ld.
1061 4291 1122 4336 tom.
1135 4283 1167 4336 lll
1179 4300 1201 4350 p.
1214 4282 1323 4337 xxvll.

385 4369 428 4434 ³4)
446 4368 559 4438 Thneyd.
573 4367 616 4429 vl,
628 4369 653 4420 2.

383 4453 429 4517 35)
444 4450 1076 4520 ὓοήιιιβίωίἰιεῦω.1111δ.1.ο.1ψῆ9.
