3190 5136
686 431 744 494 tte

124 622 183 684 aeri
197 638 310 683 sensam
322 619 574 699 cbr‘mtiauamque
584 617 766 699 disciplinam
782 618 923 682 adhibens
936 620 1003 683 ideo
1013 622 1194 704 vituperasse
1207 625 1290 689 dicor

15 752 16 767 ,
126 744 153 805 p,
175 725 206 797 5,
227 724 313 804 quod
337 742 412 803 quas
433 731 513 784 artes
535 720 703 784 haminibus
724 721 947 801 impertivisset,
968 742 1020 786 eae
1042 744 1147 789 omnes
1168 744 1230 790 non
1251 729 1288 790 ad

126 844 244 888 morum
263 825 446 906 probitatem
466 832 552 904 atque
570 823 660 886 animi
680 824 827 895 virtutem,
847 825 898 887 sed
918 826 956 888 ad
970 826 1043 889 vitae
1057 831 1244 893 necessitates
1259 840 1289 893 et
1307 844 1335 895 tt

14 942 16 947 ⁴
128 928 356 991 commoditates
376 934 557 1008 spectarent,
577 927 617 988 ita
635 935 669 988 ut
683 925 819 987 homines
840 927 876 989 ad
892 928 989 989 solum
1009 928 1139 994 utilitatis
1158 933 1287 996 studium

127 1031 330 1094 informaverit
340 1049 436 1110 eoque
445 1046 508 1091 non
519 1029 555 1092 dc
565 1028 694 1091 bonitate
707 1027 782 1090 ritae
795 1029 955 1108 cogitantes
966 1031 1114 1110 pellexerit
1126 1034 1163 1096 ad
1174 1034 1289 1110 vitium:

127 1133 158 1194 in
175 1151 236 1214 quo
258 1131 318 1194 sim
339 1151 369 1213 p.
390 1132 431 1193 54
450 1149 544 1212 usque
566 1151 602 1194 ee
621 1148 811 1211 progressus,
829 1140 862 1192 ut
881 1131 1091 1196 Prometheum
1110 1134 1153 1197 vei
1171 1136 1287 1199 diabolo

128 1235 366 1317 aequiparatam:
381 1234 486 1314 quihus
501 1233 600 1296 relatis
615 1233 754 1296 exclamat
766 1233 1017 1314 indignabundus:

302 1333 426 1421 τλῆμον
446 1331 640 1421 Προμηθεῦ,
662 1332 722 1398 τοῦ
742 1328 836 1421 δίκην
858 1330 999 1416 πάσχεις
1019 1331 1114 1416 πόδες

128 1439 192 1501 iure
213 1439 362 1518 indignari
385 1440 480 1501 virum
507 1438 652 1519 optimum
673 1439 791 1513 faterer,
818 1438 845 1500 si
866 1439 1003 1501 dixissem
1028 1457 1083 1519 eqo
1104 1442 1159 1504 ista
1179 1445 1286 1521 omnia,

14 1574 16 1579 v
127 1542 215 1603 etita
235 1541 393 1616 dixissem,
418 1550 452 1604 ut
470 1540 507 1602 ab
531 1541 579 1602 itio
598 1541 688 1603 relata
706 1548 790 1613 sunt,
816 1557 912 1621 neque
930 1541 1107 1606 addidissem
1125 1545 1212 1607 etiam
1232 1547 1286 1609 alia

14 1658 16 1715 t
126 1644 288 1724 quaedam,
315 1661 390 1723 quae
415 1643 462 1705 ille
479 1651 530 1706 aut
547 1661 610 1705 non
628 1642 843 1717 animadvertit,
868 1652 918 1706 aut
941 1662 1114 1726 quacunque
1139 1647 1176 1709 ds
1199 1667 1287 1712 eausa

126 1748 237 1808 mierre
256 1745 367 1818 naluit,
391 1747 523 1826 quamvis
544 1764 723 1827 magnopere
742 1746 777 1807 ad
796 1764 860 1807 rem
879 1747 1059 1827 pertinentia.
1108 1748 1181 1812 Nam
1207 1752 1286 1832 quod

125 1867 155 1929 p.
171 1846 313 1911 stt-52
330 1847 367 1910 de
381 1847 491 1909 artabus
506 1847 564 1910 dixi
583 1865 645 1910 non
660 1848 696 1910 ad
711 1846 887 1929 probitatem
901 1867 935 1910 ac
948 1850 1097 1925 virtutem,
1116 1851 1168 1913 sed
1182 1853 1219 1915 ad
1233 1871 1286 1915 ne-

126 1949 280 2012 oessitates
294 1958 409 2011 tantum
424 1951 705 2031 commoditatesque
718 1951 792 2012 vitae
811 1950 1023 2031 spectantibus,
1042 1969 1105 2014 non
1125 1971 1195 2017 sane
1208 1957 1286 2018 vitu-

47 2058 52 2064 '
126 2052 250 2133 peandi
272 2070 358 2115 musa
383 2051 455 2125 dixi,
482 2053 535 2114 sed
558 2063 590 2115 ut
613 2054 753 2117 benefitia
772 2052 939 2114 Promethei
963 2073 997 2114 ex
1015 2073 1085 2117 vero
1107 2057 1286 2121 aestimanda

126 2172 222 2236 neque
240 2156 340 2218 maius
363 2173 451 2236 quarn
470 2173 524 2235 par
545 2164 623 2217 esset
645 2155 770 2235 pretium
789 2155 826 2218 iis
846 2155 1032 2218 statuendum
1056 2174 1121 2218 esse
1141 2159 1285 2222 docerem.

125 2257 209 2320 Hanc
234 2257 276 2319 oh
301 2276 420 2320 oausam
445 2274 507 2319 non
526 2257 658 2319 sufficere
680 2258 753 2318 baec
775 2254 873 2318 omnia
897 2256 932 2318 ad
957 2275 1056 2319 veram
1075 2258 1285 2324 humanitatem

125 2360 242 2434 menni,
263 2358 318 2420 sed
333 2358 441 2440 requiri
460 2360 554 2421 maius
570 2358 709 2439 quiddam
724 2367 811 2439 atque
824 2358 962 2433 divinius,
982 2359 1061 2439 quod
1076 2377 1138 2422 non
1153 2362 1286 2443 imperti·

123 2462 197 2523 serit
209 2461 385 2523 hominibus
399 2461 594 2523 Prometheus
612 2478 708 2542 neque
721 2460 851 2541 potuerit
865 2461 1029 2541 impertire,
1044 2463 1181 2543 quoniam
1195 2464 1284 2527 huius

124 2563 315 2644 (impensatur
330 2581 406 2626 unus
421 2563 459 2625 sit
473 2563 508 2637 is,
524 2562 573 2644 qni
589 2553 820 2646 ἀριστοτέχνας
834 2559 954 2647 πατὴρ,
976 2557 1174 2650 ὅομιοοργὸς
1189 2559 1286 2644 δίκας

122 2684 158 2727 rs
178 2660 238 2727 καὶ
261 2656 418 2745 εὐνομίας
431 2668 527 2743 esst),
546 2665 658 2745 iupiter
675 2674 704 2726 et
725 2664 775 2745 qui
788 2664 865 2726 lovis
885 2664 1012 2727 ministri
1027 2685 1060 2727 ac
1079 2669 1154 2730 socii
1170 2678 1240 2731 sunt
1254 2670 1284 2731 in

122 2768 175 2829 vm
190 2767 353 2830 bominum
362 2767 470 2829 tuenda
484 2774 513 2827 et
525 2767 659 2846 regenda.
689 2765 854 2845 vituperavi
869 2775 964 2828 autem
980 2786 1008 2848 p.
1022 2768 1062 2829 49
1075 2769 1284 2833 Prometheum

122 2878 290 2951 propterea,
307 2869 387 2948 quod
402 2869 575 2949 opposuerit
590 2888 622 2931 se
636 2868 696 2929 lovi
713 2868 874 2930 inhumani
889 2870 1003 2948 generis
1018 2888 1086 2932 eura
1101 2879 1131 2933 et
1143 2879 1284 2953 tanquam

122 2971 313 3045 educatione,
329 2970 412 3033 euius
426 2971 516 3033 rectio
532 2979 562 3032 et
575 2970 738 3032 moderatio
759 2989 849 3049 penes
868 2972 947 3033 hune
965 2989 1057 3033 mrum
1073 2992 1138 3035 esse
1153 2974 1283 3038 deberet:

121 3073 299 3154 vituperavi,
327 3072 405 3152 quod
431 3071 494 3153 ipse
520 3080 622 3135 contra
645 3073 720 3133 lovis
746 3073 899 3152 imperium
923 3093 978 3136 suo
1000 3077 1091 3138 modo
1114 3077 1283 3141 hominibus

121 3173 280 3236 consulere
300 3183 424 3235 conatus
443 3175 494 3246 sit,
520 3174 628 3236 scilieet
653 3172 861 3253 sapientiorem
887 3195 919 3236 se
938 3176 1007 3238 love
1028 3186 1057 3240 et
1081 3178 1233 3242 meliorem
1254 3187 1283 3243 et

119 3276 280 3338 hominum
295 3275 488 3337 amantiorem
504 3294 570 3338 esse
583 3287 678 3349 ratus,
698 3276 835 3356 quodque
848 3279 1008 3356 perstiterit
1028 3280 1058 3342 in
1077 3280 1135 3343 hoe
1149 3282 1283 3358 consilio,

119 3379 257 3458 qmmvis
273 3376 453 3452 admonitus,
466 3396 583 3439 summa
598 3396 664 3439 cum
679 3378 852 3458 pertinacia:

309 3473 349 3540 τὸ
370 3473 416 3563 po)
439 3471 564 3541 εἰδέναι
586 3474 648 3564 peip
668 3475 772 3564 μηδὲν
793 3466 839 3542 ὧν
859 3473 1042 3565 ἡμάρτανον

309 3570 457 3660 ἔκκοομο
477 3574 600 3664 τόλμης
622 3572 733 3644 ἱκανὸν
754 3574 828 3661 ἔσχο
848 3579 907 3647 καὶ
927 3579 1085 3665 θράσους.

118 3686 252 3766 Apparet
266 3689 378 3755 autem,
392 3698 452 3761 quo
467 3681 568 3743 anima
581 3700 650 3762 erga
667 3682 765 3746 lovem
779 3684 974 3748 Prometheus
989 3687 1056 3761 tuit,
1076 3687 1179 3750 eodem
1194 3691 1280 3754 etiam

117 3785 261 3847 homines
280 3784 317 3845 ab
339 3802 374 3845 eo
394 3783 545 3845 institutos
564 3803 631 3845 esse
649 3785 797 3860 debuisse,
822 3788 920 3867 itaque
943 3807 1003 3851 non
1023 3791 1280 3867 amanteslovem,

115 3904 181 3949 nen
202 3891 379 3947 venerantes
399 3903 465 3946 cum
487 3885 607 3964 pietate,
631 3896 665 3949 ut
683 3889 857 3968 sapientem,
881 3891 1004 3965 iustum,
1022 3891 1147 3966 bonum,
1166 3904 1280 3974 patrem

116 3989 247 4068 datique
262 3987 337 4048 vitae
352 4004 475 4048 suorum
491 3988 717 4069 prospicientem
733 3991 870 4072 bonaque
889 3993 987 4056 omnia
1003 3994 1148 4074 sapienter
1162 4005 1191 4058 ct
1204 3999 1280 4061 iuste

116 4090 355 4171 dispensantem,
379 4089 431 4150 sed
455 4089 647 4153 abhorrentes
669 4094 768 4172 potius
793 4104 844 4156 aut
867 4096 1057 4158 formidantes
1086 4105 1165 4161 mehr
1184 4098 1281 4162 servili

115 4201 260 4272 tanquam
275 4189 450 4253 matevolum
465 4191 610 4273 bonisque
624 4195 778 4258 hominum
793 4198 979 4273 invidentem,
995 4198 1078 4261 cuius
1095 4201 1280 4280 asperitatem

123 4348 176 4355 u*-

189 4412 214 4477 ο)
234 4412 307 4465 rua.
321 4411 399 4464 reas
411 4428 435 4479 p.
449 4413 497 4464 svs
517 4414 626 4466 neus.
