3164 5138
889 464 910 531 λ

804 559 1005 567 o——uaem—

324 656 587 733 Agamemnonem,
608 652 740 732 quanms
759 652 844 731 pauci
864 650 1014 727 adessent,
1040 662 1150 727 tamen,
1169 660 1204 714 ut
1221 653 1253 714 in
1272 651 1426 727 concione,
1445 653 1480 714 ad

324 755 479 817 dicendum
491 756 664 829 surrexisse,
679 755 818 815 disertam
828 753 917 814 huius
928 753 970 814 rei
981 756 1170 829 mentionem,
1184 764 1219 817 ut
1229 771 1480 835 supervacaneam,

324 860 444 939 impune
463 857 499 920 ab
513 857 643 919 Homero
663 856 776 918 reticeri
791 855 924 935 pourisse
938 856 1115 920 iudicarunt:
1132 857 1211 937 quod
1225 856 1380 929 iudicium,
1400 874 1479 917 are·

323 960 517 1034 centioribns,
541 959 620 1039 quod
642 958 762 1038 quidem
780 976 834 1036 ego
857 958 1055 1035 meminerim,
1081 960 1219 1021 omnibus
1244 957 1479 1038 comprobatum,

323 1061 395 1122 mihi
414 1080 530 1142 quoque
550 1061 745 1122 rectissimum
764 1077 830 1121 esse
849 1059 1011 1138 doctum).
1032 1060 1188 1122 -Porro
1208 1059 1288 1122 iliad.
1302 1058 1328 1132 l,
1348 1057 1424 1131 490,
1445 1056 1482 1118 dc

322 1162 430 1224 Achille
449 1163 488 1224 ob
508 1172 656 1244 acceptam
676 1162 711 1223 ab
732 1163 949 1240 Agamemnone
966 1163 1102 1225 iniuriam
1121 1162 1210 1238 irato,
1237 1162 1313 1224 inter
1332 1160 1386 1222 alia
1410 1160 1482 1221 haec

322 1263 472 1326 dicuntur:
500 1255 575 1327 oder
602 1255 681 1327 ποτ’
709 1255 757 1338 είς
788 1254 907 1347 ἀγορήν
931 1258 1121 1326 πωλέσκετο
1150 1257 1372 1345 κυδιάνειραν,
1406 1251 1482 1321 οὔτε

289 1358 399 1436 4ποτ’
423 1360 458 1442 ἐς
479 1360 626 1447 πόλεμον
646 1401 702 1440 -—,
724 1374 826 1446 estque
840 1364 897 1426 loci
915 1365 991 1428 illius
1011 1373 1164 1428 contentus
1183 1363 1342 1438 eiusmodi,
1367 1373 1479 1424 utnon

321 1469 438 1549 possint
457 1469 528 1530 haec
546 1468 604 1529 nisi
620 1469 655 1529 de
669 1486 705 1528 eo
724 1477 858 1548 tempore
878 1468 954 1530 dicta
968 1468 1073 1549 accipi,
1094 1468 1173 1548 quod
1192 1467 1322 1531 medium
1337 1465 1392 1527 luit
1404 1465 1482 1526 inter
1538 1455 1545 1468 ⁸

316 1571 458 1632 'iniuriam
476 1569 596 1632 Achillis
618 1569 802 1649 reditumque
822 1569 947 1631 deorum
962 1588 997 1632 er
1011 1570 1163 1650 Aethiopia
1179 1569 1210 1630 in
1224 1569 1394 1649 Olympum,
1421 1585 1480 1646 qno

320 1691 373 1733 eos
384 1681 454 1752 post
468 1672 531 1733 dies
546 1671 716 1744 duodecim,
732 1671 808 1733 sicut
821 1670 922 1732 Thetis
938 1691 962 1733 v.
978 1672 1041 1732 245
1056 1669 1247 1752 praedixerat,
1267 1686 1401 1731 reversos
1415 1687 1481 1728 esse

319 1782 406 1854 poeta
424 1794 450 1835 v.
472 1773 535 1836 493
555 1782 709 1835 memorat.
757 1774 845 1853 Atqui
870 1772 948 1835 nulla
967 1791 1020 1853 per
1038 1773 1095 1834 hos
1115 1771 1269 1834 duodecim
1293 1771 1355 1831 dies
1376 1769 1480 1831 concio

318 1876 514 1951 Acbaeomm,
539 1875 652 1938 nullum
678 1874 824 1954 proelium
849 1884 1042 1937 memoratur:
1068 1883 1097 1936 et
1121 1883 1191 1936 sunt
1210 1882 1309 1935 tomen
1328 1871 1414 1934 verba
1433 1871 1480 1931 illa

317 1978 476 2051 eiusmodi,
505 1986 538 2039 ut
566 1976 788 2038 abstinuisse
816 1977 955 2039 Achillem
984 1983 1107 2056 propter
1130 1976 1204 2038 bam
1233 1973 1425 2037 concionibus
1451 1981 1481 2032 et

318 2079 436 2159 proeliis
457 2078 633 2158 significent:
659 2077 804 2139 abstinere
829 2087 927 2140 autem
952 2077 1053 2152 rebus,
1078 2096 1152 2158 quae
1171 2077 1266 2139 nullae
1284 2084 1367 2150 sunt,
1389 2093 1479 2136 nemo

317 2182 372 2244 dici
387 2189 494 2262 potest.
538 2180 638 2261 ltaque
664 2179 713 2241 bic
732 2198 848 2260 quoque
867 2178 1019 2242 reticuisse
1039 2178 1187 2241 Homerus
1208 2177 1334 2251 videtur,
1353 2196 1428 2256 qnae
1442 2175 1480 2236 ab

315 2283 497 2344 auditoribus
528 2281 679 2343 subaudiri
711 2281 862 2343 deberent:
890 2273 979 2354 εἰκός
1011 2276 1113 2342 κατὰ
1145 2276 1190 2343 τὸ
1224 2273 1480 2359 σιωπώμενον

315 2377 373 2446 καί
403 2376 579 2468 ἐκκλησίαν
609 2377 667 2445 καὶ
698 2376 844 2461 πόλεμον
877 2378 963 2465 πρὸς
986 2378 1063 2457 τούς
1092 2376 1283 2465 περιοίκους
1309 2374 1479 2463 γενέσθαι,

314 2485 410 2566 inquit
437 2480 545 2559 Senot,
575 2485 605 2545 in
634 2502 690 2564 qua
720 2483 865 2545 sententia
893 2501 956 2546 non
983 2484 1130 2545 intercedo
1159 2483 1294 2565 equidem
1319 2483 1480 2563 quominus

315 2588 544 2669 acquiescamus.
577 2620 618 2630 —
647 2584 707 2646 Nec
732 2584 893 2662 graviorem
921 2584 1115 2647 offensionem
1140 2584 1228 2647 habet
1252 2583 1303 2658 lV,
1337 2584 1406 2659 159,
1428 2586 1480 2647 ubi

314 2692 531 2769 Agamemnon,
552 2695 669 2767 ruptam
687 2686 813 2749 foederis
833 2687 921 2749 iidem
937 2687 1102 2768 increpans,
1119 2677 1158 2750 οὕ
1179 2681 1241 2767 μέν
1262 2706 1352 2763 πως,
1375 2688 1480 2768 inquit,

315 2784 411 2855 ἅλιον
437 2787 533 2854 πέλει
562 2782 675 2871 ὅρκιον
701 2775 787 2868 αἷμά
813 2808 851 2850 τε
876 2781 994 2873 ἀρνῶν,
1023 2781 1170 2852 σπονδαί
1195 2780 1226 2850 τ’
1255 2779 1394 2873 ἄκρητοι
1420 2786 1479 2851 καί

314 2888 425 2970 δεξιαί
445 2882 484 2980 ᾗς
506 2885 707 2970 ἐπέπιθμεν.
752 2891 898 2953 Notarunt
916 2908 988 2953 sane
1007 2890 1157 2963 nonnulli,
1179 2886 1292 2964 δεξιὰς
1318 2908 1398 2951 nunc
1412 2891 1480 2964 dici,

313 3014 404 3076 quum
426 2995 456 3056 in
476 2993 629 3073 superiore
649 2991 738 3069 libro,
757 2992 808 3053 ubi
828 2992 901 3053 ritus
917 2993 1044 3054 foederis
1063 2991 1212 3054 sanciendi
1228 2991 1398 3071 singulatim
1413 3012 1479 3054 me-

313 3106 474 3170 morantur,
489 3096 672 3156 dexterarum
689 3102 786 3156 umen
799 3095 834 3155 ad
850 3092 1023 3155 firmandam
1034 3094 1122 3156 tidem
1133 3094 1265 3156 datarum
1277 3094 1354 3157 nulla
1365 3097 1479 3157 mentio

313 3201 385 3261 lacta
406 3198 457 3269 sit,
482 3196 634 3276 utiturque
653 3196 897 3273 Lachmannns2)
923 3196 1009 3258 etiam
1035 3197 1092 3258 hoc
1116 3203 1303 3276 argumento,
1323 3216 1381 3277 qno
1400 3198 1479 3260 hanc

311 3310 424 3381 partem
446 3298 542 3361 lliadis
568 3318 602 3359 ex
628 3298 698 3371 alio,
724 3318 812 3378 quam
832 3299 1030 3379 superiorem,
1056 3298 1184 3360 carmine
1205 3298 1390 3378 desumptam
1410 3319 1479 3362 esse

310 3402 423 3483 probet.
468 3400 548 3474 Nos,
564 3401 697 3481 quamvis
718 3400 888 3480 ceteroquin
908 3417 971 3461 non
990 3416 1078 3461 vanas
1092 3399 1272 3462 Lachmanni
1288 3401 1477 3480 suspiciones

312 3522 378 3565 esse
392 3502 567 3577 iudicemus,
586 3503 655 3565 huic
674 3510 772 3565 tamen
792 3512 965 3582 argumento
986 3517 1048 3562 non
1068 3501 1191 3562 multum
1206 3500 1394 3564 tribuendum
1409 3524 1479 3566 esse

312 3604 508 3679 concedimus,
527 3606 578 3667 sed
594 3604 771 3668 audiendum
786 3605 886 3684 potius
905 3604 997 3665 schol.
1017 3602 1090 3664 BL.:
1111 3597 1220 3677 δεξιαὶ
1237 3597 1381 3685 ἐγένοντο
1391 3597 1477 3681 ἴσως

310 3701 410 3768 κατὰ
431 3702 473 3767 τὸ
495 3699 768 3785 σιωπώμενον,
791 3714 841 3767 aut
855 3705 1054 3769 Eustathium:
1071 3697 1257 3790 σημείωσαι
1274 3697 1305 3767 d’
1327 3700 1476 3770 incido

310 3801 365 3871 ὅτι
386 3802 420 3871 ἐν
440 3808 512 3884 τοῖς
533 3799 661 3891 ὁρκίοις
675 3801 733 3869 καί
755 3804 872 3884 δεξιῶν
893 3801 1045 3891 ἥπτοντο,
1069 3797 1099 3869 εἰ
1120 3801 1179 3868 καὶ
1193 3799 1337 3891 Ὅμηρος
1359 3800 1474 3892 οἰκείῳ

307 3903 400 3996 νόμῳ
429 3907 527 3975 τοῦτο
558 3904 708 3996 ἐσίγησεν
734 3904 768 3972 ἐν
796 3910 869 3985 τοῖς
894 3903 1087 3993 precoro,
1120 3898 1166 3982 είς
1198 3902 1257 3970 καὶ
1281 3902 1341 3970 ἐπὶ
1367 3899 1475 3971 ἄλλων

379 4166 402 4230 1)
421 4165 491 4216 Cori.
509 4166 537 4217 ll.
554 4167 606 4233 Vll,
623 4170 672 4219 dli
690 4178 717 4221 et
733 4170 796 4233 354,
814 4170 854 4220 ubl
873 4170 932 4221 item
949 4170 1138 4220 consedisse
1156 4169 1261 4233 dicitur,
1273 4171 1316 4235 qui
1328 4185 1375 4219 non
1387 4169 1471 4220 dictus

309 4259 365 4304 erat
377 4253 571 4303 surrexisse.

377 4336 401 4399 2)
420 4338 621 4403 betracbtungcn
646 4340 708 4391 iiber
724 4340 831 4390 Honers
852 4339 910 4392 llius
929 4358 952 4393 v.
970 4340 1000 4392 ll.
1020 4341 1049 4392 L.
1067 4342 1112 4391 ruit
1133 4340 1260 4391 Zns'a‘trcn
1279 4356 1304 4390 ν.
1322 4340 1355 4391 Μ.
1379 4340 1471 4408 llaupt.

309 4421 377 4474 bort.
391 4422 465 4474 1847.
478 4439 502 4490 p.
517 4422 556 4472 19.
