3284 5152
666 483 814 580 ..er-

155 693 251 758 neque
265 674 334 738 alihi
348 675 378 737 in
395 674 513 738 Graecia
528 674 617 738 uilem
633 678 854 742 memorabilem
870 670 1050 753 templorum
1066 668 1315 751 pulchritudinem

155 777 243 841 luisse
260 777 454 841 oerhssiruum
470 785 525 840 est.
553 779 610 841 Sed
625 780 714 844 datur
727 780 867 843 nimirum
882 777 955 839 haee
970 774 1051 836 venia
1067 772 1174 853 poetis,
1189 780 1224 834 ut
1238 783 1316 834 tem·

154 898 226 961 pora
241 879 425 944 confundant
438 887 469 943 et
483 899 617 944 summas
636 868 817 963 antiquitatis
837 878 997 961 imaginem
1019 875 1054 938 ad
1077 875 1223 957 qnondam
1247 894 1317 938 auae

154 984 255 1046 aetatis
270 983 493 1047 similitudinem
508 993 697 1066 componant.
714 1020 756 1031 -
765 975 981 1066 Ἅγυιάτιδας
1002 970 1190 1060 θεραπείας
1204 986 1317 1041 veteres

153 1086 337 1168 interpretes,
351 1086 432 1149 huno
445 1085 542 1167 ipsum
558 1088 656 1151 locum
670 1087 870 1170 respicientes,
886 1103 950 1148 aras
961 1081 1049 1146 riolas
1059 1099 1123 1144 esse
1135 1080 1217 1143 aium
1227 1080 1316 1162 Apol-

154 1188 206 1250 lini
235 1181 345 1270 odyssei
365 1196 565 1263 consecratas,
595 1185 672 1265 τοὺς
693 1185 761 1271 πρὸ
784 1188 850 1251 τῶν
871 1179 983 1266 θυρῶν
1004 1176 1150 1264 βωμούς,
1174 1172 1211 1245 οἳ
1233 1179 1319 1267 πρὸς

155 1284 251 1371 χάριν
273 1282 412 1371 &poetae
425 1282 634 1367 Ἀπόλλωνος
655 1288 786 1377 ἵδρυντο
798 1295 836 1371 ¹),
852 1290 953 1371 quales
968 1305 1047 1360 aras,
1070 1292 1104 1348 ut
1117 1286 1253 1361 Athenis,
1277 1287 1320 1349 sio
1362 1330 1367 1335 -

157 1393 245 1457 etiam
261 1392 380 1475 Delphis
395 1393 503 1475 passim
519 1395 631 1476 positas
645 1402 675 1458 et
689 1413 705 1457 a
720 1393 900 1465 mulieribus,
917 1392 988 1455 dum
1006 1389 1042 1453 ad
1061 1388 1207 1470 templum
1228 1388 1319 1471 Apol-

158 1496 222 1557 liais
237 1502 378 1577 pergunt,
396 1502 567 1577 eonspectae
587 1496 677 1560 luisse
701 1504 931 1560 consentaneum
951 1500 1004 1556 est.
1039 1492 1199 1556 Dissentire
1219 1500 1320 1555 tamen
1356 1514 1359 1520 ·

158 1598 272 1661 uidetur
287 1597 456 1662 Welolerua
469 1601 506 1675 ἵ),
528 1599 593 1680 qni,
614 1600 733 1663 sirecte
748 1606 878 1662 mentem
900 1597 954 1660 viri
972 1596 1216 1678 praestantissimi
1237 1615 1318 1659 asse-

158 1719 242 1782 quor,
259 1691 455 1781 ἅγυιᾶτιόας
478 1701 663 1783 θεραπείας
684 1702 792 1766 nonde
807 1701 853 1765 his
868 1702 927 1764 aris
942 1699 1072 1774 rialihus,
1089 1698 1140 1761 sed
1165 1699 1202 1760 de
1217 1697 1319 1779 imagi·

159 1802 245 1866 nibus
266 1801 386 1883 intelligi
404 1803 467 1866 vult
486 1804 516 1865 in
535 1804 639 1888 templi
659 1805 775 1886 lastigie
796 1803 970 1886 conspicuis.
1007 1801 1194 1884 „Agpieo‘⁸
1216 1800 1319 1882 inquit,

158 1906 369 1980 „introitus
383 1905 453 1970 deo
468 1906 751 1970 honorhahetur
765 1907 862 1972 omni
877 1905 1062 1969 introitus
1077 1912 1318 1967 ornamento:

158 2008 335 2091 imagines
357 2017 476 2072 autem
492 2010 527 2071 in
547 2009 702 2092 fastigio
722 2028 832 2092 supra
851 2009 1052 2073 introitum
1073 2006 1223 2089 positae
1245 2026 1320 2069 ma·

158 2129 261 2193 gnum
283 2112 462 2176 honorem
483 2111 682 2176 indicant.⁴‘
712 2113 801 2195 Atqui
822 2129 882 2175 non
904 2112 1034 2193 intedigo
1055 2118 1170 2183 tamen,
1192 2128 1251 2194 qua
1270 2128 1322 2172 ra-

161 2214 242 2279 tione
262 2215 326 2278 illae
347 2215 486 2298 imagines
507 2207 699 2297 ἄγυιᾶτιδες
720 2215 776 2279 dici
797 2214 960 2298 potuerint,
989 2233 1078 2296 quae,
1103 2215 1171 2278 licat
1191 2212 1321 2294 conspici

160 2318 284 2380 ionasae
300 2316 391 2382 devia
406 2325 536 2399 possent,
551 2335 610 2380 non
625 2324 726 2380 tamen
740 2319 822 2400 ipsae
834 2319 866 2380 in
880 2318 924 2381 sia
939 2327 1037 2394 erant,
1053 2324 1096 2391 et,
1113 2317 1137 2379 si
1160 2316 1225 2400 quis
1244 2316 1322 2381 lorte

161 2421 230 2483 illud
246 2421 399 2503 epitheton
412 2426 567 2504 propterea
584 2420 712 2502 positum
729 2420 814 2494 dicat,
830 2421 910 2502 quod
925 2422 1043 2503 Apollo,
1064 2421 1146 2484 osius
1169 2421 1200 2485 in
1218 2420 1322 2502 templi

161 2523 276 2605 lastigie
289 2524 345 2586 hae
359 2523 498 2606 imagines
512 2524 763 2605 conspicerentur,
779 2524 867 2587 etiam
874 2515 1024 2603 Ἀγυιεύς
1044 2532 1136 2597 esset,
1158 2525 1323 2605 permirum

162 2625 294 2707 prolecto
310 2632 340 2688 et
354 2644 477 2706 prorsus
492 2625 658 2689 incredibile
672 2634 726 2699 est,
742 2626 778 2688 ah
793 2627 851 2688 hoo
872 2625 934 2688 eius
959 2626 1132 2708 cognomine
1154 2644 1234 2689 nano
1254 2625 1321 2688 Del-

161 2728 238 2809 phici
252 2727 351 2808 templi
365 2727 506 2810 imagines
526 2727 678 2810 appellari,
700 2727 779 2809 quod
798 2726 879 2790 nullo
903 2729 1042 2791 modoad
1063 2729 1185 2791 tutelere
1209 2729 1323 2792 siarum

161 2848 282 2903 numen,
297 2830 348 2892 sed
364 2832 399 2893 ad
420 2831 572 2894 fatidicum
594 2830 703 2894 oraculi
722 2831 886 2911 praesidem
907 2829 1081 2913 pertinebat
1118 2830 1181 2894 lluo
1201 2831 1321 2905 aceedit,

161 2933 239 3014 quod
254 2933 285 2995 in
300 2931 355 2996 hae
369 2941 451 3014 parte
466 2931 606 2996 orationis
621 2934 730 2996 chorus
744 2932 876 2997 nondum
893 2932 929 2995 de
943 2932 1072 3014 Delphis,
1085 2933 1136 2995 sed
1152 2932 1189 2995 de
1200 2932 1322 2995 Athenis

93 3044 96 3047 ·
160 3041 277 3099 tantum
296 3035 435 3117 loquitur.
464 3035 616 3117 Adigitur
641 3036 763 3098 Athenis
785 3052 904 3118 quoque
923 3026 1117 3117 α’γυιότιόας
1136 3033 1324 3121 θεραπεῖαι

161 3145 244 3200 erant
259 3136 400 3218 imagines
414 3137 445 3200 in
463 3137 579 3220 lastigie
599 3138 701 3220 templi
721 3136 886 3218 ApoDinisi
900 3170 937 3183 -
955 3140 1098 3220 Apparet,
1119 3138 1239 3220 opinor,
1262 3154 1324 3200 non

163 3240 351 3302 deserendam
366 3240 457 3302 luisse
472 3247 603 3303 veterum
619 3240 812 3322 interpretum
828 3228 1049 3316 auctoritatam
1065 3240 1118 3304 sed
1134 3240 1262 3303 offendat
1276 3247 1323 3303 ta·

162 3359 232 3404 rnen
247 3342 373 3405 tortasse
387 3342 525 3422 aliquem,
540 3342 620 3423 guod
635 3342 679 3405 sio
693 3341 793 3404 deesse
808 3331 915 3423 aliquid
930 3342 966 3404 ad
989 3343 1216 3406 muoinnitstam
1240 3360 1321 3405 aom-

162 3443 322 3524 parationis
338 3444 441 3507 rideat.
465 3444 537 3506 Nam
554 3462 646 3525 quum
662 3443 804 3525 inpriore
820 3443 965 3516 membro,
980 3443 1030 3506 uhi
1045 3444 1081 3506 de
1094 3444 1215 3507 Athenis
1224 3463 1324 3507 sermo

162 3554 217 3620 est,
233 3546 292 3609 duo
306 3563 413 3628 genera
428 3563 580 3608 sacrorum
596 3551 882 3618 commemorentur,
898 3545 1008 3628 templa
1031 3546 1154 3609 deorum
1178 3546 1324 3609 columnis

163 3656 264 3711 emata
277 3657 308 3712 et
321 3666 388 3711 arae
404 3647 500 3721 aialas,
516 3649 546 3710 in
563 3647 664 3720 altero,
680 3647 730 3710 uhi
753 3665 821 3709 cum
842 3647 963 3710 Athenis
985 3648 1087 3730 Delphi
1107 3655 1323 3730 comparantur,

163 3769 223 3814 non
244 3753 315 3815 itam
337 3752 396 3814 duo
417 3757 502 3823 sunt,
528 3750 694 3813 sedunum
714 3749 804 3813 modo
828 3742 976 3830 διδύμων
999 3741 1189 3832 προσώπων
1211 3744 1324 3811 καλλι-

163 3848 332 3941 βλέφαρον
352 3855 440 3940 peta,
461 3872 537 3936 qnae
557 3851 645 3916 rerha
665 3852 798 3936 quamvis
818 3851 926 3935 aliquid
945 3852 1065 3916 luminis
1084 3852 1248 3932 designent,
1269 3850 1327 3914 hoo

163 3958 259 4039 ipsura
279 3957 471 4040 meaquid
491 3957 610 4021 sitnon
635 3957 706 4020 satis
732 3957 836 4019 ducet.
871 3955 947 4018 Nam
966 3955 1185 4021 recentissimus
1206 3954 1326 4036 quidem

165 4060 309 4141 interpres
317 4059 485 4143 hartungus
497 4058 658 4142 Apollinem
670 4058 792 4140 eiusque
802 4074 935 4120 sororem
942 4057 1064 4122 Dianam
1073 4058 1226 4141 significari
1238 4066 1326 4120 autu·

237 4297 260 4362 t)
272 4296 388 4350 hastath.
402 4295 525 4361 m.ll.11,
540 4295 570 4348 lt
583 4311 606 4362 p.
623 4294 679 4358 tae,
691 4292 732 4346 24.
759 4293 866 4362 lteapela
880 4309 901 4345 a
913 4310 939 4346 ν.
950 4289 1130 4364 &pedredan
1144 4294 1207 4347 hex.
1221 4293 1328 4359 Segosa.

166 4402 190 4452 P,
203 4383 261 4530 ³⁴2)
273 4382 334 4520 {glo
347 4463 483 4521 Deahmale
498 4467 509 4519 l
525 4482 548 4533 p.
564 4464 620 4519 ldd,
716 4514 719 4521 .

253 4547 300 4611 lv.
1105 4543 1125 4605 6
