3276 5144
819 423 970 520 Q

314 630 462 697 quoque
476 611 509 677 ri
523 616 836 692 suaacpotestate
858 611 900 674 ab
914 611 1039 694 aliqua
1058 611 1201 675 verbali
1221 613 1480 694 dispositione

314 719 370 797 (sic
380 716 460 777 enim
475 732 555 776 nunc
570 709 751 799 ῥηματικὴν
766 708 926 776 διάθεσιν
939 720 1110 777 convertere
1124 715 1232 791 licebit,
1254 715 1479 798 dispositionem

314 818 437 882 subiecti
463 818 578 896 qualem
598 834 690 897 genus
714 816 925 895 rerbiindicat)
952 824 1188 899 repetantur:
1218 837 1299 880 nam
1330 818 1392 899 qui
1417 819 1478 893 (tali

314 926 396 1002 voce)
412 919 859 1001 indignationemprodit,
883 919 1010 986 aliquo
1026 918 1132 982 modo
1148 921 1478 984 affectumseesse

261 1060 264 1073 ι
315 1021 1480 1103 ostendit3aflectumessoautemsignificatpassionemquan-

315 1128 393 1191 dam
420 1124 577 1203 (subesse),
604 1127 746 1205 qualern
772 1125 868 1187 actio
888 1124 1006 1204 aliqua
1033 1125 1216 1187 effecerit.
1249 1124 1396 1187 Nimirum
1423 1126 1480 1188 boc

314 1229 391 1292 vult:
413 1228 464 1309 qni
484 1226 723 1308 indignabundus
742 1227 894 1299 exclamat,
916 1227 1014 1307 aliquo
1030 1227 1120 1290 modo
1134 1246 1166 1289 se
1181 1228 1321 1290 allectum
1334 1237 1366 1290 et
1379 1227 1415 1290 ad
1431 1229 1480 1289 in-

315 1331 513 1411 dignationem
528 1337 697 1409 permotum
713 1348 779 1392 esse
793 1328 951 1408 significas:
968 1329 1018 1409 qui
1032 1337 1131 1392 autent
1143 1329 1186 1392 sic
1196 1331 1317 1393 affectus
1328 1338 1382 1403 est,
1398 1330 1481 1393 hunc

314 1451 435 1496 necesso
449 1439 496 1494 est
508 1432 618 1514 aliqud
632 1450 752 1513 passum
768 1450 846 1495 esse:
866 1432 947 1513 quod
961 1440 1060 1493 autcnr
1075 1451 1180 1513 passus
1196 1440 1251 1505 est,
1271 1433 1330 1496 boo
1344 1449 1405 1495 non
1423 1451 1479 1514 po·

315 1543 376 1598 test
389 1534 445 1597 nisi
460 1554 497 1597 ex
512 1536 608 1617 aliqua
622 1534 737 1598 actione
752 1536 893 1609 evenisse,
909 1552 997 1614 quam
1010 1534 1153 1597 actionem
1167 1535 1264 1615 aliquo
1277 1535 1365 1597 aerbo
1381 1533 1480 1615 eloqui

315 1636 416 1700 liceat:
441 1637 531 1717 igitur
551 1656 644 1718 quum
660 1638 726 1718 quis
741 1637 892 1710 exclamat,
918 1637 1007 1698 etiam
1024 1637 1144 1699 verbum
1160 1637 1316 1710 actionem,
1339 1637 1419 1699 unde
1432 1637 1480 1699 illa

315 1739 414 1822 passio
426 1740 564 1812 creuerit,
581 1740 747 1820 significans
757 1739 933 1819 subintelligi
945 1739 1063 1821 poterit,
1079 1741 1159 1819 quod
1171 1759 1263 1821 quum
1275 1741 1315 1802 isa
1327 1739 1373 1811 sis,
1387 1757 1481 1821 prop-

315 1849 362 1905 tor
375 1841 612 1904 subintellectum
635 1841 706 1903 illud
722 1840 844 1902 verbum
859 1841 947 1903 etiam
962 1842 1189 1904 exclamationes
1204 1843 1276 1904 istae
1291 1843 1321 1903 in
1335 1842 1480 1905 adrerbiis

316 1944 518 2007 numerandae
539 1948 619 2005 sunt.
655 1943 692 2005 Et
715 1943 751 2005 ad
771 1942 1004 2006 confirmandam
1024 1953 1085 2005 tam
1100 1951 1233 2023 argutam
1249 1944 1480 2007 demonstratio-
1508 2025 1515 2034 .

316 2062 386 2108 nem
406 2045 495 2107 etiam
510 2045 655 2107 eiusmodi
670 2045 803 2125 exempla
818 2046 946 2116 adhibet,
967 2045 1017 2107 ubi
1039 2045 1174 2109 adverbia
1195 2046 1342 2126 qualitatis
1355 2047 1385 2108 iu
1401 2040 1479 2108 &ssu

316 2142 464 2234 φωνήσει
487 2156 678 2229 usurpantur,
704 2149 784 2210 velut
810 2166 904 2228 quum
925 2149 1024 2210 andita
1045 2154 1096 2210 aut
1117 2155 1273 2230 conspecta
1292 2156 1344 2210 aut
1365 2154 1480 2229 gustata

316 2249 413 2331 aliqua
421 2268 463 2325 ro,
474 2251 643 2331 quaenobis
654 2252 775 2331 placeat,
785 2244 1210 2334 edulioru,i,'drorc,euge,
1225 2250 1334 2322 belle,
1350 2251 1478 2325 bravo,

316 2354 431 2416 schdn
450 2361 504 2415 etc
531 2353 667 2429 dicimus,
693 2371 789 2433 neque
814 2351 961 2433 releuauit
986 2361 1128 2432 quantum
1155 2354 1290 2416 differant
1308 2353 1480 2416 huiusmodi

317 2454 465 2526 uocabula,
490 2473 566 2536 quae
586 2464 696 2519 cenam
718 2455 863 2536 qualitatis
881 2455 1121 2535 significationem
1138 2456 1388 2537 habentideoque
1402 2455 1480 2519 indi·

316 2558 396 2624 oium
416 2557 566 2653 loquentis
586 2559 725 2631 indicant,
751 2558 787 2620 ab
807 2558 872 2621 istis
892 2557 1163 2632 exclamationibus,
1186 2577 1261 2640 quae
1276 2558 1350 2621 nihil
1363 2566 1483 2638 praeter

316 2661 456 2725 allectum
482 2662 628 2741 mendam
654 2661 795 2742 produnt.
830 2660 907 2722 Solis
927 2659 1071 2723 adverbiis
1097 2660 1209 2740 absque
1223 2659 1313 2722 aerbo
1339 2660 1482 2724 indicium

316 2762 439 2825 indicari
463 2763 534 2827 satis
556 2771 617 2837 est,
643 2763 883 2844 quandoquidem
904 2761 973 2841 quid
994 2761 1071 2824 desit
1085 2763 1122 2825 ad
1136 2762 1253 2843 plenam
1269 2761 1481 2825 enuntiationis

315 2863 446 2931 formam
470 2862 555 2927 facile
573 2882 691 2945 semper
712 2864 863 2927 subaudiri
877 2864 1054 2945 potest²¹l3
1078 2864 1151 2926 istae
1164 2883 1251 2926 rocus
1271 2872 1382 2937 cenna,
1406 2882 1481 2945 quae

316 2966 428 3031 umam
444 2966 622 3046 qualitatem,
647 2966 774 3048 ideoque
794 2966 909 3028 nullum
929 2965 1079 3048 loquentis
1099 2965 1250 3039 iudicium,
1271 2965 1322 3027 sed
1337 2964 1410 3027 nihii
1426 2964 1482 3028 nisi

317 3076 503 3132 commotum
523 3069 655 3131 animum
677 3068 848 3141 ostendunt,
867 3069 1000 3148 quamvis
1020 3085 1142 3130 neeesse
1157 3067 1195 3130 sit
1209 3069 1290 3131 hunc
1302 3068 1398 3148 aliqu
1412 3081 1481 3149 pas-

316 3170 399 3237 sione
426 3170 552 3249 ideoque
566 3170 654 3233 etum
676 3170 773 3249 aliqua
793 3169 907 3231 actione
921 3169 1066 3249 passionis
1081 3170 1224 3233 enecatos
1238 3170 1282 3232 sic
1296 3180 1481 3234 commotum

317 3288 392 3344 essu
411 3280 512 3337 tamen
532 3290 607 3351 quae
626 3273 664 3334 sit
677 3272 751 3334 baec
765 3272 840 3337 actio
855 3279 886 3334 et
900 3290 1032 3353 quonam
1046 3271 1135 3336 aerbo
1149 3272 1302 3336 mdicanda
1316 3273 1364 3347 sit,
1384 3290 1481 3354 neque

317 3374 491 3454 significant,
506 3392 603 3456 nequa
618 3373 768 3437 subaudiri
782 3374 978 3455 poscuerit).

318 3511 501 3564 simoniale
513 3527 600 3578 progr.
614 3527 698 3581 nnn.
711 3508 830 3577 liniplsoi.
853 3510 994 3577 Regimoet.
1010 3512 1075 3563 1853
1086 3512 1168 3576 edito,
1181 3527 1207 3578 p.
1220 3511 1262 3575 23,
1274 3526 1355 3579 neque
1365 3510 1481 3577 intelligo

318 3613 366 3665 qna
387 3599 486 3649 ratione
502 3613 582 3664 nuper
598 3597 741 3649 eeruseims
756 3596 898 3649 emendatio
914 3596 1001 3662 sperni
1017 3599 1131 3662 potnerit
1146 3598 1178 3650 sb
1195 3596 1247 3650 nlio
1260 3597 1316 3649 viro
1330 3598 1419 3660 docto,
1438 3597 1482 3664 qni

317 3698 365 3749 pao
382 3687 478 3736 πεῖσιν
493 3685 576 3750 potios
594 3678 726 3737 διάθεσιν
742 3683 821 3735 scribi
833 3682 897 3747 uult,
911 3690 1058 3748 propterea,
1075 3690 1104 3735 ut
1114 3684 1164 3748 sit,
1187 3684 1253 3752 qnod
1265 3680 1298 3734 τὸ
1311 3685 1418 3735 παθεῖν
1431 3698 1480 3733 non

318 3768 445 3835 signifieat
459 3768 560 3835 (δηλοῖ)
578 3773 683 3833 πεῖσαν,
699 3770 743 3820 sed
760 3770 816 3834 ipsa
829 3771 923 3827 πεῖσις
933 3769 977 3821 sit.
1000 3768 1057 3821 Non
1070 3770 1199 3835 reputavit
1211 3769 1310 3820 scilieet
1323 3770 1409 3821 eodem
1421 3769 1481 3819 inre

318 3854 368 3905 diei
379 3869 467 3918 posse,
484 3852 516 3906 rb
530 3858 636 3908 παθεῖν
648 3873 697 3907 non
710 3854 854 3921 significare
866 3847 1008 3917 διάθεσιν,
1025 3854 1139 3905 sedasse
1152 3854 1232 3920 ipsam
1244 3849 1391 3907 audaeus·
1415 3853 1481 3906 Nam

318 3933 336 4005 'l
351 3935 483 3997 διάθεσις
494 3937 511 4006 ἢ
524 3936 651 4007 δρᾶσιςῆ
666 3943 768 4005 πεῖσις,
780 3941 860 4009 inqnit
871 3941 952 3992 schol.
965 3940 1069 4009 Dionys.
1082 3954 1107 4005 p.
1120 3939 1178 4005 883,
1192 3940 1233 3990 16.

387 4023 431 4089 21)
448 4024 495 4076 nst
507 4025 586 4090 igitur
597 4025 735 4092 eupoleon
746 4042 825 4092 genus
837 4025 951 4085 dicendi,
963 4026 1083 4092 siquidem
1096 4032 1166 4076 recte
1178 4023 1351 4090 Burmannus,
1362 4024 1455 4091 Optnso
1469 4023 1480 4077 l

320 4124 344 4175 p.
359 4108 416 4172 lbi,
428 4109 530 4175 ellipsin
542 4111 694 4175 stadeloit,
711 4118 740 4162 nt
751 4112 787 4162 sit
799 4111 901 4163 omissio
913 4108 1029 4161 tumbali
1047 4109 1112 4176 qnod
1125 4110 1175 4162 atsi
1187 4126 1236 4160 aon
1248 4110 1343 4162 dictum
1354 4110 1482 4173 mitens

319 4201 411 4246 tanen.
426 4223 457 4232 -
471 4194 543 4261 „We
554 4196 600 4246 der
612 4192 727 4248 ieblende
739 4196 836 4261 liegrilf
844 4197 906 4248 anob
920 4197 983 4247 ohne
996 4195 1075 4247 Wort
1086 4197 1155 4247 nicht
1167 4197 1280 4248 verlelslt
1289 4198 1392 4248 werden
1405 4198 1482 4263 hon,

320 4293 389 4330 nass
406 4279 479 4342 (oder
490 4277 558 4343 dari)
575 4280 620 4331 dss
633 4279 711 4332 Wort
726 4278 887 4346 wegbllenf‘
910 4279 1021 4346 Diestel,
1043 4282 1083 4333 die
1101 4280 1236 4333 mionelle
1246 4280 1483 4349 Sperchios-scians

320 4379 346 4430 p.
366 4363 424 4416 181.
452 4417 454 4423 ,

389 4447 433 4515 22)
451 4447 576 4501 Perverse
588 4447 734 4503 Priscianus
745 4450 804 4519 XV,
821 4452 856 4505 10
872 4452 951 4518 plldr
972 4452 1106 4519 „napae
1122 4453 1224 4507 etiamsi
1240 4468 1290 4505 noa
1301 4452 1410 4505 addetur
1421 4453 1482 4506 rsi-
