3266 5140
837 450 899 512 454

770 540 814 547 .-
821 535 968 546 -α--υ-ο

286 642 435 706 beneficia.
465 642 554 721 Atqui
572 641 602 702 bi
616 638 765 721 principes
786 636 882 699 nostri
902 646 931 699 et
944 636 1064 718 plurimi
1078 638 1208 715 brenam,
1225 641 1275 722 qui
1289 660 1341 722 per
1354 641 1445 704 multa

287 745 399 810 saecula
410 745 500 806 modo
516 743 630 823 singuli,
645 741 736 804 modo
751 739 812 802 bini
826 749 877 802 aut
891 740 967 802 terni
980 741 1090 822 patriae
1104 752 1271 823 praeerant:
1290 754 1319 807 et
1338 745 1446 807 borum

289 849 420 910 omnium
446 848 493 908 vix
517 864 594 908 unas
614 861 676 906 non
695 863 750 905 sua
774 842 903 923 quadam
929 852 958 905 et
979 842 1098 923 propria
1122 845 1209 907 laude
1233 845 1357 927 insignis
1382 847 1445 910 luit

287 951 402 1013 Paucos
417 949 547 1011 invenias
563 968 598 1011 ex
614 957 672 1010 tam
686 963 846 1009 numerosa
860 944 959 1025 stirpe,
976 963 1052 1026 quus
1066 963 1127 1008 non
1141 955 1239 1028 patres
1250 949 1368 1028 patriae,
1383 966 1446 1011 aon

289 1054 366 1116 viros
381 1053 486 1127 bonos,
502 1052 602 1125 sortes,
613 1051 708 1112 iustos
723 1047 844 1111 dixeris:
861 1048 1011 1109 neminem
1024 1048 1118 1130 plane,
1132 1050 1181 1130 qui
1196 1050 1363 1127 iniustitiae,
1377 1069 1445 1114 cru-

290 1156 425 1229 delitatis,
445 1152 633 1234 impotentiae
653 1152 711 1214 allo
732 1150 854 1213 crimine
873 1150 989 1211 infamis
1009 1150 1057 1212 sit
1087 1151 1123 1213 Et
1136 1153 1234 1234 possit
1247 1155 1378 1234 prolecto
1393 1155 1446 1217 ali·

288 1258 367 1338 quis,
390 1257 440 1337 qui
461 1255 528 1317 velit
549 1255 620 1316 boni
644 1253 839 1332 omnibusque
858 1252 990 1313 numeris
1013 1251 1138 1316 absoluti
1160 1255 1302 1337 principis
1317 1257 1445 1337 speciem

256 1380 272 1430 Β
290 1360 435 1442 quandam
455 1366 540 1439 atque
560 1357 715 1436 imaginem
735 1355 834 1416 animo
855 1362 1026 1434 conceptam
1046 1373 1229 1437 proponere,
1244 1377 1366 1441 eamque
1379 1360 1445 1423 illu-

288 1471 381 1525 strare
395 1462 535 1542 exemplis
550 1479 585 1521 cx
601 1478 669 1521 vera
681 1476 781 1520 rerum
796 1456 940 1519 memoria
953 1456 1060 1536 petitis,
1067 1459 1166 1521 omnis
1181 1462 1295 1540 generis
1310 1462 1446 1526 illustris·

289 1565 364 1628 sima
383 1564 514 1643 exempla
533 1563 563 1625 in
578 1571 751 1624 nostrorum
767 1561 935 1640 principum
949 1559 1073 1622 historia
1087 1569 1148 1623 ιιιιιι
1159 1562 1250 1625 multa
1263 1563 1448 1638 invenirent

289 1667 342 1730 alia
357 1667 434 1729 nulla
447 1666 583 1746 requirat.
613 1664 726 1726 Horum
746 1663 834 1742 igituir
847 1662 873 1723 si
892 1661 1030 1743 persequi
1043 1662 1143 1725 laudes
1158 1664 1319 1741 instituam,
1334 1668 1447 1730 etiamsi

290 1770 383 1850 capita
401 1777 515 1831 tantum
534 1786 633 1829 rerum
648 1765 820 1829 summatim
835 1764 1042 1844 perstringam,
1057 1764 1119 1827 dios
1134 1784 1182 1828 me
1197 1768 1281 1830 citius
1297 1787 1386 1849 quam
1401 1769 1446 1831 di·

291 1872 374 1933 cendi
396 1871 515 1933 materia
538 1869 658 1931 deficiat.
702 1868 802 1948 ltaque
823 1885 913 1947 quum
938 1884 1042 1929 omnes
1065 1868 1210 1932 oddaram
1231 1870 1376 1935 inlinitum
1398 1873 1447 1948 sit,

289 1992 401 2054 paucos
422 1982 520 2036 autern
538 1991 573 2034 aa
593 1971 729 2033 universo
749 1987 875 2031 numero
895 1969 1016 2049 seligere
1031 1970 1078 2031 vix
1092 1972 1206 2051 poesie,
1225 1984 1334 2036 utnon
1350 1974 1448 2037 detra-

289 2078 368 2139 xisse
387 2076 510 2138 ridearis
531 2093 634 2137 eorum
654 2092 729 2154 qnos
741 2072 893 2134 reticueris
912 2073 1032 2147 honori,
1052 2073 1095 2135 sic
1114 2074 1187 2135 mihi
1202 2075 1365 2138 laciendum
1380 2095 1448 2139 esse

290 2179 390 2253 statui,
405 2188 437 2240 ut
455 2178 548 2259 qualis
568 2176 654 2240 luerit
673 2175 908 2237 Pomeranorum
927 2173 1093 2265 principum
1117 2176 1220 2251 virtus,
1242 2194 1301 2239 uno
1322 2186 1446 2253 tantum

289 2280 341 2343 sed
356 2281 480 2343 maxime
495 2279 599 2343 illustri
614 2277 748 2358 exemplo
764 2277 978 2353 demonstrem,
998 2277 1124 2358 bogislai
1138 2278 1214 2342 illius
1229 2280 1345 2354 decimi,
1360 2299 1448 2361 quem

289 2383 477 2445 consentiens
497 2392 526 2444 et
543 2381 708 2462 aequalium
727 2389 758 2442 et
770 2380 950 2460 posteritatis
972 2400 1027 2443 vor
1046 2382 1182 2462 Magnum
1198 2382 1366 2464 appellarit:
1385 2402 1448 2447 non

289 2486 372 2567 <quasi
391 2504 452 2548 nun
472 2486 545 2548 alios
565 2503 682 2566 qnoque
701 2483 764 2564 pari
778 2483 978 2563 magnitudine
997 2483 1146 2564 principes
1160 2485 1293 2549 habuerit
1306 2487 1446 2549 Pomera-

288 2588 336 2650 nia
352 2592 432 2667 (nam
447 2587 549 2650 babuit
563 2604 634 2651 sane
649 2605 703 2648 nec
717 2586 821 2648 uirtute
836 2585 1329 2670 minoresetcognumentuquoque
1342 2590 1448 2653 eodem

292 2693 439 2768 ornatos),
454 2692 506 2753 sed
521 2689 689 2770 bogislaum
705 2698 801 2751 brnen
815 2704 910 2752 unum
925 2690 1057 2751 omnium
1072 2690 1197 2752 mamare
1211 2691 1354 2755 illusuem
1369 2694 1447 2755 iere-

290 2802 361 2858 runt
375 2795 419 2856 vel
430 2793 613 2856 admirabiles
629 2794 763 2855 lurtunae
778 2791 1000 2867 vicissitudines,
1014 2792 1058 2853 vel
1073 2810 1172 2855 rerum
1184 2795 1375 2873 gerendarum
1391 2814 1447 2878 op·

290 2896 500 2977 portunitates,
520 2896 663 2958 ueletiam
683 2894 782 2957 Menai
797 2913 872 2975 quos
887 2901 989 2957 nactus
1005 2903 1050 2956 cst
1064 2896 1176 2958 rntaus
1191 2915 1261 2959 suae
1275 2916 1446 2978 praecones.

289 2999 365 3061 Nam
376 3007 405 3061 et
419 2998 455 3060 ab
470 2998 641 3060 humillimis
656 2998 746 3060 initiis
766 2998 802 3060 ad
818 3015 970 3059 summum
988 2996 1037 3059 itte
1051 2998 1220 3081 principalis
1239 3000 1387 3081 dignitatis
1403 3004 1447 3064 la-

290 3102 409 3180 stigiuna
424 3109 539 3163 erectus
554 3108 607 3174 est,
623 3108 652 3162 et
667 3100 757 3163 tubus
770 3099 960 3162 Pomeraniae
974 3099 1130 3181 imperium
1145 3110 1258 3177 uacum,
1273 3104 1445 3185 ampliorem

289 3203 390 3267 habuit
404 3203 507 3282 agendi
522 3222 658 3283 campum
674 3203 838 3284 opibusque
853 3211 882 3264 et
896 3202 1036 3264 subsidds
1048 3203 1146 3265 omnis
1153 3205 1267 3283 generis
1274 3207 1446 3270 instructior·

290 3307 356 3380 lnit3
376 3306 502 3386 denique
516 3305 570 3368 illis
591 3305 773 3386 temporibus
793 3305 871 3379 vixit,
888 3305 994 3386 quibus
1005 3316 1075 3386 post
1089 3306 1235 3369 conditam
1252 3308 1288 3370 ab
1303 3309 1366 3372 eins
1382 3329 1445 3384 avo,

290 3409 443 3471 Wartislao
459 3427 551 3482 nono,
566 3417 699 3471 nusbam
715 3407 791 3469 hanc
806 3406 999 3482 Academiam,
1014 3408 1162 3471 literarum
1180 3410 1345 3491 cognitione
1359 3421 1446 3493 atque

290 3529 390 3574 amore
407 3512 500 3591 magis
516 3531 602 3593 quam
615 3520 698 3573 antea
713 3508 869 3572 Pomerani
883 3509 1001 3585 imbuti,
1016 3510 1272 3594 diligentioresque
1287 3515 1353 3576 lacti
1376 3526 1446 3577 sunt

255 3626 271 3676 a
292 3613 327 3675 ad
343 3632 466 3677 suorum
482 3633 530 3676 res
544 3622 641 3694 gestas
656 3613 835 3694 posteritatis
851 3613 1010 3676 memoriae
1027 3614 1190 3677 tradendas.
1220 3616 1321 3698 ltaque
1340 3618 1445 3698 Bagis-

289 3715 327 3777 lai
347 3716 443 3777 omnis
463 3716 520 3777 rita
535 3726 674 3797 tanquam
695 3717 726 3778 in
740 3716 837 3779 tabula
851 3716 944 3779 oculis
959 3717 1069 3779 nosuis
1088 3719 1242 3800 proposita
1256 3726 1348 3799 patet,
1369 3728 1402 3781 ut
1416 3720 1445 3781 in

289 3817 369 3879 nullu
390 3818 493 3880 darius
513 3828 598 3900 atque
618 3820 726 3882 certius
746 3819 885 3900 cognosci
904 3820 1002 3901 possit
1015 3819 1075 3893 illa,
1092 3838 1179 3899 quana
1194 3821 1382 3885 amaioribus
1396 3843 1445 3885 ae·

291 3928 419 3999 ceperat,
446 3920 559 3983 indoles
581 3921 634 3983 viri
653 3939 715 3983 non
737 3941 807 3985 casu
826 3930 939 3984 bntum
958 3932 987 3985 et
1009 3932 1090 3985 sorte
1104 3923 1258 3997 nascendi,
1275 3924 1327 3986 sed
1341 3934 1444 3987 natura

290 4039 343 4084 sua
357 4029 386 4083 et
399 4023 532 4086 moribus
543 4043 610 4085 vcra
624 4025 777 4104 principis,
792 4032 821 4086 et
834 4024 976 4107 principis
997 4043 1063 4086 rere
1077 4025 1241 4088 Pammeni.
1271 4027 1304 4088 la
1319 4028 1377 4088 boc
1390 4027 1445 4106 igi·

290 4133 337 4185 tur
360 4125 423 4185 viro
443 4126 590 4188 laudando
610 4127 681 4189 nibil
704 4145 780 4206 opus
800 4134 845 4189 est
865 4127 991 4190 oratoria
1011 4137 1085 4202 arte,
1106 4128 1213 4208 quain
1232 4128 1294 4191 aliis
1320 4132 1446 4191 tortasse

289 4227 390 4306 paucis
406 4229 495 4290 careri
510 4228 616 4307 possit,
631 4236 671 4303 ut,
686 4246 760 4309 quae
774 4228 873 4292 minus
888 4230 1008 4293 illustria
1020 4231 1088 4304 sint,
1098 4239 1247 4293 taceantur
1258 4252 1292 4294 ac
1306 4232 1445 4294 dissimu-

287 4327 392 4399 lentur,
406 4348 479 4410 quae
494 4330 613 4401 niteant,
628 4338 789 4410 augeantur
802 4331 833 4393 in
847 4334 943 4396 maius
963 4341 1050 4414 aque
1063 4332 1289 4413 amplificentur,
1306 4335 1445 4396 omnihus

287 4440 383 4493 antem
407 4432 489 4494 colar
518 4431 637 4513 quidam
661 4433 827 4510 inducatur,
853 4454 912 4516 quo
938 4435 1135 4517 splendidiora
1161 4444 1248 4517 atquc
1273 4438 1443 4519 angustiora
