3222 5148
793 413 945 512 -111-

287 602 460 667 Mirabimur
472 610 573 664 tamen
587 620 765 683 magnopere
782 604 871 665 talem
893 603 1017 697 deorum
1036 602 1068 665 iu
1083 602 1142 666 duo
1157 622 1262 685 genera
1277 603 1450 672 divisionem

289 715 349 770 tam
364 707 495 787 ignotam
509 706 646 768 omnibus
666 704 771 778 fuisse,
793 714 827 768 ut
847 724 943 787 nequo
959 705 1036 787 apud
1058 706 1229 770 Ciceronem
1251 710 1281 771 in
1301 710 1402 773 Velleii
1422 720 1453 774 et

288 810 388 871 Cottae
404 809 650 890 disputationibus
661 827 757 890 neque
772 810 848 891 apud
861 810 950 872 alium
962 828 1153 890 quemquam,
1169 820 1317 893 quotquot
1331 813 1367 874 de
1379 813 1451 896 Epi·

289 914 352 975 curi
363 913 506 993 theologia
521 913 711 986 rettuderunt,
732 931 864 994 unquam
883 913 946 974 eius
967 913 1148 976 mentionem
1170 914 1248 989 beri,
1268 916 1320 977 sed
1336 916 1452 979 nullum
1567 988 1568 991 Ἴ

287 1016 373 1098 plane
388 1035 425 1078 ne
441 1015 647 1078 tenuissimum
664 1015 783 1096 quidem
798 1016 952 1095 vestigium
968 1015 1168 1098 indiciumque
1179 1017 1312 1079 relictum
1328 1037 1393 1080 esse
1409 1019 1453 1081 ri·

289 1121 421 1182 deamus.
438 1119 478 1181 Ea
490 1138 538 1180 res
553 1117 725 1180 iamdudum
736 1119 815 1181 viros
829 1119 1026 1192 doctissimos,
1041 1118 1245 1201 imprimisque
1257 1121 1452 1196 Gessendum,

287 1243 380 1286 unum
398 1223 557 1305 Epicureae
573 1222 722 1284 doctrinae
737 1220 1004 1294 studiosissimum,
1025 1224 1188 1302 permovit,
1203 1232 1238 1285 ut
1253 1224 1288 1286 de
1303 1223 1360 1286 loci
1374 1224 1453 1287 illius

289 1325 364 1408 apud
378 1325 537 1405 Diogenem
548 1325 715 1404 integritate
727 1325 905 1397 dubitarent,
918 1342 1005 1404 quem
1017 1327 1066 1404 qui
1072 1343 1178 1387 sanum
1190 1345 1255 1388 esse
1266 1326 1455 1390 crediderunt

289 1431 421 1511 adeoque
442 1429 530 1491 etiam
558 1427 714 1489 conciliare
740 1428 963 1509 quodammodo
989 1447 1057 1490 cum
1080 1428 1177 1490 Velleii
1203 1430 1335 1492 oratione
1355 1430 1454 1492 conati

289 1542 369 1606 sunt,
385 1550 490 1594 omnes
505 1531 578 1592 mibi
593 1549 713 1611 operam
728 1530 890 1612 perdidisse
905 1530 1049 1592 ridentur.
1079 1531 1190 1593 Horum
1204 1533 1318 1613 primns
1333 1533 1453 1596 Tenue·

289 1656 416 1699 mannus
437 1636 716 1699 commemorandus
731 1642 786 1696 est.
830 1632 859 1694 11
887 1632 967 1694 enim
993 1632 1022 1693 in
1048 1633 1152 1695 histor.
1179 1635 1286 1714 philos.
1313 1645 1386 1698 tom.
1404 1636 1454 1712 lll,

289 1759 319 1821 p.
341 1739 403 1799 416
418 1759 483 1820 sqq.
500 1739 659 1819 Epicurum
675 1738 752 1819 apud
769 1735 927 1817 Diogenem
944 1736 974 1797 in
989 1737 1086 1816 primo
1107 1735 1242 1799 membro
1258 1738 1294 1799 de
1310 1738 1355 1800 dis
1369 1739 1452 1821 ipsis,
1567 1744 1568 1785 1

289 1842 318 1905 in
334 1842 426 1904 altero
442 1848 541 1904 autem
557 1841 594 1904 de
609 1843 714 1904 divinis
725 1841 917 1920 imaginibus,
936 1839 1077 1901 Velleium
1098 1847 1197 1902 autem
1224 1841 1261 1902 de
1276 1840 1456 1922 imaginibus

290 1946 359 2008 solis
374 1945 455 2025 loqui
470 1946 540 2017 uult,
562 1964 637 2025 quae
659 1945 811 2006 notionem
827 1941 976 2024 quandam
990 1942 1114 2005 deorum
1130 1944 1159 2004 in
1175 1942 1333 2006 hominum
1346 1946 1454 2007 animis
1567 1956 1568 1979 ³

290 2048 485 2125 1111111117).
519 2046 605 2125 Atqui
622 2048 752 2127 loquitur
766 2054 866 2107 tamen
882 2044 1007 2106 Velleius
1022 2043 1058 2106 de
1069 2044 1100 2107 vi
1122 2055 1159 2108 et
1173 2056 1304 2109 natura
1320 2048 1455 2123 deorum,
1567 2036 1568 2061 ¹

290 2169 418 2232 quorum
434 2150 498 2212 illae
513 2150 653 2230 imagines
669 2155 753 2223 sunt,
778 2149 952 2228 omniaque,
980 2166 1056 2227 quae
1071 2147 1108 2210 ab
1123 2168 1158 2210 eo
1174 2149 1328 2225 dicuntur,
1354 2152 1391 2213 de
1412 2152 1456 2213 dis

288 2251 367 2332 ipsis,
381 2252 541 2332 etquidem
556 2252 592 2312 de
604 2250 743 2312 omnibus
757 2249 789 2310 in
803 2248 982 2324 universum,
999 2249 1057 2313 dici
1069 2252 1257 2315 manifestum
1273 2262 1328 2326 est,
1343 2272 1404 2317 nou
1421 2255 1457 2317 de

289 2353 474 2436 imaginibus.
520 2353 582 2415 Hoc
597 2354 723 2416 tortasse
738 2353 800 2434 ipse
811 2353 1040 2414 Tennemannus
1052 2354 1181 2416 sentiens
1192 2373 1271 2429 mox,
1285 2374 1315 2437 p.
1333 2358 1406 2431 417,
1421 2376 1456 2420 11
1567 2344 1568 2349 “

290 2457 430 2537 confugit,
444 2463 479 2517 ut
493 2455 635 2536 imagines
650 2456 712 2517 illas
728 2465 901 2517 nontamen
914 2474 969 2536 pro
981 2456 1070 2518 meris
1082 2456 1256 2537 imaginibus
1268 2459 1320 2520 sed
1333 2478 1386 2540 pro
1402 2460 1458 2522 diis

290 2560 360 2640 ipsis
376 2560 412 2620 ab
428 2558 578 2638 Epicureis
593 2558 706 2620 habitas
722 2577 787 2620 esse
803 2565 911 2619 sumat.
939 2558 1014 2619 Hinc
1034 2559 1121 2639 igitur
1134 2560 1194 2622 duo
1208 2578 1313 2641 genera
1330 2562 1456 2626 deorum

291 2662 396 2734 eflicit,
412 2680 506 2724 unum
522 2678 641 2735 eurum,
658 2662 709 2742 qui
724 2662 760 2723 ad
777 2679 934 2724 numerum
948 2652 1033 2739 (κατ’
1056 2653 1215 2744 ἀριθμόν)
1231 2682 1297 2725 1111
1310 2664 1456 2742 dicantem,

290 2784 366 2845 quos
375 2767 503 2828 nonsine
510 2765 653 2829 soliditate
664 2765 928 2846 quadamcorporis
937 2764 1028 2826 luisse
1034 2769 1119 2845 putat
1129 2767 1193 2846 ²⁸)3
1204 2768 1330 2830 alterum
1339 2787 1455 2843 eorum,

290 2869 340 2950 qui
356 2868 529 2949 imaginibus
553 2872 667 2930 tanturn
689 2875 827 2929 constent
842 2868 922 2929 nulla
942 2868 1089 2931 soliditate
1109 2886 1207 2950 neque
1228 2870 1454 2945 adnumerum,

289 2971 433 3051 exprioris
442 2971 557 3050 generis
568 2969 742 3050 corporibus
754 2971 940 3032 continenter
950 2970 1137 3034 effluentibus
1146 2971 1334 3054 formamque
1349 2993 1455 3037 eorum

288 3074 368 3136 uude
383 3074 549 3136 effluxerint
563 3072 758 3137 servantibus.
777 3109 816 3119 —
831 3073 909 3137 Haec
924 3073 997 3135 mibi
1012 3091 1134 3154 prorsus
1157 3073 1336 3139 incredibilia
1350 3076 1456 3139 riden-

289 3182 352 3250 tur,
373 3195 470 3258 neque
485 3177 613 3239 dubitari
626 3196 715 3256 posse
729 3184 814 3259 puto,
837 3176 909 3256 quin
923 3176 1082 3257 Epicurus,
1106 3177 1358 3258 quemadmodum
1374 3185 1454 3240 oete·
1567 3202 1568 3205 ¹

288 3298 498 3342 rarumrerum
514 3279 654 3358 imagines
670 3279 706 3340 ab
721 3277 809 3340 rebus
824 3278 904 3360 ipsis,
918 3296 1044 3360 quarum
1060 3279 1201 3360 imagines
1213 3288 1293 3352 sunt,
1308 3281 1352 3343 sic
1366 3280 1454 3342 etiam

288 3383 412 3445 deorum
427 3383 568 3463 imagines
583 3381 619 3444 ab
633 3381 704 3462 ipsis
719 3381 763 3442 dis
778 3382 958 3456 distinxerit,
981 3400 1078 3463 neque
1095 3382 1185 3444 ullam
1205 3401 1324 3445 causam
1342 3384 1454 3464 proba·
1567 3388 1568 3423 1

288 3487 376 3551 bilem
389 3486 519 3559 invenio,
536 3502 589 3546 cur
603 3504 652 3546 eas
668 3493 768 3546 tamen
784 3484 890 3565 aliquid
906 3485 1033 3566 amplius
1048 3502 1136 3565 quam
1153 3485 1295 3566 imagines
1310 3504 1377 3548 esse
1392 3494 1454 3549 sta-

289 3591 392 3663 tuerit,
414 3589 601 3669 divinamque
616 3587 651 3649 iis
665 3605 838 3668 personam,
858 3595 903 3661 et,
925 3588 1005 3667 quod
1030 3588 1142 3667 seiungi
1160 3607 1177 3649 a
1198 3587 1303 3650 divinis
1317 3589 1454 3669 personis
1567 3582 1568 3595 ¹

289 3710 350 3753 non
365 3692 475 3772 potuit,
496 3693 585 3753 vitam
601 3708 719 3771 quoque
736 3689 858 3750 deorum
872 3689 1019 3770 propriam
1036 3691 1300 3772 aeternitatemque
1315 3691 1454 3753 11111111-

289 3796 421 3857 tudinem
442 3792 571 3855 tribuere
590 3801 642 3855 aut
661 3791 785 3853 voluerit
804 3800 855 3854 aut
876 3791 1015 3875 potuerit.
1059 3792 1134 3856 Nam
1150 3812 1188 3856 ne
1202 3794 1319 3856 caderet
1333 3794 1454 3874 quidem
1567 3778 1568 3799 ¹

289 3897 319 3958 in
334 3898 390 3959 hos
401 3896 561 3977 imagiueos
576 3895 778 3957 Tennemanni
795 3895 864 3956 deos
880 3895 919 3969 id,
935 3895 1014 3975 quod
1031 3895 1174 3978 Epicurus
1190 3896 1313 3959 deorum
1328 3914 1454 3958 suorum
1567 3892 1568 3953 l

289 4001 441 4081 proprium
469 4018 532 4061 esse
555 3998 685 4071 volebat,
712 4007 745 4060 ut
770 3997 858 4059 vitam
881 3999 1021 4078 degerent
1042 3998 1073 4060 in
1097 3998 1305 4063 intermundiis
1320 3998 1356 4061 ab
1370 3998 1455 4062 omni

359 4239 534 4303 inveneras
555 4238 650 4304 spricbt
670 4254 719 4289 von
741 4239 789 4289 den
806 4238 921 4304 bilderu,
941 4239 1021 4290 durcb
1040 4238 1138 4290 welche
1159 4239 1199 4290 die
1216 4238 1384 4304 Voratalluug
1400 4254 1453 4291 voa
1567 4200 1568 4247 Ξ

291 4320 398 4374 Gllttcrn
410 4324 627 4389 bervorgcbracbt
638 4323 712 4389 wiri,
723 4322 819 4387 Epikur
832 4323 894 4376 aber
906 4341 955 4375 von
967 4326 1014 4376 den
1027 4322 1136 4377 Glittern
1149 4324 1239 4376 selbot.

359 4408 401 4475 28)
419 4406 584 4460 Indiuiduelle
598 4407 692 4461 Wesen
706 4407 752 4459 mit
763 4408 919 4475 Dicbtigkoit
930 4410 1029 4474 begabt.
