<?xml version="1.0" encoding="UTF-8"?>
<!DOCTYPE html PUBLIC "-//W3C//DTD XHTML 1.0 Transitional//EN"
    "http://www.w3.org/TR/xhtml1/DTD/xhtml1-transitional.dtd">
<html xmlns="http://www.w3.org/1999/xhtml" xml:lang="en" lang="en">
 <head>
  <title>
</title>
<meta http-equiv="Content-Type" content="text/html;charset=utf-8" />
  <meta name='ocr-system' content='tesseract 3.04.00' />
  <meta name='ocr-capabilities' content='ocr_page ocr_carea ocr_par ocr_line ocrx_word'/>
</head>
<body>
  <div class='ocr_page' id='page_1' title='image "./opusculaacademi00schogoog_0536.png"; bbox 0 0 3290 5142; ppageno 0'>
   <div class='ocr_carea' id='block_1_1' title="bbox 667 482 818 581">
    <p class='ocr_par' dir='ltr' id='par_1_1' title="bbox 667 482 818 581">
     <span class='ocr_line' id='line_1_1' title="bbox 667 482 818 581; baseline 0 -38"><span class='ocrx_word' id='word_1_1' title='bbox 667 482 818 581; x_wconf 47' lang='lat'>...¹2-</span> 
     </span>
    </p>
   </div>
   <div class='ocr_carea' id='block_1_2' title="bbox 161 645 1334 3829">
    <p class='ocr_par' dir='ltr' id='par_1_2' title="bbox 161 645 1325 1453">
     <span class='ocr_line' id='line_1_2' title="bbox 161 645 1323 753; baseline -0.005 -19"><span class='ocrx_word' id='word_1_2' title='bbox 161 679 195 734; x_wconf 92' lang='lat' dir='ltr'><strong>ut</strong></span> <span class='ocrx_word' id='word_1_3' title='bbox 216 687 429 752; x_wconf 77' lang='lat' dir='ltr'><strong>saepenumero</strong></span> <span class='ocrx_word' id='word_1_4' title='bbox 448 669 539 733; x_wconf 86' lang='lat' dir='ltr'><strong>etiam</strong></span> <span class='ocrx_word' id='word_1_5' title='bbox 558 669 668 750; x_wconf 89' lang='lat' dir='ltr'><strong>indigni</strong></span> <span class='ocrx_word' id='word_1_6' title='bbox 683 671 720 733; x_wconf 90' lang='lat' dir='ltr'><strong>ad</strong></span> <span class='ocrx_word' id='word_1_7' title='bbox 734 645 859 753; x_wconf 72' lang='lat' dir='ltr'><strong>regnum</strong></span> <span class='ocrx_word' id='word_1_8' title='bbox 873 668 1054 751; x_wconf 58' lang='lat' dir='ltr'><strong>perveniant</strong></span> <span class='ocrx_word' id='word_1_9' title='bbox 1084 667 1122 730; x_wconf 87' lang='lat' dir='ltr'><strong>Et</strong></span> <span class='ocrx_word' id='word_1_10' title='bbox 1135 666 1214 730; x_wconf 86' lang='lat' dir='ltr'><strong>banc</strong></span> <span class='ocrx_word' id='word_1_11' title='bbox 1228 667 1323 748; x_wconf 87' lang='lat' dir='ltr'><strong>ipsum</strong></span> 
     </span>
     <span class='ocr_line' id='line_1_3' title="bbox 162 770 1323 854; baseline -0.003 -18"><span class='ocrx_word' id='word_1_12' title='bbox 162 772 376 837; x_wconf 75' lang='lat' dir='ltr'><strong>dubitationem</strong></span> <span class='ocrx_word' id='word_1_13' title='bbox 396 772 433 834; x_wconf 92' lang='lat' dir='ltr'><strong>ad</strong></span> <span class='ocrx_word' id='word_1_14' title='bbox 452 772 523 834; x_wconf 90' lang='lat' dir='ltr'><strong>illud</strong></span> <span class='ocrx_word' id='word_1_15' title='bbox 545 771 733 852; x_wconf 88' lang='lat' dir='ltr'><strong>potissimum</strong></span> <span class='ocrx_word' id='word_1_16' title='bbox 753 791 845 854; x_wconf 88' lang='lat' dir='ltr'><strong>genus</strong></span> <span class='ocrx_word' id='word_1_17' title='bbox 865 772 947 852; x_wconf 85' lang='lat' dir='ltr'><strong>regui</strong></span> <span class='ocrx_word' id='word_1_18' title='bbox 966 770 1323 854; x_wconf 68' lang='lat' dir='ltr'><strong>permerejmanifastum</strong></span> 
     </span>
     <span class='ocr_line' id='line_1_4' title="bbox 162 869 1324 957; baseline -0.003 -18"><span class='ocrx_word' id='word_1_19' title='bbox 162 883 224 949; x_wconf 86' lang='lat' dir='ltr'><strong>est,</strong></span> <span class='ocrx_word' id='word_1_20' title='bbox 246 874 325 957; x_wconf 87' lang='lat' dir='ltr'><strong>quod</strong></span> <span class='ocrx_word' id='word_1_21' title='bbox 347 873 445 936; x_wconf 89' lang='lat' dir='ltr'><strong>solum</strong></span> <span class='ocrx_word' id='word_1_22' title='bbox 460 874 517 936; x_wconf 94' lang='lat' dir='ltr'><strong>boc</strong></span> <span class='ocrx_word' id='word_1_23' title='bbox 532 872 597 938; x_wconf 90' lang='lat' dir='ltr'><strong>loco</strong></span> <span class='ocrx_word' id='word_1_24' title='bbox 612 874 644 937; x_wconf 90' lang='lat' dir='ltr'><strong>in</strong></span> <span class='ocrx_word' id='word_1_25' title='bbox 659 881 758 936; x_wconf 87' lang='lat' dir='ltr'><strong>mente</strong></span> <span class='ocrx_word' id='word_1_26' title='bbox 772 873 877 947; x_wconf 90' lang='lat' dir='ltr'><strong>babet,</strong></span> <span class='ocrx_word' id='word_1_27' title='bbox 897 873 954 935; x_wconf 91' lang='lat' dir='ltr'><strong>hoc</strong></span> <span class='ocrx_word' id='word_1_28' title='bbox 968 882 1013 935; x_wconf 86' lang='lat' dir='ltr'><strong>est</strong></span> <span class='ocrx_word' id='word_1_29' title='bbox 1025 875 1063 936; x_wconf 89' lang='lat' dir='ltr'><strong>ad</strong></span> <span class='ocrx_word' id='word_1_30' title='bbox 1078 869 1324 955; x_wconf 76' lang='grc' dir='ltr'><strong><em>παμβασιλείαν</em></strong></span> 
     </span>
     <span class='ocr_line' id='line_1_5' title="bbox 163 976 1324 1059; baseline -0.004 -16"><span class='ocrx_word' id='word_1_31' title='bbox 163 1000 188 1042; x_wconf 89' lang='lat' dir='ltr'><strong>s.</strong></span> <span class='ocrx_word' id='word_1_32' title='bbox 202 979 368 1043; x_wconf 74' lang='lat' dir='ltr'><strong>absolutam</strong></span> <span class='ocrx_word' id='word_1_33' title='bbox 383 976 584 1039; x_wconf 77' lang='lat' dir='ltr'><strong>monarchiam</strong></span> <span class='ocrx_word' id='word_1_34' title='bbox 595 977 682 1039; x_wconf 86' lang='lat' dir='ltr'><strong>nullis</strong></span> <span class='ocrx_word' id='word_1_35' title='bbox 693 976 780 1039; x_wconf 84' lang='lat' dir='ltr'><strong>certis</strong></span> <span class='ocrx_word' id='word_1_36' title='bbox 791 976 903 1057; x_wconf 89' lang='lat' dir='ltr'><strong>legibus</strong></span> <span class='ocrx_word' id='word_1_37' title='bbox 915 978 1085 1040; x_wconf 80' lang='lat' dir='ltr'><strong>adstrictam</strong></span> <span class='ocrx_word' id='word_1_38' title='bbox 1095 994 1151 1040; x_wconf 90' lang='lat' dir='ltr'><strong>nee</strong></span> <span class='ocrx_word' id='word_1_39' title='bbox 1160 994 1324 1059; x_wconf 85' lang='lat' dir='ltr'><strong>paucorum</strong></span> 
     </span>
     <span class='ocr_line' id='line_1_6' title="bbox 164 1078 1324 1162; baseline -0.003 -18"><span class='ocrx_word' id='word_1_40' title='bbox 164 1089 214 1144; x_wconf 88' lang='lat' dir='ltr'><strong>aut</strong></span> <span class='ocrx_word' id='word_1_41' title='bbox 228 1081 328 1162; x_wconf 92' lang='lat' dir='ltr'><strong>populi</strong></span> <span class='ocrx_word' id='word_1_42' title='bbox 343 1080 407 1142; x_wconf 88' lang='lat' dir='ltr'><strong>iure</strong></span> <span class='ocrx_word' id='word_1_43' title='bbox 421 1098 457 1142; x_wconf 93' lang='lat' dir='ltr'><strong>ac</strong></span> <span class='ocrx_word' id='word_1_44' title='bbox 469 1085 616 1161; x_wconf 73' lang='lat' dir='ltr'><strong>potestate</strong></span> <span class='ocrx_word' id='word_1_45' title='bbox 627 1085 830 1161; x_wconf 86' lang='lat' dir='ltr'><strong>temperatam.</strong></span> <span class='ocrx_word' id='word_1_46' title='bbox 857 1080 941 1144; x_wconf 90' lang='lat' dir='ltr'><strong>llanc</strong></span> <span class='ocrx_word' id='word_1_47' title='bbox 950 1099 1029 1154; x_wconf 87' lang='lat' dir='ltr'><strong>sane,</strong></span> <span class='ocrx_word' id='word_1_48' title='bbox 1046 1079 1114 1142; x_wconf 90' lang='lat' dir='ltr'><strong>licet</strong></span> <span class='ocrx_word' id='word_1_49' title='bbox 1123 1097 1185 1143; x_wconf 93' lang='lat' dir='ltr'><strong>non</strong></span> <span class='ocrx_word' id='word_1_50' title='bbox 1195 1078 1324 1142; x_wconf 58' lang='lat' dir='ltr'><strong>debrie-</strong></span> 
     </span>
     <span class='ocr_line' id='line_1_7' title="bbox 162 1181 1325 1267; baseline -0.002 -22"><span class='ocrx_word' id='word_1_51' title='bbox 162 1202 227 1246; x_wconf 90' lang='lat' dir='ltr'><strong>rem</strong></span> <span class='ocrx_word' id='word_1_52' title='bbox 247 1202 338 1265; x_wconf 87' lang='lat' dir='ltr'><strong>quam</strong></span> <span class='ocrx_word' id='word_1_53' title='bbox 357 1189 408 1245; x_wconf 91' lang='lat' dir='ltr'><strong>aut</strong></span> <span class='ocrx_word' id='word_1_54' title='bbox 427 1181 615 1263; x_wconf 86' lang='lat' dir='ltr'><strong>oligarcbiam</strong></span> <span class='ocrx_word' id='word_1_55' title='bbox 629 1189 680 1246; x_wconf 89' lang='lat' dir='ltr'><strong>aut</strong></span> <span class='ocrx_word' id='word_1_56' title='bbox 695 1182 924 1267; x_wconf 78' lang='lat' dir='ltr'><strong>democratiam,</strong></span> <span class='ocrx_word' id='word_1_57' title='bbox 941 1189 1020 1246; x_wconf 86' lang='lat' dir='ltr'><strong>certe</strong></span> <span class='ocrx_word' id='word_1_58' title='bbox 1034 1189 1135 1246; x_wconf 85' lang='lat' dir='ltr'><strong>tamen</strong></span> <span class='ocrx_word' id='word_1_59' title='bbox 1149 1200 1211 1245; x_wconf 87' lang='lat' dir='ltr'><strong>non</strong></span> <span class='ocrx_word' id='word_1_60' title='bbox 1225 1182 1325 1243; x_wconf 90' lang='lat' dir='ltr'><strong>minus</strong></span> 
     </span>
     <span class='ocr_line' id='line_1_8' title="bbox 164 1283 1325 1368; baseline -0.003 -19"><span class='ocrx_word' id='word_1_61' title='bbox 164 1286 306 1349; x_wconf 80' lang='lat' dir='ltr'><strong>lubricam</strong></span> <span class='ocrx_word' id='word_1_62' title='bbox 326 1293 358 1348; x_wconf 90' lang='lat' dir='ltr'><strong>et</strong></span> <span class='ocrx_word' id='word_1_63' title='bbox 377 1285 560 1367; x_wconf 90' lang='lat' dir='ltr'><strong>corruptioni</strong></span> <span class='ocrx_word' id='word_1_64' title='bbox 579 1286 737 1350; x_wconf 83' lang='lat' dir='ltr'><strong>obnoxiam</strong></span> <span class='ocrx_word' id='word_1_65' title='bbox 752 1305 818 1350; x_wconf 86' lang='lat' dir='ltr'><strong>esee</strong></span> <span class='ocrx_word' id='word_1_66' title='bbox 833 1287 888 1349; x_wconf 87' lang='lat' dir='ltr'><strong>ait:</strong></span> <span class='ocrx_word' id='word_1_67' title='bbox 909 1304 1006 1368; x_wconf 88' lang='lat' dir='ltr'><strong>neque</strong></span> <span class='ocrx_word' id='word_1_68' title='bbox 1020 1287 1052 1349; x_wconf 92' lang='lat' dir='ltr'><strong>in</strong></span> <span class='ocrx_word' id='word_1_69' title='bbox 1066 1306 1101 1350; x_wconf 89' lang='lat' dir='ltr'><strong>ec</strong></span> <span class='ocrx_word' id='word_1_70' title='bbox 1117 1287 1274 1367; x_wconf 75' lang='lat' dir='ltr'><strong>quisquam</strong></span> <span class='ocrx_word' id='word_1_71' title='bbox 1289 1283 1325 1346; x_wconf 87' lang='lat' dir='ltr'><strong>ab</strong></span> 
     </span>
     <span class='ocr_line' id='line_1_9' title="bbox 163 1388 525 1453; baseline -0.006 -1"><span class='ocrx_word' id='word_1_72' title='bbox 163 1390 226 1453; x_wconf 84' lang='lat' dir='ltr'><strong>eius</strong></span> <span class='ocrx_word' id='word_1_73' title='bbox 241 1389 348 1452; x_wconf 89' lang='lat' dir='ltr'><strong>iudicio</strong></span> <span class='ocrx_word' id='word_1_74' title='bbox 363 1388 525 1451; x_wconf 84' lang='lat' dir='ltr'><strong>dissentiet.</strong></span> 
     </span>
    </p>

    <p class='ocr_par' dir='ltr' id='par_1_3' title="bbox 163 1490 1334 3829">
     <span class='ocr_line' id='line_1_10' title="bbox 247 1490 1327 1576; baseline -0.002 -22"><span class='ocrx_word' id='word_1_75' title='bbox 247 1492 312 1555; x_wconf 90' lang='lat' dir='ltr'><strong>lloe</strong></span> <span class='ocrx_word' id='word_1_76' title='bbox 329 1492 410 1554; x_wconf 87' lang='lat' dir='ltr'><strong>idem</strong></span> <span class='ocrx_word' id='word_1_77' title='bbox 429 1491 519 1554; x_wconf 88' lang='lat' dir='ltr'><strong>etiarn</strong></span> <span class='ocrx_word' id='word_1_78' title='bbox 538 1510 589 1554; x_wconf 89' lang='lat' dir='ltr'><strong>eos</strong></span> <span class='ocrx_word' id='word_1_79' title='bbox 609 1490 738 1555; x_wconf 88' lang='lat' dir='ltr'><strong>sensisse</strong></span> <span class='ocrx_word' id='word_1_80' title='bbox 759 1493 908 1567; x_wconf 81' lang='lat' dir='ltr'><strong>videmus,</strong></span> <span class='ocrx_word' id='word_1_81' title='bbox 929 1494 981 1576; x_wconf 87' lang='lat' dir='ltr'><strong>qui</strong></span> <span class='ocrx_word' id='word_1_82' title='bbox 1000 1499 1068 1574; x_wconf 86' lang='lat' dir='ltr'><strong>post</strong></span> <span class='ocrx_word' id='word_1_83' title='bbox 1081 1492 1268 1554; x_wconf 75' lang='lat' dir='ltr'><strong>Aristotelem</strong></span> <span class='ocrx_word' id='word_1_84' title='bbox 1290 1490 1327 1553; x_wconf 90' lang='lat' dir='ltr'><strong>de</strong></span> 
     </span>
     <span class='ocr_line' id='line_1_11' title="bbox 165 1592 1325 1677; baseline -0.002 -21"><span class='ocrx_word' id='word_1_85' title='bbox 165 1593 277 1674; x_wconf 91' lang='lat' dir='ltr'><strong>optimo</strong></span> <span class='ocrx_word' id='word_1_86' title='bbox 297 1610 404 1674; x_wconf 84' lang='lat' dir='ltr'><strong>genere</strong></span> <span class='ocrx_word' id='word_1_87' title='bbox 419 1593 463 1656; x_wconf 90' lang='lat' dir='ltr'><strong>rei</strong></span> <span class='ocrx_word' id='word_1_88' title='bbox 476 1593 609 1675; x_wconf 88' lang='lat' dir='ltr'><strong>publicae</strong></span> <span class='ocrx_word' id='word_1_89' title='bbox 623 1596 819 1675; x_wconf 85' lang='lat' dir='ltr'><strong>scripserunt,</strong></span> <span class='ocrx_word' id='word_1_90' title='bbox 840 1613 968 1676; x_wconf 84' lang='lat' dir='ltr'><strong>quorum</strong></span> <span class='ocrx_word' id='word_1_91' title='bbox 982 1595 1042 1657; x_wconf 89' lang='lat' dir='ltr'><strong>duo</strong></span> <span class='ocrx_word' id='word_1_92' title='bbox 1056 1595 1211 1677; x_wconf 87' lang='lat' dir='ltr'><strong>praecipue</strong></span> <span class='ocrx_word' id='word_1_93' title='bbox 1225 1592 1325 1655; x_wconf 92' lang='lat' dir='ltr'><strong>nomi-</strong></span> 
     </span>
     <span class='ocr_line' id='line_1_12' title="bbox 164 1694 1324 1779; baseline -0.003 -20"><span class='ocrx_word' id='word_1_94' title='bbox 164 1695 254 1759; x_wconf 85' lang='lat' dir='ltr'><strong>nandi</strong></span> <span class='ocrx_word' id='word_1_95' title='bbox 275 1701 361 1768; x_wconf 91' lang='lat' dir='ltr'><strong>sunt,</strong></span> <span class='ocrx_word' id='word_1_96' title='bbox 380 1694 520 1776; x_wconf 75' lang='lat' dir='ltr'><strong>Polybius</strong></span> <span class='ocrx_word' id='word_1_97' title='bbox 534 1705 581 1769; x_wconf 89' lang='lat' dir='ltr'><strong>et,</strong></span> <span class='ocrx_word' id='word_1_98' title='bbox 604 1697 655 1777; x_wconf 83' lang='lat' dir='ltr'><strong>qui</strong></span> <span class='ocrx_word' id='word_1_99' title='bbox 668 1696 754 1777; x_wconf 90' lang='lat' dir='ltr'><strong>plane</strong></span> <span class='ocrx_word' id='word_1_100' title='bbox 768 1715 836 1760; x_wconf 89' lang='lat' dir='ltr'><strong>cum</strong></span> <span class='ocrx_word' id='word_1_101' title='bbox 852 1716 888 1759; x_wconf 88' lang='lat' dir='ltr'><strong>co</strong></span> <span class='ocrx_word' id='word_1_102' title='bbox 904 1698 1067 1779; x_wconf 77' lang='lat' dir='ltr'><strong>conspirat,</strong></span> <span class='ocrx_word' id='word_1_103' title='bbox 1083 1696 1184 1759; x_wconf 86' lang='lat' dir='ltr'><strong>Cicero</strong></span> <span class='ocrx_word' id='word_1_104' title='bbox 1199 1694 1324 1756; x_wconf 86' lang='lat' dir='ltr'><strong>inlibris</strong></span> 
     </span>
     <span class='ocr_line' id='line_1_13' title="bbox 163 1797 1327 1881; baseline -0.002 -22"><span class='ocrx_word' id='word_1_105' title='bbox 163 1798 201 1859; x_wconf 92' lang='lat' dir='ltr'><strong>de</strong></span> <span class='ocrx_word' id='word_1_106' title='bbox 219 1816 252 1860; x_wconf 89' lang='lat' dir='ltr'><strong>re</strong></span> <span class='ocrx_word' id='word_1_107' title='bbox 274 1797 398 1880; x_wconf 88' lang='lat' dir='ltr'><strong>publica.</strong></span> <span class='ocrx_word' id='word_1_108' title='bbox 428 1799 470 1861; x_wconf 82' lang='lat' dir='ltr'><strong>dc</strong></span> <span class='ocrx_word' id='word_1_109' title='bbox 484 1798 622 1879; x_wconf 72' lang='lat' dir='ltr'><strong>Polybius</strong></span> <span class='ocrx_word' id='word_1_110' title='bbox 646 1799 764 1879; x_wconf 76' lang='lat' dir='ltr'><strong>qmdem</strong></span> <span class='ocrx_word' id='word_1_111' title='bbox 784 1818 841 1862; x_wconf 90' lang='lat' dir='ltr'><strong>nec</strong></span> <span class='ocrx_word' id='word_1_112' title='bbox 859 1800 970 1881; x_wconf 82' lang='lat' dir='ltr'><strong>regiam</strong></span> <span class='ocrx_word' id='word_1_113' title='bbox 984 1816 1040 1862; x_wconf 90' lang='lat' dir='ltr'><strong>nec</strong></span> <span class='ocrx_word' id='word_1_114' title='bbox 1054 1798 1256 1881; x_wconf 86' lang='lat' dir='ltr'><strong>oligarcbicam</strong></span> <span class='ocrx_word' id='word_1_115' title='bbox 1271 1813 1327 1858; x_wconf 89' lang='lat' dir='ltr'><strong>nec</strong></span> 
     </span>
     <span class='ocr_line' id='line_1_14' title="bbox 164 1898 1328 1984; baseline -0.003 -21"><span class='ocrx_word' id='word_1_116' title='bbox 164 1901 393 1965; x_wconf 87' lang='lat' dir='ltr'><strong>democraticam</strong></span> <span class='ocrx_word' id='word_1_117' title='bbox 414 1900 536 1963; x_wconf 80' lang='lat' dir='ltr'><strong>civitatis</strong></span> <span class='ocrx_word' id='word_1_118' title='bbox 550 1902 678 1963; x_wconf 81' lang='lat' dir='ltr'><strong>formam</strong></span> <span class='ocrx_word' id='word_1_119' title='bbox 694 1919 748 1982; x_wconf 89' lang='lat' dir='ltr'><strong>per</strong></span> <span class='ocrx_word' id='word_1_120' title='bbox 761 1918 794 1964; x_wconf 90' lang='lat' dir='ltr'><strong>se</strong></span> <span class='ocrx_word' id='word_1_121' title='bbox 809 1902 904 1965; x_wconf 88' lang='lat' dir='ltr'><strong>solam</strong></span> <span class='ocrx_word' id='word_1_122' title='bbox 918 1901 1076 1984; x_wconf 85' lang='lat' dir='ltr'><strong>optandam</strong></span> <span class='ocrx_word' id='word_1_123' title='bbox 1091 1920 1156 1963; x_wconf 86' lang='lat' dir='ltr'><strong>esse</strong></span> <span class='ocrx_word' id='word_1_124' title='bbox 1171 1899 1254 1973; x_wconf 92' lang='lat' dir='ltr'><strong>dicit,</strong></span> <span class='ocrx_word' id='word_1_125' title='bbox 1276 1898 1328 1960; x_wconf 88' lang='lat' dir='ltr'><strong>sed</strong></span> 
     </span>
     <span class='ocr_line' id='line_1_15' title="bbox 165 1994 1328 2086; baseline -0.004 -21"><span class='ocrx_word' id='word_1_126' title='bbox 165 2021 231 2065; x_wconf 86' lang='lat' dir='ltr'><strong>eam</strong></span> <span class='ocrx_word' id='word_1_127' title='bbox 251 2003 388 2076; x_wconf 90' lang='lat' dir='ltr'><strong>demum,</strong></span> <span class='ocrx_word' id='word_1_128' title='bbox 409 2023 486 2085; x_wconf 88' lang='lat' dir='ltr'><strong>quae</strong></span> <span class='ocrx_word' id='word_1_129' title='bbox 505 2023 543 2066; x_wconf 87' lang='lat' dir='ltr'><strong>ex</strong></span> <span class='ocrx_word' id='word_1_130' title='bbox 561 2004 607 2065; x_wconf 88' lang='lat' dir='ltr'><strong>bia</strong></span> <span class='ocrx_word' id='word_1_131' title='bbox 626 2004 721 2066; x_wconf 90' lang='lat' dir='ltr'><strong>tribus</strong></span> <span class='ocrx_word' id='word_1_132' title='bbox 741 2004 833 2066; x_wconf 87' lang='lat' dir='ltr'><strong>mixta</strong></span> <span class='ocrx_word' id='word_1_133' title='bbox 854 2012 884 2067; x_wconf 90' lang='lat' dir='ltr'><strong>et</strong></span> <span class='ocrx_word' id='word_1_134' title='bbox 904 2012 1066 2086; x_wconf 84' lang='lat' dir='ltr'><strong>temperata</strong></span> <span class='ocrx_word' id='word_1_135' title='bbox 1087 2004 1134 2066; x_wconf 83' lang='lat' dir='ltr'><strong>sit</strong></span> <span class='ocrx_word' id='word_1_136' title='bbox 1163 1994 1328 2085; x_wconf 78' lang='grc' dir='ltr'><strong><em>Ἀρίσιην,</em></strong></span> 
     </span>
     <span class='ocr_line' id='line_1_16' title="bbox 165 2098 1331 2191; baseline -0.003 -23"><span class='ocrx_word' id='word_1_137' title='bbox 165 2105 276 2186; x_wconf 91' lang='lat' dir='ltr'><strong>inquit,</strong></span> <span class='ocrx_word' id='word_1_138' title='bbox 308 2098 445 2190; x_wconf 73' lang='grc' dir='ltr'><strong><em>ἡγρνέον</em></strong></span> <span class='ocrx_word' id='word_1_139' title='bbox 478 2098 653 2169; x_wconf 77' lang='grc' dir='ltr'><strong><em>πολιτείαν</em></strong></span> <span class='ocrx_word' id='word_1_140' title='bbox 682 2100 740 2190; x_wconf 69' lang='grc' dir='ltr'><strong>τήν</strong></span> <span class='ocrx_word' id='word_1_141' title='bbox 767 2099 804 2168; x_wconf 71' lang='grc' dir='ltr'><strong>ἐν</strong></span> <span class='ocrx_word' id='word_1_142' title='bbox 831 2100 967 2168; x_wconf 77' lang='grc' dir='ltr'><strong><em>πάντων</em></strong></span> <span class='ocrx_word' id='word_1_143' title='bbox 993 2107 1041 2168; x_wconf 72' lang='lat' dir='ltr'><strong>cc&#39;</strong></span> <span class='ocrx_word' id='word_1_144' title='bbox 1040 2126 1058 2165; x_wconf 89' lang='grc' dir='ltr'><strong><em>ν</em></strong></span> <span class='ocrx_word' id='word_1_145' title='bbox 1084 2098 1331 2191; x_wconf 76' lang='grc' dir='ltr'><strong>προειρημένων</strong></span> 
     </span>
     <span class='ocr_line' id='line_1_17' title="bbox 167 2199 1330 2291; baseline -0.002 -22"><span class='ocrx_word' id='word_1_146' title='bbox 167 2199 358 2286; x_wconf 78' lang='grc' dir='ltr'><strong><em>ἰδιωμάτων</em></strong></span> <span class='ocrx_word' id='word_1_147' title='bbox 385 2208 602 2284; x_wconf 79' lang='grc' dir='ltr'><strong><em>συνεστῶσαν,</em></strong></span> <span class='ocrx_word' id='word_1_148' title='bbox 630 2208 719 2291; x_wconf 89' lang='lat' dir='ltr'><strong>idque</strong></span> <span class='ocrx_word' id='word_1_149' title='bbox 745 2209 919 2290; x_wconf 88' lang='lat' dir='ltr'><strong>comprobat</strong></span> <span class='ocrx_word' id='word_1_150' title='bbox 944 2209 1125 2289; x_wconf 75' lang='lat' dir='ltr'><strong>argumentis</strong></span> <span class='ocrx_word' id='word_1_151' title='bbox 1150 2227 1185 2269; x_wconf 86' lang='lat' dir='ltr'><strong>ex</strong></span> <span class='ocrx_word' id='word_1_152' title='bbox 1205 2205 1330 2270; x_wconf 89' lang='lat' dir='ltr'><strong>bistoria</strong></span> 
     </span>
     <span class='ocr_line' id='line_1_18' title="bbox 167 2308 1330 2393; baseline 0.001 -22"><span class='ocrx_word' id='word_1_153' title='bbox 167 2309 262 2373; x_wconf 89' lang='lat' dir='ltr'><strong>ductis</strong></span> <span class='ocrx_word' id='word_1_154' title='bbox 272 2311 285 2351; x_wconf 79' lang='lat'><strong>⁸</strong></span> <span class='ocrx_word' id='word_1_155' title='bbox 295 2313 334 2385; x_wconf 84' lang='grc'><strong>1).</strong></span> <span class='ocrx_word' id='word_1_156' title='bbox 363 2309 436 2374; x_wconf 87' lang='lat' dir='ltr'><strong>Nam</strong></span> <span class='ocrx_word' id='word_1_157' title='bbox 461 2319 655 2393; x_wconf 85' lang='lat' dir='ltr'><strong>posteaquam</strong></span> <span class='ocrx_word' id='word_1_158' title='bbox 671 2330 769 2374; x_wconf 87' lang='lat' dir='ltr'><strong>reram</strong></span> <span class='ocrx_word' id='word_1_159' title='bbox 783 2308 957 2392; x_wconf 75' lang='grc' dir='ltr'><strong><em>βασιλείαν</em></strong></span> <span class='ocrx_word' id='word_1_160' title='bbox 971 2331 1036 2374; x_wconf 88' lang='lat' dir='ltr'><strong>eam</strong></span> <span class='ocrx_word' id='word_1_161' title='bbox 1048 2315 1164 2374; x_wconf 88' lang='lat' dir='ltr'><strong>tautum</strong></span> <span class='ocrx_word' id='word_1_162' title='bbox 1177 2309 1330 2372; x_wconf 81' lang='lat' dir='ltr'><strong>dicendam</strong></span> 
     </span>
     <span class='ocr_line' id='line_1_19' title="bbox 166 2414 1330 2497; baseline -0.001 -23"><span class='ocrx_word' id='word_1_163' title='bbox 166 2432 233 2474; x_wconf 90' lang='lat' dir='ltr'><strong>csse</strong></span> <span class='ocrx_word' id='word_1_164' title='bbox 252 2414 420 2493; x_wconf 84' lang='lat' dir='ltr'><strong>proposuit,</strong></span> <span class='ocrx_word' id='word_1_165' title='bbox 442 2432 517 2495; x_wconf 89' lang='lat' dir='ltr'><strong>quae</strong></span> <span class='ocrx_word' id='word_1_166' title='bbox 538 2431 600 2476; x_wconf 94' lang='lat' dir='ltr'><strong>non</strong></span> <span class='ocrx_word' id='word_1_167' title='bbox 617 2432 672 2496; x_wconf 90' lang='lat' dir='ltr'><strong>per</strong></span> <span class='ocrx_word' id='word_1_168' title='bbox 691 2415 748 2477; x_wconf 85' lang='lat' dir='ltr'><strong>rim</strong></span> <span class='ocrx_word' id='word_1_169' title='bbox 768 2420 852 2496; x_wconf 89' lang='lat' dir='ltr'><strong>parta</strong></span> <span class='ocrx_word' id='word_1_170' title='bbox 867 2415 917 2477; x_wconf 87' lang='lat' dir='ltr'><strong>aed</strong></span> <span class='ocrx_word' id='word_1_171' title='bbox 933 2415 1035 2497; x_wconf 94' lang='lat' dir='ltr'><strong>populi</strong></span> <span class='ocrx_word' id='word_1_172' title='bbox 1050 2415 1197 2477; x_wconf 85' lang='lat' dir='ltr'><strong>voluntate</strong></span> <span class='ocrx_word' id='word_1_173' title='bbox 1212 2417 1243 2474; x_wconf 89' lang='lat' dir='ltr'><strong>et</strong></span> <span class='ocrx_word' id='word_1_174' title='bbox 1256 2430 1330 2474; x_wconf 90' lang='lat' dir='ltr'><strong>eon·</strong></span> 
     </span>
     <span class='ocr_line' id='line_1_20' title="bbox 167 2513 1330 2598; baseline 0.001 -22"><span class='ocrx_word' id='word_1_175' title='bbox 167 2531 256 2577; x_wconf 87' lang='lat' dir='ltr'><strong>sensu</strong></span> <span class='ocrx_word' id='word_1_176' title='bbox 276 2513 383 2577; x_wconf 88' lang='lat' dir='ltr'><strong>tradita</strong></span> <span class='ocrx_word' id='word_1_177' title='bbox 402 2515 456 2589; x_wconf 86' lang='lat' dir='ltr'><strong>ait,</strong></span> <span class='ocrx_word' id='word_1_178' title='bbox 477 2533 575 2598; x_wconf 89' lang='lat' dir='ltr'><strong>neque</strong></span> <span class='ocrx_word' id='word_1_179' title='bbox 594 2525 677 2579; x_wconf 92' lang='lat' dir='ltr'><strong>metu</strong></span> <span class='ocrx_word' id='word_1_180' title='bbox 697 2523 728 2579; x_wconf 89' lang='lat' dir='ltr'><strong>et</strong></span> <span class='ocrx_word' id='word_1_181' title='bbox 747 2526 861 2580; x_wconf 83' lang='lat' dir='ltr'><strong>terrore</strong></span> <span class='ocrx_word' id='word_1_182' title='bbox 876 2518 1060 2593; x_wconf 88' lang='lat' dir='ltr'><strong>incutiendo,</strong></span> <span class='ocrx_word' id='word_1_183' title='bbox 1083 2517 1135 2580; x_wconf 86' lang='lat' dir='ltr'><strong>sed</strong></span> <span class='ocrx_word' id='word_1_184' title='bbox 1150 2514 1330 2578; x_wconf 89' lang='lat' dir='ltr'><strong>consulendo</strong></span> 
     </span>
     <span class='ocr_line' id='line_1_21' title="bbox 167 2616 1331 2700; baseline -0.001 -22"><span class='ocrx_word' id='word_1_185' title='bbox 167 2616 274 2679; x_wconf 79' lang='lat' dir='ltr'><strong>civium</strong></span> <span class='ocrx_word' id='word_1_186' title='bbox 289 2619 376 2679; x_wconf 86' lang='lat' dir='ltr'><strong>saluti</strong></span> <span class='ocrx_word' id='word_1_187' title='bbox 391 2625 420 2680; x_wconf 90' lang='lat' dir='ltr'><strong>et</strong></span> <span class='ocrx_word' id='word_1_188' title='bbox 433 2617 509 2679; x_wconf 88' lang='lat' dir='ltr'><strong>bene</strong></span> <span class='ocrx_word' id='word_1_189' title='bbox 522 2618 656 2682; x_wconf 84' lang='lat' dir='ltr'><strong>iaciendo</strong></span> <span class='ocrx_word' id='word_1_190' title='bbox 671 2619 794 2694; x_wconf 87' lang='lat' dir='ltr'><strong>nitatur,</strong></span> <span class='ocrx_word' id='word_1_191' title='bbox 810 2620 1043 2683; x_wconf 88' lang='lat' dir='ltr'><strong>aristocraticum</strong></span> <span class='ocrx_word' id='word_1_192' title='bbox 1061 2637 1150 2700; x_wconf 90' lang='lat' dir='ltr'><strong>porro</strong></span> <span class='ocrx_word' id='word_1_193' title='bbox 1164 2635 1224 2680; x_wconf 93' lang='lat' dir='ltr'><strong>non</strong></span> <span class='ocrx_word' id='word_1_194' title='bbox 1235 2616 1331 2697; x_wconf 91' lang='lat' dir='ltr'><strong>quod-</strong></span> 
     </span>
     <span class='ocr_line' id='line_1_22' title="bbox 168 2718 1331 2803; baseline -0.002 -22"><span class='ocrx_word' id='word_1_195' title='bbox 168 2719 211 2781; x_wconf 82' lang='lat' dir='ltr'><strong>vis</strong></span> <span class='ocrx_word' id='word_1_196' title='bbox 230 2737 392 2800; x_wconf 88' lang='lat' dir='ltr'><strong>paucorum</strong></span> <span class='ocrx_word' id='word_1_197' title='bbox 412 2720 587 2802; x_wconf 91' lang='lat' dir='ltr'><strong>imperium,</strong></span> <span class='ocrx_word' id='word_1_198' title='bbox 608 2722 660 2784; x_wconf 88' lang='lat' dir='ltr'><strong>sed</strong></span> <span class='ocrx_word' id='word_1_199' title='bbox 680 2721 767 2797; x_wconf 91' lang='lat' dir='ltr'><strong>illud,</strong></span> <span class='ocrx_word' id='word_1_200' title='bbox 789 2721 867 2803; x_wconf 91' lang='lat' dir='ltr'><strong>quod</strong></span> <span class='ocrx_word' id='word_1_201' title='bbox 882 2740 899 2784; x_wconf 89' lang='lat' dir='ltr'><strong>a</strong></span> <span class='ocrx_word' id='word_1_202' title='bbox 915 2721 1035 2784; x_wconf 90' lang='lat' dir='ltr'><strong>delectis</strong></span> <span class='ocrx_word' id='word_1_203' title='bbox 1050 2720 1119 2782; x_wconf 83' lang='lat' dir='ltr'><strong>siris</strong></span> <span class='ocrx_word' id='word_1_204' title='bbox 1134 2718 1219 2782; x_wconf 87' lang='lat' dir='ltr'><strong>bonis</strong></span> <span class='ocrx_word' id='word_1_205' title='bbox 1234 2737 1269 2780; x_wconf 91' lang='lat' dir='ltr'><strong>ac</strong></span> <span class='ocrx_word' id='word_1_206' title='bbox 1282 2737 1331 2780; x_wconf 90' lang='lat' dir='ltr'><strong>sa-</strong></span> 
     </span>
     <span class='ocr_line' id='line_1_23' title="bbox 168 2821 1331 2906; baseline -0.001 -23"><span class='ocrx_word' id='word_1_207' title='bbox 168 2822 317 2902; x_wconf 87' lang='lat' dir='ltr'><strong>pientibus</strong></span> <span class='ocrx_word' id='word_1_208' title='bbox 337 2827 524 2897; x_wconf 81' lang='lat' dir='ltr'><strong>exerceatur,</strong></span> <span class='ocrx_word' id='word_1_209' title='bbox 542 2823 751 2887; x_wconf 84' lang='lat' dir='ltr'><strong>democratiam</strong></span> <span class='ocrx_word' id='word_1_210' title='bbox 771 2825 898 2906; x_wconf 85' lang='lat' dir='ltr'><strong>denique</strong></span> <span class='ocrx_word' id='word_1_211' title='bbox 913 2842 976 2887; x_wconf 92' lang='lat' dir='ltr'><strong>non</strong></span> <span class='ocrx_word' id='word_1_212' title='bbox 991 2842 1060 2886; x_wconf 91' lang='lat' dir='ltr'><strong>eum</strong></span> <span class='ocrx_word' id='word_1_213' title='bbox 1075 2831 1187 2886; x_wconf 90' lang='lat' dir='ltr'><strong>statum</strong></span> <span class='ocrx_word' id='word_1_214' title='bbox 1198 2821 1331 2896; x_wconf 84' lang='lat' dir='ltr'><strong>civitatis,</strong></span> 
     </span>
     <span class='ocr_line' id='line_1_24' title="bbox 169 2923 1333 3006; baseline 0 -21"><span class='ocrx_word' id='word_1_215' title='bbox 169 2925 200 2985; x_wconf 91' lang='lat' dir='ltr'><strong>in</strong></span> <span class='ocrx_word' id='word_1_216' title='bbox 219 2942 278 3004; x_wconf 94' lang='lat' dir='ltr'><strong>quo</strong></span> <span class='ocrx_word' id='word_1_217' title='bbox 300 2925 397 2987; x_wconf 88' lang='lat' dir='ltr'><strong>omnis</strong></span> <span class='ocrx_word' id='word_1_218' title='bbox 412 2924 610 2987; x_wconf 85' lang='lat' dir='ltr'><strong>multitudinis</strong></span> <span class='ocrx_word' id='word_1_219' title='bbox 625 2924 780 2989; x_wconf 89' lang='lat' dir='ltr'><strong>arbitrium</strong></span> <span class='ocrx_word' id='word_1_220' title='bbox 794 2946 829 2988; x_wconf 90' lang='lat' dir='ltr'><strong>ac</strong></span> <span class='ocrx_word' id='word_1_221' title='bbox 842 2926 931 2988; x_wconf 90' lang='lat' dir='ltr'><strong>libido</strong></span> <span class='ocrx_word' id='word_1_222' title='bbox 946 2926 1053 2998; x_wconf 81' lang='lat' dir='ltr'><strong>valeat,</strong></span> <span class='ocrx_word' id='word_1_223' title='bbox 1074 2926 1173 2988; x_wconf 83' lang='lat' dir='ltr'><strong>sedin</strong></span> <span class='ocrx_word' id='word_1_224' title='bbox 1188 2942 1247 3006; x_wconf 78' lang='lat' dir='ltr'><strong>quo</strong></span> <span class='ocrx_word' id='word_1_225' title='bbox 1262 2923 1333 2986; x_wconf 92' lang='lat' dir='ltr'><strong>boni</strong></span> 
     </span>
     <span class='ocr_line' id='line_1_25' title="bbox 169 3027 1334 3109; baseline -0.001 -20"><span class='ocrx_word' id='word_1_226' title='bbox 169 3045 267 3090; x_wconf 87' lang='lat' dir='ltr'><strong>mores</strong></span> <span class='ocrx_word' id='word_1_227' title='bbox 288 3028 470 3107; x_wconf 87' lang='lat' dir='ltr'><strong>deorumque</strong></span> <span class='ocrx_word' id='word_1_228' title='bbox 488 3028 652 3091; x_wconf 83' lang='lat' dir='ltr'><strong>reverentia</strong></span> <span class='ocrx_word' id='word_1_229' title='bbox 673 3028 789 3108; x_wconf 87' lang='lat' dir='ltr'><strong>vigeant</strong></span> <span class='ocrx_word' id='word_1_230' title='bbox 808 3033 966 3109; x_wconf 79' lang='lat' dir='ltr'><strong>sanctaque</strong></span> <span class='ocrx_word' id='word_1_231' title='bbox 983 3036 1014 3090; x_wconf 87' lang='lat' dir='ltr'><strong>et</strong></span> <span class='ocrx_word' id='word_1_232' title='bbox 1033 3027 1157 3090; x_wconf 81' lang='lat' dir='ltr'><strong>infracta</strong></span> <span class='ocrx_word' id='word_1_233' title='bbox 1178 3028 1218 3090; x_wconf 86' lang='lat' dir='ltr'><strong>sit</strong></span> <span class='ocrx_word' id='word_1_234' title='bbox 1237 3027 1334 3108; x_wconf 84' lang='lat' dir='ltr'><strong>legum</strong></span> 
     </span>
     <span class='ocr_line' id='line_1_26' title="bbox 170 3128 1334 3219; baseline -0.001 -27"><span class='ocrx_word' id='word_1_235' title='bbox 170 3129 336 3203; x_wconf 88' lang='lat' dir='ltr'><strong>auctoritas,</strong></span> <span class='ocrx_word' id='word_1_236' title='bbox 352 3128 457 3219; x_wconf 82' lang='lat' dir='ltr'><strong>bisque</strong></span> <span class='ocrx_word' id='word_1_237' title='bbox 471 3131 611 3211; x_wconf 88' lang='lat' dir='ltr'><strong>opposuit</strong></span> <span class='ocrx_word' id='word_1_238' title='bbox 625 3130 770 3192; x_wconf 87' lang='lat' dir='ltr'><strong>contraria</strong></span> <span class='ocrx_word' id='word_1_239' title='bbox 785 3131 836 3193; x_wconf 86' lang='lat' dir='ltr'><strong>sed</strong></span> <span class='ocrx_word' id='word_1_240' title='bbox 850 3131 949 3193; x_wconf 88' lang='lat' dir='ltr'><strong>allinia</strong></span> <span class='ocrx_word' id='word_1_241' title='bbox 960 3131 1045 3205; x_wconf 89' lang='lat' dir='ltr'><strong>mala,</strong></span> <span class='ocrx_word' id='word_1_242' title='bbox 1061 3130 1256 3211; x_wconf 71' lang='lat' dir='ltr'><strong>tyrannidem,</strong></span> <span class='ocrx_word' id='word_1_243' title='bbox 1272 3149 1334 3211; x_wconf 88' lang='lat' dir='ltr'><strong>quo</strong></span> 
     </span>
     <span class='ocr_line' id='line_1_27' title="bbox 168 3231 1333 3313; baseline 0 -19"><span class='ocrx_word' id='word_1_244' title='bbox 168 3231 290 3294; x_wconf 88' lang='lat' dir='ltr'><strong>nomine</strong></span> <span class='ocrx_word' id='word_1_245' title='bbox 311 3248 432 3293; x_wconf 88' lang='lat' dir='ltr'><strong>omnem</strong></span> <span class='ocrx_word' id='word_1_246' title='bbox 455 3231 614 3294; x_wconf 76' lang='lat' dir='ltr'><strong>violentam</strong></span> <span class='ocrx_word' id='word_1_247' title='bbox 637 3240 668 3294; x_wconf 91' lang='lat' dir='ltr'><strong>et</strong></span> <span class='ocrx_word' id='word_1_248' title='bbox 682 3231 822 3296; x_wconf 91' lang='lat' dir='ltr'><strong>iniustam</strong></span> <span class='ocrx_word' id='word_1_249' title='bbox 836 3233 924 3295; x_wconf 86' lang='lat' dir='ltr'><strong>nnius</strong></span> <span class='ocrx_word' id='word_1_250' title='bbox 939 3233 1172 3296; x_wconf 88' lang='lat' dir='ltr'><strong>dominationem</strong></span> <span class='ocrx_word' id='word_1_251' title='bbox 1188 3233 1333 3313; x_wconf 87' lang='lat' dir='ltr'><strong>intelligit,</strong></span> 
     </span>
     <span class='ocr_line' id='line_1_28' title="bbox 171 3332 1332 3418; baseline 0.001 -22"><span class='ocrx_word' id='word_1_252' title='bbox 171 3333 368 3416; x_wconf 87' lang='lat' dir='ltr'><strong>eligarchiam,</strong></span> <span class='ocrx_word' id='word_1_253' title='bbox 383 3332 435 3395; x_wconf 93' lang='lat' dir='ltr'><strong>ubi</strong></span> <span class='ocrx_word' id='word_1_254' title='bbox 448 3352 465 3396; x_wconf 93' lang='lat' dir='ltr'><strong>a</strong></span> <span class='ocrx_word' id='word_1_255' title='bbox 479 3333 580 3415; x_wconf 86' lang='lat' dir='ltr'><strong>paucis</strong></span> <span class='ocrx_word' id='word_1_256' title='bbox 594 3353 643 3396; x_wconf 88' lang='lat' dir='ltr'><strong>res</strong></span> <span class='ocrx_word' id='word_1_257' title='bbox 658 3335 772 3416; x_wconf 92' lang='lat' dir='ltr'><strong>publica</strong></span> <span class='ocrx_word' id='word_1_258' title='bbox 788 3343 926 3414; x_wconf 88' lang='lat' dir='ltr'><strong>tanquam</strong></span> <span class='ocrx_word' id='word_1_259' title='bbox 941 3336 1061 3417; x_wconf 89' lang='lat' dir='ltr'><strong>propria</strong></span> <span class='ocrx_word' id='word_1_260' title='bbox 1075 3336 1209 3418; x_wconf 90' lang='lat' dir='ltr'><strong>ipsorum</strong></span> <span class='ocrx_word' id='word_1_261' title='bbox 1224 3344 1332 3398; x_wconf 88' lang='lat' dir='ltr'><strong>tracte·</strong></span> 
     </span>
     <span class='ocr_line' id='line_1_29' title="bbox 170 3437 1334 3519; baseline 0 -19"><span class='ocrx_word' id='word_1_262' title='bbox 170 3445 221 3500; x_wconf 92' lang='lat' dir='ltr'><strong>tur</strong></span> <span class='ocrx_word' id='word_1_263' title='bbox 239 3445 463 3518; x_wconf 87' lang='lat' dir='ltr'><strong>ceterorumque</strong></span> <span class='ocrx_word' id='word_1_264' title='bbox 482 3437 529 3500; x_wconf 92' lang='lat' dir='ltr'><strong>ins</strong></span> <span class='ocrx_word' id='word_1_265' title='bbox 550 3456 584 3499; x_wconf 86' lang='lat' dir='ltr'><strong>ac</strong></span> <span class='ocrx_word' id='word_1_266' title='bbox 601 3437 720 3500; x_wconf 89' lang='lat' dir='ltr'><strong>libertas</strong></span> <span class='ocrx_word' id='word_1_267' title='bbox 743 3456 798 3518; x_wconf 93' lang='lat' dir='ltr'><strong>per</strong></span> <span class='ocrx_word' id='word_1_268' title='bbox 810 3438 978 3519; x_wconf 87' lang='lat' dir='ltr'><strong>superbiam</strong></span> <span class='ocrx_word' id='word_1_269' title='bbox 992 3439 1156 3519; x_wconf 76' lang='lat' dir='ltr'><strong>negligatur</strong></span> <span class='ocrx_word' id='word_1_270' title='bbox 1169 3447 1200 3500; x_wconf 91' lang='lat' dir='ltr'><strong>et</strong></span> <span class='ocrx_word' id='word_1_271' title='bbox 1213 3438 1334 3519; x_wconf 87' lang='lat' dir='ltr'><strong>procul-</strong></span> 
     </span>
     <span class='ocr_line' id='line_1_30' title="bbox 170 3539 1334 3621; baseline -0.001 -18"><span class='ocrx_word' id='word_1_272' title='bbox 170 3548 262 3612; x_wconf 86' lang='lat' dir='ltr'><strong>cetur,</strong></span> <span class='ocrx_word' id='word_1_273' title='bbox 279 3539 487 3603; x_wconf 89' lang='lat' dir='ltr'><strong>ocblocratiam</strong></span> <span class='ocrx_word' id='word_1_274' title='bbox 503 3539 639 3621; x_wconf 88' lang='lat' dir='ltr'><strong>denique,</strong></span> <span class='ocrx_word' id='word_1_275' title='bbox 655 3540 686 3601; x_wconf 91' lang='lat' dir='ltr'><strong>in</strong></span> <span class='ocrx_word' id='word_1_276' title='bbox 701 3558 760 3620; x_wconf 84' lang='lat' dir='ltr'><strong>qua</strong></span> <span class='ocrx_word' id='word_1_277' title='bbox 774 3539 890 3602; x_wconf 87' lang='lat' dir='ltr'><strong>mobilis</strong></span> <span class='ocrx_word' id='word_1_278' title='bbox 904 3548 935 3603; x_wconf 90' lang='lat' dir='ltr'><strong>et</strong></span> <span class='ocrx_word' id='word_1_279' title='bbox 949 3541 1121 3603; x_wconf 88' lang='lat' dir='ltr'><strong>temerariae</strong></span> <span class='ocrx_word' id='word_1_280' title='bbox 1135 3540 1334 3603; x_wconf 86' lang='lat' dir='ltr'><strong>multitudinis</strong></span> 
     </span>
     <span class='ocr_line' id='line_1_31' title="bbox 170 3642 1334 3724; baseline 0 -20"><span class='ocrx_word' id='word_1_281' title='bbox 170 3642 268 3717; x_wconf 92' lang='lat' dir='ltr'><strong>libido,</strong></span> <span class='ocrx_word' id='word_1_282' title='bbox 284 3659 345 3704; x_wconf 92' lang='lat' dir='ltr'><strong>non</strong></span> <span class='ocrx_word' id='word_1_283' title='bbox 357 3645 435 3722; x_wconf 88' lang='lat' dir='ltr'><strong>leges</strong></span> <span class='ocrx_word' id='word_1_284' title='bbox 447 3642 648 3714; x_wconf 85' lang='lat' dir='ltr'><strong>dominentur,</strong></span> <span class='ocrx_word' id='word_1_285' title='bbox 663 3642 722 3705; x_wconf 87' lang='lat' dir='ltr'><strong>iam</strong></span> <span class='ocrx_word' id='word_1_286' title='bbox 734 3642 918 3705; x_wconf 88' lang='lat' dir='ltr'><strong>demonstrat</strong></span> <span class='ocrx_word' id='word_1_287' title='bbox 929 3643 1069 3706; x_wconf 90' lang='lat' dir='ltr'><strong>historiae</strong></span> <span class='ocrx_word' id='word_1_288' title='bbox 1080 3643 1231 3724; x_wconf 83' lang='lat' dir='ltr'><strong>exemplis,</strong></span> <span class='ocrx_word' id='word_1_289' title='bbox 1244 3662 1334 3724; x_wconf 63' lang='lat' dir='ltr'><strong>mam</strong></span> 
     </span>
     <span class='ocr_line' id='line_1_32' title="bbox 170 3745 1334 3829; baseline 0.001 -21"><span class='ocrx_word' id='word_1_290' title='bbox 170 3747 306 3827; x_wconf 80' lang='lat' dir='ltr'><strong>proclivis</strong></span> <span class='ocrx_word' id='word_1_291' title='bbox 322 3753 352 3809; x_wconf 88' lang='lat' dir='ltr'><strong>et</strong></span> <span class='ocrx_word' id='word_1_292' title='bbox 366 3765 458 3829; x_wconf 89' lang='lat' dir='ltr'><strong>prope</strong></span> <span class='ocrx_word' id='word_1_293' title='bbox 474 3756 553 3810; x_wconf 91' lang='lat' dir='ltr'><strong>certa</strong></span> <span class='ocrx_word' id='word_1_294' title='bbox 567 3754 656 3828; x_wconf 88' lang='lat' dir='ltr'><strong>atque</strong></span> <span class='ocrx_word' id='word_1_295' title='bbox 670 3745 843 3809; x_wconf 82' lang='lat' dir='ltr'><strong>inevitabilis</strong></span> <span class='ocrx_word' id='word_1_296' title='bbox 858 3746 890 3808; x_wconf 92' lang='lat' dir='ltr'><strong>in</strong></span> <span class='ocrx_word' id='word_1_297' title='bbox 904 3765 964 3809; x_wconf 91' lang='lat' dir='ltr'><strong>uno</strong></span> <span class='ocrx_word' id='word_1_298' title='bbox 979 3766 1099 3829; x_wconf 85' lang='lat' dir='ltr'><strong>quoque</strong></span> <span class='ocrx_word' id='word_1_299' title='bbox 1113 3746 1149 3809; x_wconf 91' lang='lat' dir='ltr'><strong>de</strong></span> <span class='ocrx_word' id='word_1_300' title='bbox 1164 3746 1260 3809; x_wconf 82' lang='lat' dir='ltr'><strong>tribus</strong></span> <span class='ocrx_word' id='word_1_301' title='bbox 1277 3746 1334 3809; x_wconf 86' lang='lat' dir='ltr'><strong>illis</strong></span> 
     </span>
    </p>
   </div>
   <div class='ocr_carea' id='block_1_3' title="bbox 170 3959 1335 4545">
    <p class='ocr_par' dir='ltr' id='par_1_4' title="bbox 170 3959 1335 4545">
     <span class='ocr_line' id='line_1_33' title="bbox 239 3959 1335 4037; baseline -0.001 -20"><span class='ocrx_word' id='word_1_302' title='bbox 239 3966 282 4033; x_wconf 81' lang='lat'><strong>³1)</strong></span> <span class='ocrx_word' id='word_1_303' title='bbox 300 3967 354 4019; x_wconf 83' lang='lat' dir='ltr'><strong>bib.</strong></span> <span class='ocrx_word' id='word_1_304' title='bbox 371 3968 419 4035; x_wconf 92' lang='lat' dir='ltr'><strong>Vl,</strong></span> <span class='ocrx_word' id='word_1_305' title='bbox 437 3986 459 4021; x_wconf 90' lang='lat' dir='ltr'><strong>c.</strong></span> <span class='ocrx_word' id='word_1_306' title='bbox 473 3971 502 4037; x_wconf 81' lang='lat'><strong>3,</strong></span> <span class='ocrx_word' id='word_1_307' title='bbox 519 3972 544 4021; x_wconf 82' lang='lat'><strong>7.</strong></span> <span class='ocrx_word' id='word_1_308' title='bbox 557 3995 591 4007; x_wconf 94' lang='lat'><strong>—·</strong></span> <span class='ocrx_word' id='word_1_309' title='bbox 603 3968 758 4022; x_wconf 78' lang='lat' dir='ltr'><strong>Aristoteles</strong></span> <span class='ocrx_word' id='word_1_310' title='bbox 775 3984 872 4036; x_wconf 82' lang='lat' dir='ltr'><strong>quoque</strong></span> <span class='ocrx_word' id='word_1_311' title='bbox 889 3970 919 4021; x_wconf 87' lang='lat' dir='ltr'><strong>de</strong></span> <span class='ocrx_word' id='word_1_312' title='bbox 936 3959 967 4020; x_wconf 80' lang='grc' dir='ltr'><strong>εὖ</strong></span> <span class='ocrx_word' id='word_1_313' title='bbox 983 3970 1165 4037; x_wconf 78' lang='grc' dir='ltr'><strong><em>κεκραμέναις</em></strong></span> <span class='ocrx_word' id='word_1_314' title='bbox 1180 3968 1335 4024; x_wconf 75' lang='grc' dir='ltr'><strong><em>πολιτείαις</em></strong></span> 
     </span>
     <span class='ocr_line' id='line_1_34' title="bbox 170 4047 1334 4123; baseline 0.002 -23"><span class='ocrx_word' id='word_1_315' title='bbox 170 4047 284 4117; x_wconf 82' lang='lat' dir='ltr'><strong>loquitur</strong></span> <span class='ocrx_word' id='word_1_316' title='bbox 296 4053 328 4119; x_wconf 93' lang='lat' dir='ltr'><strong>V,</strong></span> <span class='ocrx_word' id='word_1_317' title='bbox 340 4057 364 4120; x_wconf 82' lang='lat'><strong>7,</strong></span> <span class='ocrx_word' id='word_1_318' title='bbox 381 4057 410 4117; x_wconf 83' lang='lat'><strong>13</strong></span> <span class='ocrx_word' id='word_1_319' title='bbox 428 4070 506 4123; x_wconf 86' lang='lat' dir='ltr'><strong>aeque</strong></span> <span class='ocrx_word' id='word_1_320' title='bbox 525 4063 609 4107; x_wconf 85' lang='lat' dir='ltr'><strong>tamen</strong></span> <span class='ocrx_word' id='word_1_321' title='bbox 626 4056 697 4107; x_wconf 84' lang='lat' dir='ltr'><strong>illem</strong></span> <span class='ocrx_word' id='word_1_322' title='bbox 710 4056 787 4107; x_wconf 85' lang='lat' dir='ltr'><strong>trium</strong></span> <span class='ocrx_word' id='word_1_323' title='bbox 800 4068 919 4120; x_wconf 82' lang='lat' dir='ltr'><strong>generum</strong></span> <span class='ocrx_word' id='word_1_324' title='bbox 931 4052 1114 4122; x_wconf 83' lang='lat' dir='ltr'><strong>copulatiorem</strong></span> <span class='ocrx_word' id='word_1_325' title='bbox 1126 4053 1261 4117; x_wconf 75' lang='lat' dir='ltr'><strong>siguificat.</strong></span> <span class='ocrx_word' id='word_1_326' title='bbox 1284 4051 1334 4102; x_wconf 81' lang='lat' dir='ltr'><strong>Sed</strong></span> 
     </span>
     <span class='ocr_line' id='line_1_35' title="bbox 173 4130 1334 4210; baseline 0.001 -24"><span class='ocrx_word' id='word_1_327' title='bbox 173 4135 275 4190; x_wconf 84' lang='lat' dir='ltr'><strong>Stoicos</strong></span> <span class='ocrx_word' id='word_1_328' title='bbox 291 4138 416 4205; x_wconf 80' lang='lat' dir='ltr'><strong>Diogenes</strong></span> <span class='ocrx_word' id='word_1_329' title='bbox 429 4132 518 4191; x_wconf 77' lang='lat' dir='ltr'><strong>brert&#39;</strong></span> <span class='ocrx_word' id='word_1_330' title='bbox 526 4139 585 4206; x_wconf 90' lang='lat' dir='ltr'><strong>Vll,</strong></span> <span class='ocrx_word' id='word_1_331' title='bbox 603 4141 650 4193; x_wconf 80' lang='lat'><strong>131</strong></span> <span class='ocrx_word' id='word_1_332' title='bbox 670 4141 766 4192; x_wconf 78' lang='lat' dir='ltr'><strong>dixisse</strong></span> <span class='ocrx_word' id='word_1_333' title='bbox 782 4141 820 4192; x_wconf 87' lang='lat' dir='ltr'><strong>ait</strong></span> <span class='ocrx_word' id='word_1_334' title='bbox 836 4139 982 4192; x_wconf 74' lang='lat' dir='ltr'><strong>notaretur</strong></span> <span class='ocrx_word' id='word_1_335' title='bbox 999 4134 1117 4210; x_wconf 77' lang='grc' dir='ltr'><strong><em>ἀρίστην</em></strong></span> <span class='ocrx_word' id='word_1_336' title='bbox 1128 4133 1292 4206; x_wconf 66' lang='lat' dir='ltr'><strong>cingereris</strong></span> <span class='ocrx_word' id='word_1_337' title='bbox 1303 4130 1334 4188; x_wconf 73' lang='lat' dir='ltr'><strong>in</strong></span> 
     </span>
     <span class='ocr_line' id='line_1_36' title="bbox 172 4219 1333 4295; baseline 0 -23"><span class='ocrx_word' id='word_1_338' title='bbox 172 4234 201 4283; x_wconf 70' lang='grc' dir='ltr'><strong>τε</strong></span> <span class='ocrx_word' id='word_1_339' title='bbox 214 4219 403 4292; x_wconf 76' lang='grc' dir='ltr'><strong><em>δημοκρατίας</em></strong></span> <span class='ocrx_word' id='word_1_340' title='bbox 415 4226 462 4277; x_wconf 82' lang='grc' dir='ltr'><strong>ναὶ</strong></span> <span class='ocrx_word' id='word_1_341' title='bbox 472 4225 614 4291; x_wconf 74' lang='grc' dir='ltr'><strong><em>βασιλείας</em></strong></span> <span class='ocrx_word' id='word_1_342' title='bbox 625 4226 672 4277; x_wconf 76' lang='grc' dir='ltr'><strong>καὶ</strong></span> <span class='ocrx_word' id='word_1_343' title='bbox 681 4219 903 4295; x_wconf 76' lang='grc' dir='ltr'><strong><em>ἀριστοκρατίας,</em></strong></span> <span class='ocrx_word' id='word_1_344' title='bbox 916 4232 1046 4275; x_wconf 84' lang='lat' dir='ltr'><strong>auctorem</strong></span> <span class='ocrx_word' id='word_1_345' title='bbox 1053 4232 1137 4275; x_wconf 85' lang='lat' dir='ltr'><strong>temen</strong></span> <span class='ocrx_word' id='word_1_346' title='bbox 1147 4223 1242 4274; x_wconf 84' lang='lat' dir='ltr'><strong>nullum</strong></span> <span class='ocrx_word' id='word_1_347' title='bbox 1252 4222 1333 4273; x_wconf 93' lang='lat' dir='ltr'><strong>nomi-</strong></span> 
     </span>
     <span class='ocr_line' id='line_1_37' title="bbox 172 4305 1333 4376; baseline 0.001 -19"><span class='ocrx_word' id='word_1_348' title='bbox 172 4307 251 4357; x_wconf 81' lang='lat' dir='ltr'><strong>natim</strong></span> <span class='ocrx_word' id='word_1_349' title='bbox 266 4306 378 4359; x_wconf 84' lang='lat' dir='ltr'><strong>leudem.</strong></span> <span class='ocrx_word' id='word_1_350' title='bbox 403 4309 499 4360; x_wconf 85' lang='lat' dir='ltr'><strong>Seneca</strong></span> <span class='ocrx_word' id='word_1_351' title='bbox 517 4308 629 4376; x_wconf 84' lang='lat' dir='ltr'><strong>quidem,</strong></span> <span class='ocrx_word' id='word_1_352' title='bbox 650 4309 681 4359; x_wconf 89' lang='lat' dir='ltr'><strong>de</strong></span> <span class='ocrx_word' id='word_1_353' title='bbox 698 4305 778 4359; x_wconf 88' lang='lat' dir='ltr'><strong>bcnel.</strong></span> <span class='ocrx_word' id='word_1_354' title='bbox 795 4306 833 4372; x_wconf 94' lang='lat' dir='ltr'><strong>ll,</strong></span> <span class='ocrx_word' id='word_1_355' title='bbox 845 4307 891 4373; x_wconf 75' lang='lat'><strong>20,</strong></span> <span class='ocrx_word' id='word_1_356' title='bbox 910 4309 1028 4376; x_wconf 87' lang='lat' dir='ltr'><strong>optimum</strong></span> <span class='ocrx_word' id='word_1_357' title='bbox 1046 4309 1160 4361; x_wconf 80' lang='lat' dir='ltr'><strong>civitatis</strong></span> <span class='ocrx_word' id='word_1_358' title='bbox 1176 4316 1270 4360; x_wconf 83' lang='lat' dir='ltr'><strong>statum</strong></span> <span class='ocrx_word' id='word_1_359' title='bbox 1286 4307 1333 4358; x_wconf 86' lang='lat' dir='ltr'><strong>sub</strong></span> 
     </span>
     <span class='ocr_line' id='line_1_38' title="bbox 172 4390 1334 4462; baseline 0.002 -20"><span class='ocrx_word' id='word_1_360' title='bbox 172 4405 234 4456; x_wconf 88' lang='lat' dir='ltr'><strong>rege</strong></span> <span class='ocrx_word' id='word_1_361' title='bbox 245 4390 312 4442; x_wconf 86' lang='lat' dir='ltr'><strong>insto</strong></span> <span class='ocrx_word' id='word_1_362' title='bbox 325 4407 382 4444; x_wconf 86' lang='lat' dir='ltr'><strong>esee</strong></span> <span class='ocrx_word' id='word_1_363' title='bbox 394 4393 444 4458; x_wconf 87' lang='lat' dir='ltr'><strong>ait,</strong></span> <span class='ocrx_word' id='word_1_364' title='bbox 461 4401 583 4462; x_wconf 79' lang='lat' dir='ltr'><strong>negatque</strong></span> <span class='ocrx_word' id='word_1_365' title='bbox 596 4394 712 4458; x_wconf 84' lang='lat' dir='ltr'><strong>Brutum,</strong></span> <span class='ocrx_word' id='word_1_366' title='bbox 730 4406 804 4461; x_wconf 62' lang='lat' dir='ltr'><strong>mum</strong></span> <span class='ocrx_word' id='word_1_367' title='bbox 815 4394 888 4459; x_wconf 90' lang='lat' dir='ltr'><strong>regni</strong></span> <span class='ocrx_word' id='word_1_368' title='bbox 900 4394 958 4445; x_wconf 88' lang='lat' dir='ltr'><strong>odio</strong></span> <span class='ocrx_word' id='word_1_369' title='bbox 971 4392 1105 4445; x_wconf 66' lang='lat' dir='ltr'><strong>&amp;marem</strong></span> <span class='ocrx_word' id='word_1_370' title='bbox 1116 4394 1288 4461; x_wconf 86' lang='lat' dir='ltr'><strong>interimeret,</strong></span> <span class='ocrx_word' id='word_1_371' title='bbox 1301 4406 1334 4446; x_wconf 79' lang='lat' dir='ltr'><strong>ex</strong></span> 
     </span>
     <span class='ocr_line' id='line_1_39' title="bbox 171 4475 529 4545; baseline 0.006 -17"><span class='ocrx_word' id='word_1_372' title='bbox 171 4475 333 4529; x_wconf 86' lang='lat' dir='ltr'><strong>institutione</strong></span> <span class='ocrx_word' id='word_1_373' title='bbox 345 4479 425 4530; x_wconf 84' lang='lat' dir='ltr'><strong>stater</strong></span> <span class='ocrx_word' id='word_1_374' title='bbox 436 4478 529 4545; x_wconf 81' lang='lat' dir='ltr'><strong>egisse.</strong></span> 
     </span>
    </p>
   </div>
   <div class='ocr_carea' id='block_1_4' title="bbox 213 4559 1130 4624">
    <p class='ocr_par' dir='ltr' id='par_1_5' title="bbox 213 4559 1130 4624">
     <span class='ocr_line' id='line_1_40' title="bbox 213 4559 1130 4624; baseline 0.001 -1"><span class='ocrx_word' id='word_1_375' title='bbox 213 4559 261 4623; x_wconf 87' lang='lat' dir='ltr'><strong>lv.</strong></span> <span class='ocrx_word' id='word_1_376' title='bbox 1110 4562 1130 4624; x_wconf 81' lang='lat'>2</span> 
     </span>
    </p>
   </div>
   <div class='ocr_carea' id='block_1_5' title="bbox 0 0 1663 5142">
    <p class='ocr_par' dir='ltr' id='par_1_6' title="bbox 0 0 1663 5142">
     <span class='ocr_line' id='line_1_41' title="bbox 0 0 1663 5142; baseline 0 0"><span class='ocrx_word' id='word_1_377' title='bbox 0 0 1663 5142; x_wconf 95' lang='lat' dir='ltr'><strong> </strong></span> 
     </span>
    </p>
   </div>
  </div>
 </body>
</html>
