3290 5142
294 1421 483 1517 SCHOLIA
514 1427 563 1518 IN
594 1427 820 1522 EURIPIDIS
851 1426 1000 1522 lONIIII.
1032 1429 1158 1522 nnat.
1176 1430 1221 1522 II.

270 1673 305 1737 In
319 1682 537 1755 programmate
551 1677 621 1739 anni
635 1679 810 1759 superioris,
833 1697 926 1760 quum
940 1678 1051 1742 scholia
1065 1685 1167 1742 nostra
1181 1679 1213 1741 in
1227 1679 1345 1763 Euripi-

186 1776 257 1840 deae
284 1776 363 1839 Iunis
386 1777 542 1860 prologum
568 1780 787 1853 exhiberemus,
811 1781 900 1845 etiam
925 1780 1053 1863 reliquas
1080 1781 1212 1845 eriusdem
1231 1782 1346 1847 fabulae

186 1887 287 1961 partes
306 1878 429 1962 carptim
450 1880 620 1945 huiusmodi
639 1883 850 1965 scriptionibus
869 1901 925 1946 nes
944 1891 1122 1947 tractattuos
1142 1904 1207 1947 esse
1220 1885 1348 1966 professi

190 2001 309 2058 sumus,
330 1984 439 2065 quippe
458 2001 520 2048 non
535 1984 694 2048 abhorrere
708 1986 841 2050 arbitrati
854 1986 891 2050 ab
906 1986 964 2049 boc
977 2003 1083 2067 genere
1098 1986 1265 2050 libellomm
1280 2007 1347 2051 aca-

189 2085 388 2163 demicorum,
410 2087 437 2149 si
457 2087 552 2169 qumis
569 2087 725 2151 iuscbciis
739 2107 757 2151 a
771 2088 1011 2170 praeceptoribus
1024 2087 1100 2151 tradi
1113 2089 1259 2165 solerent,
1278 2089 1348 2154 talia

190 2187 314 2251 subinde
330 2189 420 2252 etiam
434 2189 549 2271 publice
564 2191 766 2271 cognoscenda
780 2196 1026 2272 proponerentur.
1055 2189 1147 2270 Igitur
1160 2192 1193 2254 in
1205 2191 1264 2255 boc
1277 2210 1348 2272 prc-

189 2295 352 2373 grammate
362 2292 599 2357 canticumlcnis
609 2292 955 2376 ruodmurprerabimur,
967 2292 1045 2372 quod
1056 2298 1165 2357 estas.
1179 2293 1218 2356 83
1230 2293 1348 2357 ad183.

276 2395 412 2458 Procedit
425 2395 480 2458 Ion
495 2414 614 2459 summo
631 2415 717 2459 mane
731 2397 851 2460 neocori
862 2397 960 2460 officio
970 2395 1138 2472 fundurus,
1153 2397 1348 2478 quemadmo-

191 2495 263 2559 dum
277 2497 309 2559 in
322 2497 444 2579 prologo
460 2496 621 2561 Mercurius
635 2498 819 2580 praedixerat
832 2518 859 2561 r.
876 2497 932 2561 78:

287 2590 373 2681 Ὁριό
394 2594 457 2684 γὰρ
479 2592 672 2681 ἐκβαίνοντα
693 2593 827 2678 Λοξίου
850 2594 946 2682 γόνον

291 2692 393 2780 τόνδ’,
416 2690 461 2777 ὥς
481 2696 548 2786 arpo*
569 2698 649 2764 ναοῦ
670 2698 809 2785 λαμπροὶ
829 2699 880 2787 θῇ
901 2694 1084 2784 πυλώματα

292 2795 420 2890 δάφνης
439 2797 623 2867 κλάδοισιν.

191 2905 245 2969 scd
264 2907 342 2968 unde
357 2907 497 2986 procedat
510 2923 573 2969 non
586 2907 657 2970 satis
671 2906 778 2988 bquat3
798 2907 856 2971 boc
869 2912 970 2969 tamen
984 2908 1174 2971 menifestum
1188 2926 1254 2970 esse
1269 2906 1351 2970 vide

191 3016 257 3083 tur,
281 2999 474 3089 ἐκβαίνοντα
501 3008 558 3072 dici
577 3026 639 3072 ncn
658 3010 805 3090 potuisse,
826 3009 883 3072 nisi
901 3018 953 3073 aut
973 3029 1009 3072 ex
1028 3011 1093 3092 ipso
1111 3011 1223 3091 templo
1243 3015 1294 3073 aut
1314 3029 1350 3073 ex

191 3110 291 3193 aliquo
315 3110 409 3175 ricino
436 3111 604 3175 habitaculo
628 3111 734 3185 exiret,
759 3111 855 3192 qualia
874 3112 905 3174 in
923 3106 1120 3194 περιβόλοις
1136 3131 1161 3175 s.
1184 3113 1351 3195 consaeptis

190 3214 371 3294 templorum
391 3215 601 3279 sacerdotibus·
612 3234 646 3278 ac
660 3214 802 3277 ministris
816 3215 960 3278 destinata
974 3214 1066 3278 fuisse
1080 3221 1196 3278 constat
1206 3218 1243 3294 1).
1275 3215 1350 3278 Nam

191 3315 217 3378 si
231 3335 268 3378 ex
282 3316 410 3379 convalle
424 3318 605 3399 propinqua,
621 3317 671 3380 ubi
685 3316 759 3379 lauri
773 3335 872 3381 ramos
887 3318 924 3380 ad
940 3318 1112 3381 terrendam
1130 3318 1350 3398 ornandamque

190 3435 289 3481 aream
314 3419 504 3502 decerpserit,
529 3421 561 3484 in
586 3437 705 3483 scenam
732 3420 927 3500 prodeuntem
953 3419 1115 3483 Mercurius
1139 3420 1351 3502 conspexisset,

191 3520 316 3584 dubitari
335 3538 397 3585 non
414 3530 514 3603 potest
534 3522 606 3603 quin
626 3522 682 3585 aiio
703 3540 792 3603 quam
812 3515 976 3602 ἐκβαίνειν
997 3522 1086 3586 uerbo
1107 3540 1216 3585 usurus
1236 3522 1351 3587 fuisset.

189 3621 270 3685 Nihil
288 3630 389 3686 auteur
404 3625 516 3699 obstat,
537 3643 598 3707 quo
612 3624 712 3687 minus
724 3643 741 3686 e
755 3625 865 3706 templo
880 3624 1076 3705 prodeuntem
1092 3623 1271 3706 cogitemus,
1292 3623 1352 3686 sire

190 3726 221 3789 in
235 3747 271 3789 eo
285 3729 513 3810 pernoctaverit,
528 3728 598 3802 sire,
613 3727 694 3809 quod
709 3726 771 3789 reri
784 3726 909 3789 similius
924 3726 1049 3802 ridetur,
1064 3733 1133 3789 ante
1147 3744 1236 3809 quam
1252 3743 1351 3788 aream

189 3838 333 3904 verreret,
365 3830 420 3912 ipsi
449 3831 562 3913 templo
593 3828 736 3892 verrendo
771 3836 860 3910 atque
885 3830 1054 3893 exornando
1081 3848 1201 3913 operam
1227 3828 1351 3892 dederit.

189 3933 299 3997 flamus
310 3940 421 4008 autem,
432 3933 540 4015 quibus
550 3932 653 4005 utitur,
664 3932 764 3994 itidem
777 3938 812 3994 ut
822 3950 928 4014 aquam
939 3932 1104 3996 cCastaliac
1114 3934 1195 3996 fonte
1204 3932 1350 4007 baustum,

189 4053 247 4116 qua
267 4054 339 4097 mcx
360 4053 459 4098 aream
479 4034 660 4116 conspergit,
681 4033 752 4096 nihil
767 4053 842 4116 opus
857 4042 920 4097 erat
933 4034 1033 4115 ipsum
1047 4054 1084 4097 ex
1098 4035 1265 4117 propinqua
1278 4052 1351 4098 con-

188 4136 262 4198 railc
281 4144 398 4217 petere:
418 4143 502 4201 erant
521 4137 584 4200 sinc
604 4137 693 4200 dubio
716 4138 827 4220 aIIquot
846 4136 993 4201 inierimb
1009 4138 1121 4202 ordinis
1135 4138 1278 4212 ministri,
1299 4139 1351 4219 qui

188 4237 333 4301 eiusmodi
347 4238 446 4303 Iabere
459 4241 662 4325 brugerentur.

258 4460 283 4527 1)
300 4459 340 4513 CI.
353 4459 423 4515 dies.
437 4463 469 4516 δι
480 4477 509 4515 rc
521 4460 676 4515 sacerdotali
687 4459 779 4513 Gracc.
793 4472 817 4526 p.
829 4459 863 4511 44
875 4463 902 4510 ct
913 4465 995 4512 nostr.
1008 4458 1186 4526 AntIquittgr.
1197 4456 1226 4510 II.
1239 4473 1262 4525 p.
1274 4457 1333 4510 413.
