3284 5152
813 400 961 505 Al„

308 599 398 678 harpe
413 603 530 658 tantum
544 593 678 683 dicirrms,
694 610 804 656 nomen
819 594 882 656 eius
903 592 970 656 linet
984 593 1114 657 eiusdem
1130 593 1229 676 stirpis
1244 612 1310 656 esse
1331 595 1471 667 rideatur,

307 701 391 762 cuius
405 705 475 761 sunt
489 687 630 781 ἀρπάζω
645 702 676 759 et
691 688 829 780 diprrvso,
843 696 1010 780 comparari
1024 704 1124 759 tamen
1136 715 1223 777 posse
1235 696 1325 759 etiam
1339 715 1407 760 cum
1422 716 1468 759 se·

309 802 408 865 mitica
429 819 498 863 voce
519 799 652 863 chereh
674 818 699 860 r.
722 798 851 873 harah,
874 817 931 881 qua
951 816 1055 861 ensem
1070 798 1148 879 apud
1162 797 1312 861 llehraeos
1327 799 1467 880 designari

307 903 493 967 hhlwardtus
514 910 616 964 noster
634 920 683 962 me
704 901 867 963 admonuit.
903 900 1074 963 Macedones
1096 895 1225 984 ydpmpr
1243 900 1349 963 dixisse
1372 901 1467 982 perhi-

308 1006 415 1068 hentur
425 1004 464 1084 ⁹).
480 1039 521 1049 -
536 1004 674 1066 &terum
689 1002 719 1065 in
735 1002 848 1085 vulgata
863 1005 971 1066 horum
988 1003 1197 1067 vmsiculorum
1212 1003 1338 1067 lectione
1349 1004 1468 1067 offendit

306 1108 465 1172 nonnullos
480 1124 647 1188 pronomen
660 1100 771 1175 τάνδε,
794 1107 903 1188 quippe
917 1124 1010 1187 quum
1025 1106 1180 1169 lleratdem
1196 1106 1295 1187 potins
1310 1124 1399 1187 quam
1414 1108 1467 1188 hp·

308 1212 390 1273 dram
406 1211 671 1274 demonstrandum
685 1210 777 1274 luisse
792 1211 968 1274 iudicarent:
982 1227 1051 1272 nam
1066 1209 1238 1273 Bamesium
1253 1204 1384 1294 γραφήν
1397 1209 1466 1272 suh-

307 1315 400 1379 audiri
415 1332 501 1395 posse
515 1322 612 1376 ratum
629 1310 830 1397 quisvaudietl
844 1313 936 1375 Nobis
950 1320 1051 1375 tamen
1065 1329 1126 1374 non
1140 1311 1228 1374 nimis
1243 1311 1409 1375 incredibile
1425 1312 1467 1375 ri·

305 1417 402 1490 detur,
418 1416 527 1498 hydrae
541 1417 679 1497 speciem,
694 1423 797 1497 utpote
812 1416 939 1478 maxime
953 1415 1102 1478 insolitam
1120 1422 1150 1476 st
1163 1413 1341 1487 terribilem,
1362 1416 1467 1478 mulie·

306 1538 374 1582 rum
389 1519 491 1582 oculos
506 1519 634 1599 primum
650 1518 817 1581 advertisse.
848 1518 972 1580 Bothius
986 1513 1070 1601 τᾷδε
1083 1517 1270 1579 scribendum
1293 1517 1402 1590 suasit3
1422 1523 1468 1578 at·

307 1621 358 1704 qui
374 1621 486 1684 nullum
501 1620 589 1682 huius
604 1619 730 1693 formae,
746 1619 844 1682 localis
864 1618 990 1681 adverbii
1012 1635 1102 1682 sensu
1121 1637 1176 1701 pro
1199 1615 1280 1705 τῇδε
1300 1626 1467 1700 usmpatae·

306 1725 383 1805 apud
400 1723 525 1804 tragicos
540 1722 707 1802 exemplum
723 1727 822 1785 estare
837 1721 971 1796 arbitror,
988 1730 1017 1785 et
1037 1740 1075 1784 ne
1095 1722 1173 1804 apud
1189 1722 1380 1786 Theocritum
1401 1722 1469 1802 qui-

306 1827 375 1889 dem
391 1823 473 1910 τᾷδε
488 1825 540 1887 sed
555 1819 641 1886 calda
656 1841 758 1885 varum
783 1823 904 1886 ridetur.
935 1824 978 1886 ot.
1000 1824 1124 1889 dhrens.
1141 1826 1177 1887 de
1189 1825 1254 1888 dial.
1267 1824 1333 1888 dor.
1349 1843 1378 1906 p.
1395 1822 1468 1886 362.

308 1928 349 1991 lle
364 1927 582 1992 mnstructione
597 1925 754 1989 verborum
770 1927 897 1991 dubitari
913 1934 1019 2008 potest,
1035 1944 1128 2009 quum
1144 1929 1203 1991 duo
1218 1927 1278 1990 sint
1297 1927 1469 2009 imperativi,

307 2031 343 2093 ah
360 2041 427 2093 utro
443 2047 548 2092 eorum
564 2030 746 2094 accusativus
767 2022 865 2092 τάνδε
886 2029 1020 2111 pendeat.
1058 2030 1120 2109 Ego
1140 2029 1210 2109 quid
1229 2029 1356 2092 sentiam
1375 2029 1467 2092 inter·

306 2133 465 2214 punctione
480 2132 619 2195 indicari:
635 2132 688 2212 qui
702 2131 785 2194 ahter
798 2132 938 2205 sentiunt,
955 2148 1016 2194 non
1031 2139 1110 2195 certe
1123 2123 1217 2203 troo,
1237 2130 1290 2194 sed
1306 2123 1379 2194 idei
1393 2132 1468 2195 acri-

307 2236 377 2298 here
402 2234 563 2309 dehebant,
584 2235 610 2297 si
630 2236 749 2317 quddam
771 2234 970 2299 technicorum
995 2242 1150 2317 praecepto
1170 2234 1243 2296 ildes
1261 2234 1393 2297 hahendo
1413 2245 1469 2298 est

307 2336 370 2399 vid.
383 2336 484 2400 dread.
500 2355 530 2416 p.
548 2334 618 2408 183,
635 2335 685 2397 25.

393 2438 631 2520 conumplantes
652 2439 811 2518 imaginem
833 2437 971 2501 mulieres
992 2439 1081 2502 etiam
1102 2440 1216 2515 lolaum
1236 2439 1476 2502 animadvertunt

307 2542 440 2605 llercolis
455 2542 486 2604 in
500 2541 549 2604 illo
564 2558 631 2603 cum
648 2540 739 2621 hydra
753 2539 914 2602 certamine
927 2541 1051 2603 socium.
1080 2541 1154 2603 llinc
1168 2559 1244 2604 una:

603 2633 704 2724 Ὁρῶ·
728 2636 785 2704 καὶ
807 2635 911 2716 πέλας
933 2632 1032 2717 ἄλλος
1054 2632 1112 2704 αὖ·

651 2739 710 2807 τοῦ
731 2738 838 2806 πανὸν
859 2741 1081 2829 πυρίφλεκτον
1102 2736 1156 2806 αἶ’-

650 2864 700 2928 pst
722 2862 787 2921 τις·
810 2832 859 2928 ἆρ’
883 2832 920 2920 ὃς
941 2839 1055 2927 ἐμαῖσι
1075 2868 1137 2928 μυ-

652 2941 790 3011 θεύεται
813 2944 905 3028 παρὰ
927 2941 1059 3032 πήναις,

610 3041 779 3127 &antoecis
796 3041 931 3125 Ἰόλαος,
947 3038 984 3125 ὃς

652 3150 784 3229 κοινούς
804 3146 979 3238 αἰρόμενος
1000 3147 1125 3228 πόνους

651 3250 726 3341 Δίῳ
748 3252 850 3318 παιδὶ
873 3251 1055 3329 amanter,-

307 3363 412 3425 Facem
425 3362 521 3424 lolaus
531 3366 625 3441 gestat
640 3364 774 3422 huncata
784 3358 892 3439 hydrae
907 3357 979 3420 eolla
995 3366 1169 3421 exusturus:
1185 3377 1253 3420 nam
1270 3377 1362 3439 quum
1377 3359 1472 3423 multa

307 3472 407 3527 essent
421 3463 549 3526 monstri
563 3462 667 3544 capita,
682 3496 723 3506 -—
739 3467 932 3523 numerantur
952 3461 1031 3521 enim
1053 3468 1104 3522 aut
1126 3478 1232 3523 novem
1253 3469 1304 3524 aut
1326 3461 1470 3543 quinqua·

307 3567 386 3648 ginta
401 3574 453 3628 aut
467 3573 595 3639 eentum,
612 3599 653 3610 -
668 3582 819 3647 quumque
833 3581 888 3645 pro
902 3562 1025 3642 siugulis
1040 3564 1075 3625 ah
1088 3563 1211 3625 Hercule
1225 3563 1329 3627 excisis
1340 3563 1408 3626 hina
1422 3580 1473 3626 re·

307 3677 508 3739 nascerentur,
523 3668 589 3730 sisti
603 3668 660 3730 hoc
675 3667 784 3729 malum
799 3666 847 3729 illa
862 3683 921 3728 una
936 3666 1049 3726 ratione
1064 3672 1188 3747 poterat.
1212 3665 1251 3726 lle
1261 3665 1473 3746 significatione

307 3770 479 3833 notissimas
494 3769 608 3833 fabulae
623 3768 680 3831 dici
694 3769 752 3831 hoc
767 3767 831 3829 loeo
846 3767 920 3830 nihil
941 3785 1016 3849 opus
1038 3776 1097 3844 est3
1120 3768 1198 3849 quod
1221 3775 1320 3830 autem
1340 3767 1472 3849 lluagra·

307 3872 380 3944 rius.
396 3871 432 3933 ad
449 3890 474 3932 v.
491 3870 554 3934 218
570 3870 672 3950 (221),
687 3870 840 3932 ardentem
860 3871 956 3932 facem
977 3870 1078 3932 itidem
1099 3876 1133 3931 nt
1153 3888 1272 3932 auream
1296 3870 1424 3951 harpen,
1444 3878 1474 3933 et

308 3994 377 4038 mox
395 3994 420 4035 v.
437 3973 498 4036 205
516 3971 685 4037 Chimaerae
700 3971 801 4053 mneos
812 3972 921 4035 halitus
934 3973 1069 4055 lorisque
1078 3973 1190 4035 tulmen
1202 3990 1359 4036 coruscum
1372 3992 1397 4033 v.
1411 3972 1474 4034 stt

308 4079 339 4142 in
353 4078 476 4158 sculptis
491 4073 666 4157 imaginihus
681 4075 805 4157 exprimi
818 4077 951 4158 potuisse
965 4086 1062 4157 negm
1078 4076 1202 4157 ideoque
1215 4075 1252 4137 de
1271 4075 1392 4158 picturis
1409 4082 1474 4137 tan-

308 4190 373 4244 tum
389 4179 509 4261 eogitari
523 4178 629 4241 voluit:
644 4176 776 4258 higiehat
790 4177 901 4241 scilieet
918 4179 1013 4242 virum
1035 4178 1238 4241 doctissimum
1259 4178 1337 4260 apud
1359 4186 1474 4240 vetares

376 4287 451 4378 orci.
465 4314 794 4384 caementorum.
808 4316 850 4368 ss.
874 4314 1036 4369 cosmo.
1050 4312 1122 4367 uun
1135 4312 1227 4368 aaz.
1240 4313 1283 4379 tv,
1296 4313 1338 4367 as.
1351 4323 1377 4367 a
1399 4316 1473 4380 rap.

309 4407 427 4469 Comen,
439 4403 519 4456 llcitr.
532 4418 555 4469 p.
571 4401 612 4455 32.
