3164 5138
873 418 913 481 74

316 598 399 662 oileus
418 601 496 681 opud
515 602 696 683 Stephanum
713 603 778 684 sz.
793 624 819 666 ν.
835 595 980 691 Ἔφεσος
1000 624 1029 687 p.
1045 605 1107 669 281
1122 612 1153 668 et
1165 605 1196 668 in
1211 603 1384 684 lnthelogiu
1398 612 1472 666 torn.

315 702 385 784 llp.
401 703 455 767 59:

456 798 584 893 'He'ptae
605 803 752 894 νεφέλαι,
776 803 887 873 πάθεν
907 803 1015 874 ὕδατα
1035 806 1141 897 πικρά
1162 803 1306 874 moduni

579 907 686 975 Νυκτὶ
707 907 766 976 σὺν
785 903 949 998 άστεμφεῖ
968 908 1080 977 πάντα
1100 907 1333 990 κατεκλάσατες

315 1018 433 1074 noctem
445 1012 600 1093 signifioeri
615 1015 742 1078 arbitror
756 1015 909 1091 crudelem,
923 1016 1045 1097 rigidam
1056 1020 1096 1095 ⁴).
1123 1016 1261 1079 Similiter
1270 1015 1359 1095 igitnr
1368 1025 1472 1078 nostro

316 1113 382 1176 loeo
398 1116 503 1187 Amor,
524 1135 591 1177 oum
607 1117 699 1179 Boreo
718 1126 919 1198 comparatus,
941 1110 1109 1204 άστεμβὴς
1134 1128 1253 1181 vocatur
1265 1125 1388 1198 propter
1401 1118 1474 1199 rigi·

315 1215 383 1279 dem
399 1217 559 1297 dnrmnque
573 1218 754 1294 violentiam,
769 1238 843 1299 queo
856 1220 934 1283 nullu
948 1239 980 1282 re
994 1222 1118 1283 lloetitur
1131 1230 1182 1284 eut
1195 1220 1366 1295 retardetur,
1379 1215 1474 1305 ἐρεμ-

315 1314 372 1394 νὸς
387 1327 492 1393 ontem,
506 1328 540 1382 nt
554 1316 682 1404 λαῖλαψ
696 1316 811 1406 ἐρεμνὴ
826 1323 903 1404 apud
918 1322 1090 1395 Homerum,
1105 1326 1173 1404 quie
1187 1322 1280 1385 nubes
1295 1330 1324 1385 et
1338 1321 1475 1385 tenebras

315 1420 444 1495 obducit,
459 1423 707 1503 quemadmodum
719 1418 880 1509 γνοφώδη
897 1416 1035 1508 αἰθέρος
1048 1419 1230 1511 φυσήματα
1243 1433 1314 1487 eunt
1323 1424 1400 1504 opud
1411 1425 1476 1487 Eu·

315 1524 439 1604 ripidem
455 1524 562 1587 Troed.
578 1545 605 1585 v.
622 1525 672 1587 79.
700 1526 838 1587 Formam
860 1518 1027 1612 άστεμβής
1047 1537 1144 1591 autem
1163 1535 1279 1608 praeter
1296 1527 1475 1606 lleeprluinm

316 1627 402 1689 etiem
418 1626 651 1708 Etymologieum
676 1627 841 1691 Gudunum
863 1631 997 1709 egnosoit
1021 1640 1063 1703 et,
1082 1630 1107 1693 ei
1127 1639 1205 1694 reete
1220 1630 1304 1692 looue
1323 1648 1358 1691 ue
1377 1628 1475 1699 hebet.

316 1727 466 1790 Philoxeni
482 1736 585 1808 poetae
600 1729 770 1792 auctoritate
786 1732 970 1811 comprobet,
986 1752 1014 1813 p.
1032 1733 1086 1807 85,
1101 1734 1156 1796 44:
1172 1723 1320 1817 άστεφής
1342 1721 1478 1810 [άστεμ-

317 1825 391 1917 φής]
409 1826 467 1893 καὶ
482 1823 686 1913 ἀστεμφέως,
710 1821 956 1916 άμετακινήτως
968 1831 1026 1897 καὶ
1042 1827 1190 1917 ἰσχυρῶς,
1213 1829 1306 1918 παρά
1320 1827 1359 1894 τά
1374 1849 1478 1911 στεμ-

315 1954 366 2014 μω
396 1925 565 2016 [στέμβω],
589 1920 609 1995 d
636 1927 792 2018 σημαίνει
817 1930 856 1997 τὸ
881 1936 983 2000 κινεῖν
1003 1934 1151 2017 συνεχῶς.
1199 1929 1284 1999 οὕτω
1311 1929 1477 2019 μέμνηται

318 2030 491 2121 [κέχρηται]
515 2027 696 2115 Αἰσχύλος.
728 2028 894 2119 derepere
916 2027 973 2101 ode
987 2033 1006 2102 d
1020 2032 1257 2125 άμετακίνητος
1270 2033 1329 2099 καὶ
1351 2027 1476 2115 άστεμ-

315 2133 397 2225 illic·
421 2130 505 2201 οὕτω
530 2131 714 2215 Φιλόξενος.
737 2174 779 2184 -
800 2139 835 2201 ln
849 2140 957 2220 reliqua
977 2142 1130 2221 fragmenti
1145 2150 1227 2222 perte
1245 2158 1341 2221 neque
1354 2137 1478 2200 verbum

315 2236 478 2327 φυλάσσει
509 2259 604 2323 neque
632 2242 801 2305 adverbium
833 2237 1004 2305 notddlm
1034 2244 1205 2323 incorrupte
1235 2260 1301 2304 esee
1331 2240 1476 2303 videntur.

316 2337 502 2408 Φυλάσσειν
524 2343 602 2404 enim
624 2344 660 2406 de
679 2346 787 2406 Amore
811 2354 948 2427 tunquam
968 2346 1093 2426 prorelle
1111 2344 1240 2407 hominio
1260 2344 1391 2407 animum
1410 2350 1476 2404 tur-

285 2465 290 2473 ·
314 2447 403 2511 bento
418 2454 446 2508 et
460 2445 634 2526 percellente
651 2446 738 2527 longe
757 2447 973 2528 ineptissimum
990 2466 1056 2509 esee
1071 2446 1190 2528 quilibet
1205 2446 1349 2526 intelligit,
1370 2463 1477 2526 umm-

315 2550 416 2613 obrem
431 2548 477 2612 elil
490 2542 640 2611 τινάσσει
663 2548 864 2624 ooniecerunt,
885 2550 931 2613 elii
946 2543 1119 2626 uiddooer,
1142 2549 1312 2612 Welolrerns
1327 2554 1425 2611 eutem
1440 2547 1475 2609 in

314 2652 417 2715 Museo
433 2650 576 2713 Rhenono
596 2667 665 2713 nnn.
691 2650 770 2714 1833
790 2671 819 2733 p.
836 2653 896 2714 251
919 2646 1095 2736 φυράσσει,
1117 2672 1189 2716 suae
1203 2651 1330 2715 lubricae
1343 2648 1476 2711 verbnm

315 2754 407 2818 Nobis
432 2754 516 2817 unite
541 2771 641 2816 verum
657 2753 784 2827 videtur,
811 2755 889 2834 quod
916 2755 1001 2816 etium
1023 2754 1194 2817 doctissimo
1209 2753 1328 2816 lltillero
1355 2750 1476 2831 pluerit,

315 2852 486 2921 σαλάσσει.
522 2850 703 2919 Παιδόάεν
724 2864 821 2919 numm
836 2857 964 2919 Nautius
978 2857 1009 2919 in
1024 2857 1150 2920 Choerili
1165 2858 1269 2936 fragm.
1284 2874 1313 2935 p.
1332 2854 1391 2917 107
1406 2871 1476 2917 mm

316 2953 467 3022 πεδόθεν
486 2958 727 3021 commutandum
742 2960 848 3030 sunsit,
869 2958 1055 3038 aptissimum
1070 2978 1140 3021 sone
1154 2958 1301 3032 hocloco,
1316 2957 1368 3019 eod
1382 2974 1477 3036 repn-

317 3063 426 3125 diotum
447 3069 546 3123 temen
565 3056 601 3119 ob
615 3057 786 3119 Hermanno
806 3068 976 3138 propterea,
1002 3060 1081 3140 quod
1102 3078 1193 3139 quum
1217 3059 1255 3121 eb
1274 3043 1423 3121 Athen'aeo
1442 3059 1477 3121 hi

315 3182 418 3226 vorsus
434 3181 489 3244 pro
502 3162 681 3223 documento
692 3161 858 3234 ederentur,
874 3180 1035 3241 puerorum
1049 3161 1200 3224 umoribus
1214 3161 1332 3243 Ibycum
1344 3161 1477 3225 deditum

316 3266 418 3341 luisse,
441 3282 503 3326 non
525 3263 622 3345 possit
643 3256 815 3326 παιδόθεν
835 3262 939 3337 deleri,
961 3263 1040 3343 quod
1062 3263 1089 3325 ei
1110 3262 1195 3335 elisit,
1217 3262 1289 3325 nihil
1310 3262 1398 3325 sitin
1416 3263 1479 3326 hoe

316 3370 396 3441 looo,
414 3387 448 3430 ex
463 3385 522 3447 qno
537 3374 654 3445 poetam
670 3364 706 3426 de
720 3383 882 3444 puerorum
897 3384 999 3428 amore
1014 3364 1094 3446 loqui
1108 3382 1314 3446 agnoscemus.
1347 3365 1406 3428 Sed
1420 3383 1477 3428 ne-

317 3489 373 3552 que
388 3468 458 3531 illud
472 3485 571 3529 mmm
589 3473 648 3539 est,
663 3468 742 3546 quod
757 3467 793 3530 de
807 3470 955 3531 Athenaeo
970 3468 1157 3531 Hermennue
1171 3467 1255 3544 dieii,
1274 3485 1371 3549 neque
1387 3467 1479 3531 intol-

315 3574 374 3655 ligo
389 3569 590 3652 oneratione,
609 3569 722 3632 etiamsi
743 3564 1074 3642 adcommodatur,
1093 3569 1200 3650 aliquid
1215 3589 1249 3632 er
1265 3572 1324 3632 lroe
1337 3569 1478 3635 adverbio

318 3677 355 3738 de
368 3691 530 3756 pueromm
546 3689 648 3734 moero
662 3673 803 3753 cognosci
817 3673 923 3754 possit
937 3672 995 3734 nisi
1014 3672 1090 3736 lorte
1104 3672 1289 3735 Hermonnne
1304 3666 1480 3736 παιδόθτν

317 3780 377 3841 hoo
387 3794 478 3840 senen
487 3775 579 3856 recipi
590 3774 658 3850 vult,
674 3782 707 3837 nt
717 3777 856 3837 Amorem
869 3794 903 3837 ex
915 3793 1017 3855 puero,
1028 3775 1075 3838 eui
1087 3776 1198 3838 scilieet
1208 3775 1348 3838 insideret
1359 3778 1480 3856 (qnem-

318 3880 479 3945 edmodum
499 3877 576 3957 epnd
598 3878 777 3958 Sophoclem
796 3871 831 3940 ἐν
856 3874 1021 3957 μαλακαῖς
1041 3878 1197 3960 παρειαῖς
1215 3873 1367 3954 νεάνιδος
1387 3871 1479 3943 two-

318 4052 598 4068 μή

388 4141 412 4205 d)
431 4140 485 4192 line
495 4139 607 4208 pertinet
618 4137 693 4189 etiem
705 4130 902 4206 άστίμβαιιτος,
915 4136 1025 4188 eiusdem
1043 4137 1129 4205 stirpis
1141 4136 1301 4203 vocabulum,
1318 4140 1383 4206 epnd
1394 4138 1480 4207 Lyco.

320 4229 438 4296 phrouem
456 4226 593 4277 Alexandr.
611 4239 635 4273 v.
657 4221 733 4287 lll'l,
751 4221 792 4271 ulti
810 4221 1054 4287 Clytaemnestram
1072 4222 1236 4274 Cneeundrem
1254 4224 1370 4274 saeviens
1387 4225 1482 4276 dieitur

320 4309 463 4377 δάσζηλος,
482 4306 658 4378 άστέμρακτα
676 4308 884 4378 τιμαρουμένη,
902 4309 966 4374 qnod
979 4324 1109 4377 perperam
1121 4324 1136 4359 u
1148 4308 1278 4360 veteribus
1291 4309 1481 4377 interpretibus,

321 4406 392 4454 reete
406 4412 485 4469 nuper
495 4412 511 4447 u
522 4395 677 4450 moenum
689 4392 841 4463 explicatum
853 4399 900 4445 eet
