3276 5144
668 479 821 577 „Q

165 684 239 739 rem,
256 685 331 747 quae
345 667 546 750 superioribus
562 667 657 731 verbis
672 668 832 749 significata
847 673 901 742 est,
917 667 1063 748 pertinere
1079 667 1221 730 dicemus.
1251 666 1326 729 Nam

164 770 408 850 superstitionum
423 770 574 853 persuasio
588 770 620 833 in
635 789 721 835 causa
736 770 800 845 luit,
811 775 845 832 ut
856 770 1005 832 Gallorum
1020 789 1102 833 sacra
1117 771 1193 851 apud
1207 770 1326 831 Britan·

164 888 220 933 nos
235 880 345 948 essent,
360 891 421 935 non
435 880 470 935 ut
485 873 784 954 deprehenderentur.
855 864 858 869 ’

249 974 467 1056 depluunt.
510 976 554 1039 Et
568 978 724 1040 Cerialis
745 976 896 1057 quidem
911 976 1070 1039 alterius
1085 975 1325 1038 successoris

163 1094 289 1139 curam
324 1078 527 1164 famamque
564 1081 755 1144 obruisset
789 1078 861 1111 ***
895 1077 1156 1159 sustinuitque
1190 1079 1325 1141 molem

162 1180 283 1243 Julius
306 1181 524 1260 Frontinus,
551 1186 603 1249 vir
628 1201 780 1263 magnus
807 1187 983 1262 quantum
1005 1181 1140 1244 licebat
1159 1189 1227 1244 etc.
1257 1181 1324 1244 Non

161 1283 354 1364 improbabile
365 1293 419 1361 est,
433 1288 639 1368 quodWexius
650 1286 778 1348 Kritzius
790 1285 896 1364 aliique
906 1285 1104 1367 suspicantur,
1115 1284 1227 1366 aliquot
1238 1284 1325 1348 verba

162 1393 230 1467 post
250 1386 439 1452 obruisset
466 1391 616 1465 excidisse,
638 1392 727 1463 velut,
752 1388 825 1450 nisi
844 1389 1039 1451 immaturo
1059 1388 1134 1450 fato
1156 1387 1323 1461 obiisset,

161 1488 215 1561 vel,
236 1496 271 1551 ut
286 1489 387 1554 Werio
401 1493 524 1573 placuit:
551 1493 612 1555 sed
638 1492 764 1555 subito
790 1491 828 1553 in
854 1491 970 1553 medio
997 1510 1109 1554 cursu
1134 1491 1324 1553 extinctus

160 1600 229 1654 est:
256 1611 427 1674 expromam
452 1603 554 1658 umen
575 1596 662 1658 etiam
683 1613 779 1658 msam
801 1594 946 1674 quandam
970 1602 1100 1657 veterem
1122 1594 1321 1657 coniecturam

160 1711 221 1755 non
240 1696 338 1759 minus
358 1697 482 1760 fortasse
495 1700 688 1781 probabilem.
719 1698 882 1760 Peccaruut
896 1715 1109 1778 saepenumero
1123 1696 1233 1759 librarii
1248 1713 1323 1759 con-

158 1796 313 1878 iungendis
334 1800 497 1875 vocabulis,
524 1821 598 1882 quae
617 1801 808 1881 disiungenda
830 1806 929 1862 erant:
957 1800 1001 1862 sic
1021 1800 1084 1862 fieri
1098 1799 1210 1880 potuit,
1236 1807 1271 1862 ut
1285 1818 1321 1861 ex

160 1898 345 1963 obruitset
360 1905 427 1984 (pro
442 1903 565 1967 obruit
579 1905 640 1967 sed
654 1904 780 1985 scripto:
796 1920 864 1964 nam
880 1906 938 1963 set
952 1920 1006 1984 pro
1022 1902 1083 1964 sed
1099 1902 1170 1965 satis
1180 1902 1321 1983 frequens

158 2008 216 2062 est
232 2004 295 2082 8)),
315 2004 364 2067 illa
384 2006 563 2069 conjunctivi
582 2009 678 2070 forma
693 2007 832 2068 existeret
846 2003 1043 2066 obruisset.
1079 2004 1241 2067 Peccarunt
1261 2022 1322 2066 non

157 2104 257 2166 minus
276 2125 363 2187 saepe
383 2107 486 2170 litteris
509 2115 561 2171 aut
584 2109 687 2171 iisdem
707 2117 759 2172 aut
778 2108 922 2169 similibus
943 2107 1128 2169 omittendis:
1152 2108 1195 2169 sic
1209 2108 1320 2169 factum

159 2214 220 2282 est,
236 2215 269 2270 ut
284 2227 319 2270 ex
334 2211 650 2292 sustinuitutique
664 2212 723 2274 hoc
737 2211 815 2292 quod
832 2228 911 2273 nunc
925 2210 1048 2291 legimus
1064 2210 1321 2291 sustinuitque

157 2320 335 2374 nasceretur.
377 2313 480 2395 ltaque
505 2314 530 2376 si
556 2333 653 2376 veram
680 2314 835 2377 lectionem
861 2313 938 2375 banc
962 2312 1055 2375 fuisse
1081 2312 1245 2375 sumimus:
1276 2313 1322 2374 Et

157 2412 317 2478 Cerialis
343 2417 490 2496 quidem
516 2417 673 2480 alterius
699 2416 941 2480 successoris
968 2433 1089 2479 curam
1115 2416 1320 2497 famamque

157 2516 298 2594 obruit3
321 2520 383 2581 sed
408 2520 590 2583 sustinuit
614 2521 747 2602 utique
767 2519 900 2583 molem
921 2517 1321 2581 JuliusFronainus-

156 2621 300 2684 medicina
320 2640 381 2685 non
402 2623 491 2685 nimis
512 2630 591 2686 certe
612 2623 736 2687 violenta
755 2629 785 2685 et
804 2630 982 2685 structuram
1003 2621 1160 2685 verborum
1175 2621 1319 2685 habemus

156 2724 309 2805 integram,
325 2731 356 2789 et
370 2726 555 2798 sententiam,
571 2734 606 2788 ut
619 2727 754 2801 arbitror,
780 2727 850 2788 satis
864 2725 1057 2808 probabilem.
1101 2724 1318 2808 Namproximi

156 2824 215 2888 duo
230 2827 349 2889 Cerialis
362 2829 393 2890 in
406 2829 556 2891 Britannia
572 2848 759 2892 successores
775 2830 895 2891 fuerunt
910 2828 1068 2891 Frontinus
1082 2837 1113 2889 et
1127 2827 1259 2907 Agricola
1269 2824 1282 2867 ⁹
1292 2828 1318 2906 l:

156 2928 264 2990 borum
279 2932 424 2993 utrumvis
439 2932 603 2996 alterum
621 2933 677 2994 dici
688 2932 821 3013 potuisse
832 2932 1021 2997 manifestum
1033 2938 1089 3001 est,
1104 2930 1249 3010 siquidem
1262 2931 1319 2994 boc

155 3048 336 3110 pronomen,
355 3040 389 3094 ut
403 3051 539 3113 graecum
555 3027 573 3096 ὁ
590 3029 713 3119 ἕτερος,
735 3034 808 3098 nihil
822 3035 901 3097 aliud
915 3034 972 3096 nisi
985 3051 1093 3095 unum
1115 3032 1157 3093 de
1178 3032 1316 3095 duobus

154 3131 374 3213 intelligendum
398 3154 463 3199 esse
482 3138 637 3219 siguificat,
658 3147 688 3200 et
707 3139 757 3200 ubi
778 3139 836 3200 duo
859 3155 1046 3201 successores
1065 3142 1145 3209 sunt,
1164 3137 1238 3198 alter
1256 3144 1317 3197 tam

153 3235 179 3297 is
193 3236 249 3298 dici
264 3245 370 3318 potest,
392 3240 443 3321 qui
457 3240 547 3324 prior,
568 3252 656 3321 quam
672 3241 723 3321 qui
737 3241 885 3325 posterior
899 3247 952 3302 est.
982 3240 1047 3302 Hoc
1060 3246 1159 3301 autem
1174 3239 1240 3301 loco
1255 3255 1317 3300 non

153 3341 348 3419 posteriorem
362 3342 528 3423 Agricolam
548 3344 767 3424 intelligendum
789 3363 853 3406 esse
873 3363 921 3406 res
935 3343 997 3425 ipsa
1012 3343 1111 3404 docet:
1134 3359 1255 3404 necesse
1270 3347 1317 3403 est

153 3442 242 3520 igitur
255 3443 431 3507 Frontinum
452 3446 585 3527 intelligi,
608 3447 697 3528 idque
718 3463 778 3528 quo
799 3448 897 3509 miuus
918 3446 1078 3508 obscurum
1099 3453 1178 3508 esset
1197 3443 1316 3506 Tacitus

152 3543 216 3623 ipse
230 3546 357 3625 providit
371 3548 472 3610 statim
488 3549 608 3611 nomine
623 3548 686 3610 eius
701 3548 808 3630 posito.
830 3548 923 3610 Huius
935 3548 1023 3629 igitur
1033 3566 1133 3610 curam
1145 3548 1316 3626 famamque

153 3645 271 3709 Cerialis
286 3648 399 3725 obruit,
424 3650 454 3710 b.
471 3669 496 3711 e.
512 3649 600 3713 rebus
620 3651 682 3712 suis
703 3650 792 3731 gestis
812 3658 966 3733 tantopere
988 3650 1138 3722 excelluit,
1164 3655 1198 3709 ut
1213 3665 1314 3709 earum

151 3748 353 3829 magnitudine
373 3757 404 3811 et
421 3751 513 3831 gloria
531 3752 667 3815 Frontini
692 3771 762 3815 cura
781 3752 920 3834 famaque
941 3752 1148 3816 obscuraretur
1172 3755 1202 3813 et
1221 3767 1315 3830 paene

220 3950 246 4015 8)
265 3950 302 4004 Cf.
315 3951 347 4004 ln
359 3951 413 4005 Mai
424 3955 455 4005 ud
469 3951 521 4007 cie.
534 3956 564 4006 de
577 3956 686 4021 republ.
701 3956 724 4020 l,
737 3957 753 4007 3
765 3973 790 4023 p.
805 3957 835 4010 15
849 3959 888 4011 ed.
901 3955 997 4011 Moser.
1022 3957 1104 4009 llaier.
1117 3956 1150 4007 ud
1161 3956 1212 4009 Cic.
1225 3954 1314 4024 fragm

152 4053 190 4089 or.
203 4052 228 4103 p.
242 4037 283 4088 to.

218 4122 244 4185 9)
263 4122 395 4176 liiibuerus
412 4125 510 4192 quidem
526 4125 552 4176 in
564 4124 654 4178 Museo
673 4126 750 4178 libau.
769 4142 828 4180 nov.
845 4127 902 4194 xd,
916 4129 939 4194 l,
952 4144 975 4194 p.
989 4129 1023 4181 53
1036 4127 1091 4193 (nia
1104 4127 1252 4179 lldmischen
1265 4126 1314 4179 Lc-

150 4214 226 4272 3rten
243 4210 268 4257 in
280 4208 452 4274 Britannica),
470 4211 611 4277 proximum
624 4211 732 4264 daridis
750 4228 923 4266 successorem
940 4230 987 4264 non
1000 4212 1164 4278 Frontinum,
1181 4215 1225 4265 sed
1237 4211 1314 4265 aliurn

151 4292 291 4358 quempiam
303 4295 415 4360 ignotum
427 4295 507 4350 foisse
518 4298 677 4363 suspicatur,
694 4296 777 4361 nullu,
793 4306 823 4349 ut
835 4299 947 4365 equidem
959 4298 1087 4363 arbitror,
1102 4298 1192 4350 idonea
1205 4298 1313 4351 ratione.

152 4376 305 4444 Quamquam
326 4382 391 4433 idern
411 4384 459 4434 iam
481 4384 541 4436 clim
553 4384 703 4436 Dederielaio
726 4382 852 4449 placuisse
873 4384 949 4435 video
967 4383 993 4434 iu
1009 4383 1097 4434 lliuro.
1115 4385 1240 4451 antiquar.
1256 4399 1314 4437 unu.

151 4462 219 4515 1839
232 4479 256 4529 p.
269 4464 328 4531 837,
340 4482 386 4518 nec
398 4465 532 4522 Nissenius
544 4486 572 4522 su
584 4470 616 4525 ab
628 4469 676 4521 huc
688 4470 833 4535 suspicions
846 4471 985 4522 abhorrere
996 4470 1130 4534 profitetur
1142 4485 1166 4535 p.
1180 4469 1237 4520 154.

1047 4550 1108 4614 14*
