3190 5136
598 529 606 535 ·
665 439 720 499 151

707 532 799 540 -----

108 618 322 710 μελανόφρων
344 635 375 687 et
393 617 620 711 κελαινόφρων
642 627 744 705 (Eum.
760 649 788 692 r.
808 630 903 706 lbi),
921 628 1170 709 quemadmodum
1191 630 1276 692 etiam

109 720 293 811 φοιοχίτων
306 747 364 808 pro
379 721 585 810 μελαγχίτων
605 731 763 812 Aeschylus
777 733 849 795 dixit
862 732 993 812 Ghoeph
1009 751 1035 792 v.
1054 731 1144 794 1046.
1211 730 1213 738 ‘

190 832 273 894 llaec
291 842 364 893 sunt
381 851 457 912 quae
477 833 507 893 in
525 832 703 897 Cassandrae
722 836 856 917 episodio
875 852 936 897 non
956 832 1186 915 improbabiliter
1205 835 1275 897 mihi

110 936 283 996 emendasse
301 935 416 997 videor:
435 952 517 999 nunc
540 936 577 997 de
598 938 732 1016 proxima
757 946 841 1020 parte
859 937 971 1000 tabulae
994 936 1166 1013 videbimus,
1192 939 1275 1000 cuius

114 1038 178 1100 item
194 1038 310 1118 aliquot
323 1038 444 1100 munera
458 1039 586 1101 curanda
601 1049 700 1112 erum,
716 1040 770 1103 sed
788 1059 844 1104 nec
861 1039 950 1102 nimis
965 1040 1061 1119 gravia
1075 1040 1140 1115 ille,
1154 1059 1209 1103 nec
1223 1041 1276 1102 ad-

114 1140 233 1202 modum
250 1148 358 1202 sanatu
372 1141 508 1204 difficilia.
538 1143 580 1205 hc
593 1144 723 1222 primum
737 1142 855 1225 quidem
870 1143 901 1205 iu
915 1142 1157 1223 Clytaemestrae
1170 1143 1278 1215 verbis,

113 1261 184 1321 quae
210 1250 285 1322 post
310 1252 508 1324 perpetratam
530 1245 607 1325 regis
626 1245 745 1309 medem
767 1246 799 1308 iu
825 1263 945 1309 scenam
970 1245 1113 1327 prodiens
1137 1246 1276 1327 loquum,

114 1364 136 1404 v.
156 1344 237 1406 1332
254 1364 270 1405 s
293 1364 315 1406 .:
1083 1400 1087 1411 .

272 1365 291 1425 q
315 1428 448 1494 πολλῶν
469 1426 637 1517 πάροιθεν
656 1427 796 1518 καιρίως
816 1425 992 1519 εἰρημένων

313 1524 457 1596 τάναντί’
473 1527 579 1599 εἰπεῖν
600 1527 661 1599 οὐκ
682 1530 1011 1621 ἐπαισχυνθήσομαι.

314 1633 389 1712 πῶς
410 1630 471 1721 γάρ
492 1657 545 1711 τις
566 1631 701 1723 ἐχθροῖς
721 1632 829 1721 ἐχθρὰ
850 1634 1036 1723 πορσύνων,
1058 1630 1174 1725 φίλοις

316 1734 472 1802 δοκοῦσιν
493 1727 595 1817 εἶναι,
618 1736 768 1826 πημονὴν
790 1731 992 1823 α’ρκύστατον

315 1836 470 1925 φράξειεν
491 1834 577 1925 ὕψος
597 1843 748 1927 κρεῖσσον
768 1837 1019 1929 ἐκπηδήματος·

111 1943 302 2004 scribendum
315 1945 417 2025 utique
432 1964 498 2008 cum
514 1946 683 2008 Hermanno
699 1943 850 2031 πημονῆς
872 1936 1046 2029 ἀρκύστατ’
1061 1936 1114 2008 aa:
1131 1946 1182 2008 sad
1198 1946 1277 2027 quod
1300 1953 1328 2003 aa

111 2046 186 2108 idem
209 2046 242 2107 in
256 2064 345 2108 versu
358 2048 443 2109 tertio
458 2045 527 2123 πᾶς
547 2068 602 2129 pro
622 2046 696 2123 πῶς
710 2049 842 2129 scripsit,
857 2048 967 2110 nobem
983 2051 1091 2111 lactum
1101 2051 1141 2126 ⁴).
1170 2049 1277 2128 Vulga-

111 2157 153 2211 tae
166 2149 306 2212 lectionis
321 2152 468 2213 sententia
481 2152 554 2213 haec
568 2160 626 2215 est:
647 2170 721 2214 non
739 2170 794 2213 me
811 2151 921 2233 pudet
939 2168 1032 2214 nunc
1045 2151 1152 2212 aliter
1165 2150 1279 2231 ioqui,

110 2262 214 2334 atque
249 2252 334 2314 olim
368 2253 524 2333 tempori
562 2255 728 2317 serviens
762 2244 974 2337 (καιρίως)
1009 2251 1279 2315 dissimulanter

109 2357 262 2437 loquuta
282 2374 371 2418 sum:
391 2375 459 2438 quo
475 2357 565 2419 enim
584 2359 688 2420 modo
708 2356 976 2440 possitaliquis
996 2355 1148 2418 insidias
1163 2353 1278 2416 inimi-

110 2460 157 2521 cis
187 2458 462 2538 insuperabiles
487 2472 641 2534 struere,
666 2461 776 2523 scilicet
795 2460 853 2523 nisi
875 2459 932 2535 sic,
951 2467 984 2521 ut
1002 2477 1070 2538 ego,
1088 2458 1120 2520 in
1144 2465 1279 2539 tempore

108 2559 299 2624 dissimulet?
341 2562 490 2624 Reticetur
504 2571 601 2626 autem
620 2564 692 2626 haec
711 2564 858 2637 conditio,
878 2569 983 2643 utpote
1002 2561 1082 2624 facile
1102 2581 1119 2623 e
1139 2568 1278 2623 contextu

108 2665 368 2745 subintelligenda,
383 2665 491 2728 usitato
508 2666 684 2729 Graecorum
701 2686 784 2729 more
799 2667 829 2727 in
844 2665 1014 2729 huiusmodi
1029 2662 1278 2727 enuntiationibus

109 2778 178 2848 post
194 2762 259 2851 γάρ
275 2775 305 2828 et
318 2759 397 2830 ἐπεί
405 2814 413 2843 ,
433 2788 523 2849 quum
539 2770 674 2849 superius
694 2769 841 2831 dictormn
860 2768 934 2830 ratio
950 2767 1094 2838 redditur,
1111 2764 1160 2827 ubi
1175 2775 1279 2826 noster

108 2890 208 2932 sumo
224 2870 345 2950 aliquod
360 2871 545 2945 adverbium,
565 2882 599 2934 ut
611 2871 684 2953 fouit
697 2871 742 2932 vel
756 2876 874 2953 πνοαί,
888 2888 1032 2952 usurpare
1047 2868 1122 2931 solet
1136 2867 1172 2929 ad
1185 2864 1278 2927 onus-

108 2994 172 3035 sarn
189 2972 328 3053 protasin
344 2972 574 3053 significandam.
619 2974 734 3048 Quodsi
748 2973 890 3054 Aeschylo
906 2991 1024 3054 quoque
1038 2971 1165 3033 scrihere
1178 2970 1279 3051 placu-

108 3076 195 3136 isset:
212 3070 289 3148 πῶς
311 3068 373 3157 χείρ
393 3093 447 3149 τις
469 3065 597 3150 ἄλλως
618 3070 724 3160 ἐχθρὰ
745 3069 976 3161 μηχανώμενος
998 3067 1144 3157 ἐχθροῖς,
1167 3064 1280 3157 φίλοις

108 3175 272 3240 δοκοῦσιν
287 3164 389 3253 εἶναι,
412 3174 564 3263 πημονῆς
586 3169 759 3261 ἀρκύστατ’
783 3166 825 3238 dv
847 3170 1015 3263 φράξειενς
1036 3192 1125 3237 nemo
1145 3176 1278 3254 prolecto

107 3279 267 3342 haesisset.
311 3278 370 3341 Sed
396 3281 432 3341 de
457 3280 514 3343 ista
534 3280 697 3342 omissione
717 3298 766 3341 res
786 3279 816 3341 in
838 3278 941 3359 vulgus
960 3285 1030 3340 nota
1054 3285 1099 3339 est
1119 3286 1149 3338 et
1171 3276 1228 3338 iam
1250 3275 1279 3338 in

107 3381 296 3444 scholasticis
315 3382 399 3444 libris
419 3384 539 3456 tradita,
561 3391 595 3445 ut
613 3402 630 3445 a
652 3383 785 3462 Krdgero
800 3381 831 3442 in
846 3401 887 3461 gr.
904 3400 946 3460 gr.
963 3384 982 3457 b
997 3381 1052 3456 54,
1070 3378 1121 3455 12,
1136 3379 1156 3441 9
1172 3398 1200 3459 p.
1220 3379 1279 3439 173

107 3486 143 3546 ed
162 3487 190 3546 1.
207 3494 239 3546 et
254 3483 462 3563 Naegelsbach.
478 3486 516 3547 ad
530 3485 562 3547 ll.
581 3487 608 3561 l,
625 3484 697 3547 223.

197 3589 230 3649 V.
251 3586 333 3648 1382
348 3587 378 3647 in
395 3587 526 3649 oratione
538 3588 797 3667 Clytaemnestrae,
812 3604 870 3666 qua
881 3586 973 3647 choro
986 3584 1104 3647 caedem
1114 3584 1191 3665 regis
1203 3585 1280 3646 haud

108 3690 235 3753 inultam
252 3689 317 3750 lore
330 3688 453 3750 minanti
468 3690 645 3769 respondet,
659 3690 732 3753 haec
745 3689 894 3767 leguntm:

617 3785 701 3873 λέγω
724 3784 762 3854 dc'
782 3809 838 3853 σοι

316 3878 442 3955 τοιαῦτ’
464 3882 614 3956 α’πειλοῖν
636 3884 682 3969 ὥς
703 3882 1011 3977 παρεσκευασμένης

119 4077 266 4087 ...α’-

179 4182 205 4244 41
225 4180 294 4231 otim
306 4178 331 4229 io
344 4178 435 4246 0pnsc.
451 4177 461 4227 1
477 4193 500 4243 p.
513 4174 545 4226 98
558 4175 599 4225 vir
611 4190 721 4226 summus
734 4172 795 4231 πῶς
807 4174 960 4237 retinuerat,
979 4173 1117 4239 scripserat
1132 4179 1214 4223 autem
1229 4191 1283 4236 πη-

113 4268 201 4333 μονῆς
212 4258 399 4335 ἀρκυστάτων
410 4257 517 4334 φράξεί
542 4255 583 4314 ἂν
593 4254 670 4328 ὕφος
680 4289 727 4322 -,
740 4260 805 4327 quod
815 4274 860 4310 eur
869 4266 958 4327 postea
967 4257 1140 4325 repudiaverit
1149 4258 1224 4323 periti
1237 4273 1282 4308 sue

114 4359 201 4417 sponte
218 4351 376 4416 intelligent,
392 4350 474 4400 uinus
491 4348 568 4415 periti
588 4361 742 4411 cognoscere
764 4350 884 4413 poterunt
896 4358 929 4395 ex
945 4340 1059 4395 Eimsleii
1074 4340 1235 4391 anscausus
1252 4340 1283 4389 ad

116 4435 200 4504 linrip.
213 4435 281 4489 ssed.
292 4451 319 4487 ν.
331 4433 392 4485 116.
