<?xml version="1.0" encoding="UTF-8"?>
<!DOCTYPE html PUBLIC "-//W3C//DTD XHTML 1.0 Transitional//EN"
    "http://www.w3.org/TR/xhtml1/DTD/xhtml1-transitional.dtd">
<html xmlns="http://www.w3.org/1999/xhtml" xml:lang="en" lang="en">
 <head>
  <title>
</title>
<meta http-equiv="Content-Type" content="text/html;charset=utf-8" />
  <meta name='ocr-system' content='tesseract 3.04.00' />
  <meta name='ocr-capabilities' content='ocr_page ocr_carea ocr_par ocr_line ocrx_word'/>
</head>
<body>
  <div class='ocr_page' id='page_1' title='image "./opusculaacademi00schogoog_0530.png"; bbox 0 0 3290 5142; ppageno 0'>
   <div class='ocr_carea' id='block_1_1' title="bbox 709 475 863 571">
    <p class='ocr_par' dir='ltr' id='par_1_1' title="bbox 709 475 863 571">
     <span class='ocr_line' id='line_1_1' title="bbox 709 475 863 571; baseline 0 -35"><span class='ocrx_word' id='word_1_1' title='bbox 709 475 863 571; x_wconf 41' lang='grc' dir='ltr'><strong>*ιι-</strong></span> 
     </span>
    </p>
   </div>
   <div class='ocr_carea' id='block_1_2' title="bbox 204 660 1370 1769">
    <p class='ocr_par' dir='ltr' id='par_1_2' title="bbox 204 660 1370 1769">
     <span class='ocr_line' id='line_1_2' title="bbox 206 660 1369 747; baseline -0.003 -17"><span class='ocrx_word' id='word_1_2' title='bbox 206 684 282 742; x_wconf 88' lang='lat' dir='ltr'><strong>cus,</strong></span> <span class='ocrx_word' id='word_1_3' title='bbox 297 683 358 747; x_wconf 88' lang='lat' dir='ltr'><strong>quo</strong></span> <span class='ocrx_word' id='word_1_4' title='bbox 371 663 493 727; x_wconf 89' lang='lat' dir='ltr'><strong>nomine</strong></span> <span class='ocrx_word' id='word_1_5' title='bbox 507 662 687 743; x_wconf 78' lang='lat' dir='ltr'><strong>significatur</strong></span> <span class='ocrx_word' id='word_1_6' title='bbox 700 679 718 723; x_wconf 85' lang='lat' dir='ltr'><strong>a</strong></span> <span class='ocrx_word' id='word_1_7' title='bbox 733 661 857 725; x_wconf 86' lang='lat' dir='ltr'><strong>Platone</strong></span> <span class='ocrx_word' id='word_1_8' title='bbox 872 662 915 725; x_wconf 78' lang='lat' dir='ltr'><strong>vir</strong></span> <span class='ocrx_word' id='word_1_9' title='bbox 927 667 1007 725; x_wconf 88' lang='lat' dir='ltr'><strong>recte</strong></span> <span class='ocrx_word' id='word_1_10' title='bbox 1021 662 1165 744; x_wconf 76' lang='lat' dir='ltr'><strong>regendae</strong></span> <span class='ocrx_word' id='word_1_11' title='bbox 1180 660 1288 726; x_wconf 73' lang='lat' dir='ltr'><strong>civitati</strong></span> <span class='ocrx_word' id='word_1_12' title='bbox 1302 660 1369 726; x_wconf 89' lang='lat' dir='ltr'><strong>ido-</strong></span> 
     </span>
     <span class='ocr_line' id='line_1_3' title="bbox 205 764 1368 849; baseline -0.005 -17"><span class='ocrx_word' id='word_1_13' title='bbox 205 787 290 844; x_wconf 82' lang='lat' dir='ltr'><strong>noan,</strong></span> <span class='ocrx_word' id='word_1_14' title='bbox 304 768 356 849; x_wconf 89' lang='lat' dir='ltr'><strong>qni</strong></span> <span class='ocrx_word' id='word_1_15' title='bbox 369 766 449 830; x_wconf 91' lang='lat' dir='ltr'><strong>idem</strong></span> <span class='ocrx_word' id='word_1_16' title='bbox 460 766 549 829; x_wconf 91' lang='lat' dir='ltr'><strong>etiarn</strong></span> <span class='ocrx_word' id='word_1_17' title='bbox 563 783 627 828; x_wconf 81' lang='lat' dir='ltr'><strong>rex</strong></span> <span class='ocrx_word' id='word_1_18' title='bbox 649 764 820 846; x_wconf 77' lang='lat' dir='ltr'><strong>appellabar.</strong></span> <span class='ocrx_word' id='word_1_19' title='bbox 849 764 946 846; x_wconf 73' lang='lat' dir='ltr'><strong>Atque</strong></span> <span class='ocrx_word' id='word_1_20' title='bbox 960 764 1043 827; x_wconf 87' lang='lat' dir='ltr'><strong>initio</strong></span> <span class='ocrx_word' id='word_1_21' title='bbox 1061 766 1181 847; x_wconf 88' lang='lat' dir='ltr'><strong>quidem</strong></span> <span class='ocrx_word' id='word_1_22' title='bbox 1195 764 1271 846; x_wconf 79' lang='lat' dir='ltr'><strong>regis</strong></span> <span class='ocrx_word' id='word_1_23' title='bbox 1286 764 1368 826; x_wconf 85' lang='lat' dir='ltr'><strong>notio</strong></span> 
     </span>
     <span class='ocr_line' id='line_1_4' title="bbox 205 867 1370 949; baseline -0.006 -14"><span class='ocrx_word' id='word_1_24' title='bbox 205 872 247 935; x_wconf 87' lang='lat' dir='ltr'><strong>ita</strong></span> <span class='ocrx_word' id='word_1_25' title='bbox 261 871 414 944; x_wconf 89' lang='lat' dir='ltr'><strong>delinitur,</strong></span> <span class='ocrx_word' id='word_1_26' title='bbox 438 876 473 932; x_wconf 92' lang='lat' dir='ltr'><strong>ut</strong></span> <span class='ocrx_word' id='word_1_27' title='bbox 492 868 619 949; x_wconf 87' lang='lat' dir='ltr'><strong>pastoris</strong></span> <span class='ocrx_word' id='word_1_28' title='bbox 637 869 731 931; x_wconf 87' lang='lat' dir='ltr'><strong>instar</strong></span> <span class='ocrx_word' id='word_1_29' title='bbox 750 868 788 929; x_wconf 87' lang='lat' dir='ltr'><strong>sit</strong></span> <span class='ocrx_word' id='word_1_30' title='bbox 808 885 927 949; x_wconf 79' lang='lat' dir='ltr'>gregem</span> <span class='ocrx_word' id='word_1_31' title='bbox 946 867 1111 931; x_wconf 87' lang='lat' dir='ltr'><strong>humanum</strong></span> <span class='ocrx_word' id='word_1_32' title='bbox 1130 867 1280 931; x_wconf 76' lang='lat' dir='ltr'><strong>custodiae</strong></span> <span class='ocrx_word' id='word_1_33' title='bbox 1299 884 1370 929; x_wconf 89' lang='lat' dir='ltr'><strong>suae</strong></span> 
     </span>
     <span class='ocr_line' id='line_1_5' title="bbox 206 968 1368 1051; baseline -0.004 -15"><span class='ocrx_word' id='word_1_34' title='bbox 206 973 380 1036; x_wconf 77' lang='lat' dir='ltr'><strong>mandabam</strong></span> <span class='ocrx_word' id='word_1_35' title='bbox 400 971 510 1035; x_wconf 88' lang='lat' dir='ltr'><strong>tuentis</strong></span> <span class='ocrx_word' id='word_1_36' title='bbox 527 978 559 1034; x_wconf 89' lang='lat' dir='ltr'><strong>et</strong></span> <span class='ocrx_word' id='word_1_37' title='bbox 576 969 789 1033; x_wconf 83' lang='lat' dir='ltr'><strong>conservantis:</strong></span> <span class='ocrx_word' id='word_1_38' title='bbox 809 969 982 1051; x_wconf 87' lang='lat' dir='ltr'><strong>repudiatur</strong></span> <span class='ocrx_word' id='word_1_39' title='bbox 1001 976 1101 1033; x_wconf 61' lang='lat' dir='ltr'><strong>nmen</strong></span> <span class='ocrx_word' id='word_1_40' title='bbox 1115 988 1186 1033; x_wconf 82' lang='lat' dir='ltr'><strong>mox</strong></span> <span class='ocrx_word' id='word_1_41' title='bbox 1203 970 1277 1033; x_wconf 88' lang='lat' dir='ltr'><strong>haec</strong></span> <span class='ocrx_word' id='word_1_42' title='bbox 1296 968 1368 1032; x_wconf 88' lang='lat' dir='ltr'><strong>defr-</strong></span> 
     </span>
     <span class='ocr_line' id='line_1_6' title="bbox 205 1060 1369 1154; baseline -0.006 -14"><span class='ocrx_word' id='word_1_43' title='bbox 205 1074 278 1141; x_wconf 83' lang='lat' dir='ltr'><strong>nitio</strong></span> <span class='ocrx_word' id='word_1_44' title='bbox 290 1075 350 1154; x_wconf 81' lang='lat'><strong>1⁵)‚</strong></span> <span class='ocrx_word' id='word_1_45' title='bbox 364 1079 399 1135; x_wconf 91' lang='lat' dir='ltr'><strong>ut</strong></span> <span class='ocrx_word' id='word_1_46' title='bbox 413 1089 489 1153; x_wconf 89' lang='lat' dir='ltr'><strong>quae</strong></span> <span class='ocrx_word' id='word_1_47' title='bbox 503 1072 535 1133; x_wconf 93' lang='lat' dir='ltr'><strong>in</strong></span> <span class='ocrx_word' id='word_1_48' title='bbox 548 1072 658 1133; x_wconf 91' lang='lat' dir='ltr'><strong>horum</strong></span> <span class='ocrx_word' id='word_1_49' title='bbox 673 1071 725 1151; x_wconf 91' lang='lat' dir='ltr'><strong>qui</strong></span> <span class='ocrx_word' id='word_1_50' title='bbox 738 1087 820 1134; x_wconf 92' lang='lat' dir='ltr'><strong>nunc</strong></span> <span class='ocrx_word' id='word_1_51' title='bbox 835 1080 906 1133; x_wconf 89' lang='lat' dir='ltr'><strong>sunt</strong></span> <span class='ocrx_word' id='word_1_52' title='bbox 919 1072 1074 1137; x_wconf 88' lang='lat' dir='ltr'><strong>hominum</strong></span> <span class='ocrx_word' id='word_1_53' title='bbox 1090 1060 1290 1135; x_wconf 83' lang='lat' dir='ltr'><strong>conditionem</strong></span> <span class='ocrx_word' id='word_1_54' title='bbox 1305 1088 1369 1133; x_wconf 87' lang='lat' dir='ltr'><strong>uon</strong></span> 
     </span>
     <span class='ocr_line' id='line_1_7' title="bbox 208 1172 1369 1256; baseline -0.003 -17"><span class='ocrx_word' id='word_1_55' title='bbox 208 1176 302 1249; x_wconf 87' lang='lat' dir='ltr'><strong>cadat,</strong></span> <span class='ocrx_word' id='word_1_56' title='bbox 318 1175 370 1238; x_wconf 89' lang='lat' dir='ltr'><strong>sed</strong></span> <span class='ocrx_word' id='word_1_57' title='bbox 385 1173 607 1237; x_wconf 63' lang='lat' dir='ltr'><strong>convenientior</strong></span> <span class='ocrx_word' id='word_1_58' title='bbox 619 1172 658 1235; x_wconf 88' lang='lat' dir='ltr'><strong>sit</strong></span> <span class='ocrx_word' id='word_1_59' title='bbox 671 1172 783 1253; x_wconf 75' lang='lat' dir='ltr'><strong>prisone</strong></span> <span class='ocrx_word' id='word_1_60' title='bbox 797 1172 839 1235; x_wconf 94' lang='lat' dir='ltr'><strong>illi</strong></span> <span class='ocrx_word' id='word_1_61' title='bbox 853 1174 955 1247; x_wconf 85' lang='lat' dir='ltr'><strong>aetati,</strong></span> <span class='ocrx_word' id='word_1_62' title='bbox 974 1192 1064 1255; x_wconf 88' lang='lat' dir='ltr'><strong>quam</strong></span> <span class='ocrx_word' id='word_1_63' title='bbox 1078 1182 1182 1256; x_wconf 87' lang='lat' dir='ltr'><strong>poetae</strong></span> <span class='ocrx_word' id='word_1_64' title='bbox 1200 1174 1292 1239; x_wconf 83' lang='lat' dir='ltr'><strong>fuisse</strong></span> <span class='ocrx_word' id='word_1_65' title='bbox 1311 1174 1369 1236; x_wconf 85' lang='lat' dir='ltr'><strong>bn-</strong></span> 
     </span>
     <span class='ocr_line' id='line_1_8' title="bbox 205 1275 1369 1359; baseline -0.003 -19"><span class='ocrx_word' id='word_1_66' title='bbox 205 1285 285 1359; x_wconf 77' lang='lat' dir='ltr'><strong>qaut,</strong></span> <span class='ocrx_word' id='word_1_67' title='bbox 302 1295 394 1357; x_wconf 90' lang='lat' dir='ltr'><strong>quum</strong></span> <span class='ocrx_word' id='word_1_68' title='bbox 416 1276 488 1338; x_wconf 89' lang='lat' dir='ltr'><strong>deos</strong></span> <span class='ocrx_word' id='word_1_69' title='bbox 506 1275 583 1338; x_wconf 92' lang='lat' dir='ltr'><strong>inter</strong></span> <span class='ocrx_word' id='word_1_70' title='bbox 602 1275 740 1338; x_wconf 90' lang='lat' dir='ltr'><strong>homines</strong></span> <span class='ocrx_word' id='word_1_71' title='bbox 761 1286 911 1339; x_wconf 73' lang='lat' dir='ltr'><strong>amsames</strong></span> <span class='ocrx_word' id='word_1_72' title='bbox 930 1296 1095 1359; x_wconf 88' lang='lat' dir='ltr'><strong>corumque</strong></span> <span class='ocrx_word' id='word_1_73' title='bbox 1112 1294 1215 1341; x_wconf 88' lang='lat' dir='ltr'><strong>curam</strong></span> <span class='ocrx_word' id='word_1_74' title='bbox 1232 1283 1369 1355; x_wconf 79' lang='lat' dir='ltr'><strong>gerentes</strong></span> 
     </span>
     <span class='ocr_line' id='line_1_9' title="bbox 205 1377 1368 1461; baseline 0.001 -20"><span class='ocrx_word' id='word_1_75' title='bbox 205 1381 361 1461; x_wconf 88' lang='lat' dir='ltr'><strong>omnisque</strong></span> <span class='ocrx_word' id='word_1_76' title='bbox 374 1379 450 1443; x_wconf 85' lang='lat' dir='ltr'><strong>vitae</strong></span> <span class='ocrx_word' id='word_1_77' title='bbox 463 1377 566 1441; x_wconf 90' lang='lat' dir='ltr'><strong>usibus</strong></span> <span class='ocrx_word' id='word_1_78' title='bbox 585 1378 799 1459; x_wconf 88' lang='lat' dir='ltr'><strong>prospicientes</strong></span> <span class='ocrx_word' id='word_1_79' title='bbox 818 1378 959 1441; x_wconf 87' lang='lat' dir='ltr'><strong>inducant</strong></span> <span class='ocrx_word' id='word_1_80' title='bbox 970 1381 1029 1456; x_wconf 70' lang='grc'><strong>18).</strong></span> <span class='ocrx_word' id='word_1_81' title='bbox 1060 1380 1136 1445; x_wconf 90' lang='lat' dir='ltr'><strong>Nam</strong></span> <span class='ocrx_word' id='word_1_82' title='bbox 1155 1380 1281 1442; x_wconf 91' lang='lat' dir='ltr'><strong>deorum</strong></span> <span class='ocrx_word' id='word_1_83' title='bbox 1302 1377 1368 1457; x_wconf 85' lang='lat' dir='ltr'><strong>qui-</strong></span> 
     </span>
     <span class='ocr_line' id='line_1_10' title="bbox 205 1480 1368 1563; baseline -0.001 -19"><span class='ocrx_word' id='word_1_84' title='bbox 205 1482 275 1544; x_wconf 90' lang='lat' dir='ltr'><strong>dam</strong></span> <span class='ocrx_word' id='word_1_85' title='bbox 294 1487 432 1545; x_wconf 82' lang='lat' dir='ltr'><strong>naturam</strong></span> <span class='ocrx_word' id='word_1_86' title='bbox 451 1487 534 1542; x_wconf 90' lang='lat' dir='ltr'><strong>tanto</strong></span> <span class='ocrx_word' id='word_1_87' title='bbox 556 1498 621 1544; x_wconf 88' lang='lat' dir='ltr'><strong>esse</strong></span> <span class='ocrx_word' id='word_1_88' title='bbox 639 1481 808 1545; x_wconf 90' lang='lat' dir='ltr'><strong>hominibus</strong></span> <span class='ocrx_word' id='word_1_89' title='bbox 828 1482 1089 1563; x_wconf 74' lang='lat' dir='ltr'><strong>praestantiorem,</strong></span> <span class='ocrx_word' id='word_1_90' title='bbox 1113 1486 1222 1563; x_wconf 87' lang='lat' dir='ltr'><strong>quanto</strong></span> <span class='ocrx_word' id='word_1_91' title='bbox 1241 1480 1368 1562; x_wconf 83' lang='lat' dir='ltr'><strong>pastoris</strong></span> 
     </span>
     <span class='ocr_line' id='line_1_11' title="bbox 204 1582 1368 1666; baseline -0.003 -19"><span class='ocrx_word' id='word_1_92' title='bbox 204 1591 341 1648; x_wconf 89' lang='lat' dir='ltr'><strong>naturam</strong></span> <span class='ocrx_word' id='word_1_93' title='bbox 358 1582 493 1663; x_wconf 77' lang='lat' dir='ltr'><strong>gregibus</strong></span> <span class='ocrx_word' id='word_1_94' title='bbox 513 1582 605 1646; x_wconf 85' lang='lat' dir='ltr'><strong>abeo</strong></span> <span class='ocrx_word' id='word_1_95' title='bbox 625 1583 795 1660; x_wconf 83' lang='lat' dir='ltr'><strong>custoditis3</strong></span> <span class='ocrx_word' id='word_1_96' title='bbox 821 1584 978 1649; x_wconf 88' lang='lat' dir='ltr'><strong>hominum</strong></span> <span class='ocrx_word' id='word_1_97' title='bbox 997 1593 1111 1658; x_wconf 83' lang='lat' dir='ltr'><strong>autem,</strong></span> <span class='ocrx_word' id='word_1_98' title='bbox 1135 1585 1186 1666; x_wconf 91' lang='lat' dir='ltr'><strong>qui</strong></span> <span class='ocrx_word' id='word_1_99' title='bbox 1199 1600 1279 1647; x_wconf 90' lang='lat' dir='ltr'><strong>nuno</strong></span> <span class='ocrx_word' id='word_1_100' title='bbox 1300 1582 1368 1658; x_wconf 89' lang='lat' dir='ltr'><strong>sint,</strong></span> 
     </span>
     <span class='ocr_line' id='line_1_12' title="bbox 205 1683 1368 1769; baseline -0.004 -19"><span class='ocrx_word' id='word_1_101' title='bbox 205 1688 339 1769; x_wconf 63' lang='lat' dir='ltr'><strong>wamiis</strong></span> <span class='ocrx_word' id='word_1_102' title='bbox 351 1687 430 1750; x_wconf 86' lang='lat' dir='ltr'><strong>iuter</strong></span> <span class='ocrx_word' id='word_1_103' title='bbox 443 1704 476 1747; x_wconf 87' lang='lat' dir='ltr'><strong>se</strong></span> <span class='ocrx_word' id='word_1_104' title='bbox 491 1683 687 1760; x_wconf 88' lang='lat' dir='ltr'><strong>dissimilium,</strong></span> <span class='ocrx_word' id='word_1_105' title='bbox 703 1702 765 1748; x_wconf 90' lang='lat' dir='ltr'><strong>non</strong></span> <span class='ocrx_word' id='word_1_106' title='bbox 779 1694 878 1749; x_wconf 85' lang='lat' dir='ltr'><strong>tamen</strong></span> <span class='ocrx_word' id='word_1_107' title='bbox 888 1693 1003 1750; x_wconf 86' lang='lat' dir='ltr'><strong>tantam</strong></span> <span class='ocrx_word' id='word_1_108' title='bbox 1014 1706 1079 1751; x_wconf 89' lang='lat' dir='ltr'><strong>esse</strong></span> <span class='ocrx_word' id='word_1_109' title='bbox 1091 1685 1368 1759; x_wconf 85' lang='lat' dir='ltr'><strong>dissimilitudinem,</strong></span> 
     </span>
    </p>
   </div>
   <div class='ocr_carea' id='block_1_3' title="bbox 205 1788 1464 1872">
    <p class='ocr_par' dir='ltr' id='par_1_3' title="bbox 205 1788 1464 1872">
     <span class='ocr_line' id='line_1_13' title="bbox 205 1788 1464 1872; baseline -0.001 -19"><span class='ocrx_word' id='word_1_110' title='bbox 205 1797 240 1853; x_wconf 92' lang='lat' dir='ltr'><strong>ut</strong></span> <span class='ocrx_word' id='word_1_111' title='bbox 253 1790 347 1872; x_wconf 88' lang='lat' dir='ltr'><strong>possit</strong></span> <span class='ocrx_word' id='word_1_112' title='bbox 355 1807 435 1852; x_wconf 89' lang='lat' dir='ltr'><strong>unus</strong></span> <span class='ocrx_word' id='word_1_113' title='bbox 445 1805 534 1870; x_wconf 87' lang='lat' dir='ltr'><strong>supra</strong></span> <span class='ocrx_word' id='word_1_114' title='bbox 545 1795 659 1851; x_wconf 88' lang='lat' dir='ltr'><strong>cetoros</strong></span> <span class='ocrx_word' id='word_1_115' title='bbox 670 1795 821 1869; x_wconf 87' lang='lat' dir='ltr'><strong>tamquam</strong></span> <span class='ocrx_word' id='word_1_116' title='bbox 833 1790 907 1855; x_wconf 87' lang='lat' dir='ltr'><strong>deus</strong></span> <span class='ocrx_word' id='word_1_117' title='bbox 917 1808 1007 1872; x_wconf 89' lang='lat' dir='ltr'><strong>supra</strong></span> <span class='ocrx_word' id='word_1_118' title='bbox 1018 1791 1157 1854; x_wconf 76' lang='lat' dir='ltr'><strong>mortales</strong></span> <span class='ocrx_word' id='word_1_119' title='bbox 1168 1789 1298 1853; x_wconf 87' lang='lat' dir='ltr'><strong>eminere</strong></span> <span class='ocrx_word' id='word_1_120' title='bbox 1308 1788 1367 1865; x_wconf 73' lang='grc'><strong>17).</strong></span> <span class='ocrx_word' id='word_1_121' title='bbox 1462 1806 1464 1809; x_wconf 87' lang='grc'><strong><em>·</em></strong></span> 
     </span>
    </p>
   </div>
   <div class='ocr_carea' id='block_1_4' title="bbox 200 1891 1403 3815">
    <p class='ocr_par' dir='ltr' id='par_1_4' title="bbox 203 1891 1369 2487">
     <span class='ocr_line' id='line_1_14' title="bbox 203 1891 1368 1975; baseline -0.001 -21"><span class='ocrx_word' id='word_1_122' title='bbox 203 1892 305 1975; x_wconf 86' lang='lat' dir='ltr'><strong>Neque</strong></span> <span class='ocrx_word' id='word_1_123' title='bbox 320 1899 420 1955; x_wconf 73' lang='lat' dir='ltr'><strong>umen</strong></span> <span class='ocrx_word' id='word_1_124' title='bbox 439 1898 597 1973; x_wconf 89' lang='lat' dir='ltr'><strong>propterea</strong></span> <span class='ocrx_word' id='word_1_125' title='bbox 615 1900 667 1954; x_wconf 90' lang='lat' dir='ltr'><strong>aut</strong></span> <span class='ocrx_word' id='word_1_126' title='bbox 685 1891 756 1953; x_wconf 90' lang='lat' dir='ltr'><strong>illud</strong></span> <span class='ocrx_word' id='word_1_127' title='bbox 773 1892 896 1956; x_wconf 75' lang='lat' dir='ltr'><strong>civitatis</strong></span> <span class='ocrx_word' id='word_1_128' title='bbox 920 1910 1014 1974; x_wconf 80' lang='lat' dir='ltr'><strong>genus</strong></span> <span class='ocrx_word' id='word_1_129' title='bbox 1033 1893 1233 1975; x_wconf 85' lang='lat' dir='ltr'><strong>probandum,</strong></span> <span class='ocrx_word' id='word_1_130' title='bbox 1255 1891 1286 1953; x_wconf 93' lang='lat' dir='ltr'><strong>iu</strong></span> <span class='ocrx_word' id='word_1_131' title='bbox 1308 1908 1368 1972; x_wconf 90' lang='lat' dir='ltr'><strong>quo</strong></span> 
     </span>
     <span class='ocr_line' id='line_1_15' title="bbox 203 1993 1368 2077; baseline -0.003 -19"><span class='ocrx_word' id='word_1_132' title='bbox 203 1994 400 2058; x_wconf 89' lang='lat' dir='ltr'><strong>multitudinis</strong></span> <span class='ocrx_word' id='word_1_133' title='bbox 415 1993 550 2057; x_wconf 80' lang='lat' dir='ltr'><strong>uoluntas</strong></span> <span class='ocrx_word' id='word_1_134' title='bbox 565 1995 667 2069; x_wconf 75' lang='lat' dir='ltr'><strong>adeat,</strong></span> <span class='ocrx_word' id='word_1_135' title='bbox 683 1995 791 2077; x_wconf 88' lang='lat' dir='ltr'><strong>quippe</strong></span> <span class='ocrx_word' id='word_1_136' title='bbox 812 1996 843 2058; x_wconf 91' lang='lat' dir='ltr'><strong>in</strong></span> <span class='ocrx_word' id='word_1_137' title='bbox 863 2014 921 2077; x_wconf 88' lang='lat' dir='ltr'><strong>qua</strong></span> <span class='ocrx_word' id='word_1_138' title='bbox 940 1997 1039 2077; x_wconf 89' lang='lat' dir='ltr'><strong>plures</strong></span> <span class='ocrx_word' id='word_1_139' title='bbox 1058 2013 1177 2077; x_wconf 86' lang='lat' dir='ltr'><strong>semper</strong></span> <span class='ocrx_word' id='word_1_140' title='bbox 1196 1993 1368 2075; x_wconf 86' lang='lat' dir='ltr'><strong>insipientes</strong></span> 
     </span>
     <span class='ocr_line' id='line_1_16' title="bbox 207 2098 1369 2180; baseline -0.001 -20"><span class='ocrx_word' id='word_1_141' title='bbox 207 2098 276 2173; x_wconf 79' lang='lat' dir='ltr'><strong>sint,</strong></span> <span class='ocrx_word' id='word_1_142' title='bbox 291 2115 388 2179; x_wconf 90' lang='lat' dir='ltr'><strong>neque</strong></span> <span class='ocrx_word' id='word_1_143' title='bbox 402 2116 478 2172; x_wconf 87' lang='lat' dir='ltr'><strong>eam,</strong></span> <span class='ocrx_word' id='word_1_144' title='bbox 493 2098 525 2160; x_wconf 93' lang='lat' dir='ltr'><strong>in</strong></span> <span class='ocrx_word' id='word_1_145' title='bbox 538 2116 597 2179; x_wconf 90' lang='lat' dir='ltr'><strong>qua</strong></span> <span class='ocrx_word' id='word_1_146' title='bbox 611 2114 703 2180; x_wconf 88' lang='lat' dir='ltr'><strong>penes</strong></span> <span class='ocrx_word' id='word_1_147' title='bbox 717 2115 827 2178; x_wconf 89' lang='lat' dir='ltr'><strong>paucos</strong></span> <span class='ocrx_word' id='word_1_148' title='bbox 842 2099 881 2161; x_wconf 93' lang='lat' dir='ltr'><strong>sit</strong></span> <span class='ocrx_word' id='word_1_149' title='bbox 894 2099 1067 2180; x_wconf 89' lang='lat' dir='ltr'><strong>imperium,</strong></span> <span class='ocrx_word' id='word_1_150' title='bbox 1088 2117 1163 2180; x_wconf 92' lang='lat' dir='ltr'><strong>quos</strong></span> <span class='ocrx_word' id='word_1_151' title='bbox 1177 2098 1266 2160; x_wconf 90' lang='lat' dir='ltr'><strong>nimis</strong></span> <span class='ocrx_word' id='word_1_152' title='bbox 1281 2114 1369 2177; x_wconf 85' lang='lat' dir='ltr'><strong>saepe</strong></span> 
     </span>
     <span class='ocr_line' id='line_1_17' title="bbox 206 2197 1367 2282; baseline 0 -21"><span class='ocrx_word' id='word_1_153' title='bbox 206 2206 330 2282; x_wconf 89' lang='lat' dir='ltr'><strong>propter</strong></span> <span class='ocrx_word' id='word_1_154' title='bbox 348 2199 517 2281; x_wconf 87' lang='lat' dir='ltr'><strong>superbiam</strong></span> <span class='ocrx_word' id='word_1_155' title='bbox 536 2206 567 2262; x_wconf 86' lang='lat' dir='ltr'><strong>et</strong></span> <span class='ocrx_word' id='word_1_156' title='bbox 585 2199 773 2263; x_wconf 79' lang='lat' dir='ltr'><strong>insolentiam</strong></span> <span class='ocrx_word' id='word_1_157' title='bbox 792 2200 949 2264; x_wconf 89' lang='lat' dir='ltr'><strong>abalienari</strong></span> <span class='ocrx_word' id='word_1_158' title='bbox 970 2221 987 2263; x_wconf 87' lang='lat' dir='ltr'><strong>a</strong></span> <span class='ocrx_word' id='word_1_159' title='bbox 1006 2201 1115 2282; x_wconf 91' lang='lat' dir='ltr'><strong>populo</strong></span> <span class='ocrx_word' id='word_1_160' title='bbox 1134 2201 1256 2281; x_wconf 89' lang='lat' dir='ltr'><strong>suisque</strong></span> <span class='ocrx_word' id='word_1_161' title='bbox 1274 2197 1367 2278; x_wconf 75' lang='lat' dir='ltr'><strong>magis</strong></span> 
     </span>
     <span class='ocr_line' id='line_1_18' title="bbox 206 2300 1365 2383; baseline -0.001 -19"><span class='ocrx_word' id='word_1_162' title='bbox 206 2302 369 2365; x_wconf 86' lang='lat' dir='ltr'><strong>commodis</strong></span> <span class='ocrx_word' id='word_1_163' title='bbox 385 2320 473 2383; x_wconf 90' lang='lat' dir='ltr'><strong>quam</strong></span> <span class='ocrx_word' id='word_1_164' title='bbox 488 2302 568 2366; x_wconf 90' lang='lat' dir='ltr'><strong>bono</strong></span> <span class='ocrx_word' id='word_1_165' title='bbox 583 2301 699 2383; x_wconf 89' lang='lat' dir='ltr'><strong>publico</strong></span> <span class='ocrx_word' id='word_1_166' title='bbox 714 2302 853 2366; x_wconf 82' lang='lat' dir='ltr'><strong>inservire</strong></span> <span class='ocrx_word' id='word_1_167' title='bbox 867 2303 980 2367; x_wconf 86' lang='lat' dir='ltr'><strong>videas:</strong></span> <span class='ocrx_word' id='word_1_168' title='bbox 997 2303 1050 2366; x_wconf 90' lang='lat' dir='ltr'><strong>sed</strong></span> <span class='ocrx_word' id='word_1_169' title='bbox 1064 2320 1155 2365; x_wconf 89' lang='lat' dir='ltr'><strong>unam</strong></span> <span class='ocrx_word' id='word_1_170' title='bbox 1165 2304 1309 2383; x_wconf 87' lang='lat' dir='ltr'><strong>optimam</strong></span> <span class='ocrx_word' id='word_1_171' title='bbox 1323 2300 1365 2363; x_wconf 91' lang='lat' dir='ltr'><strong>oi-</strong></span> 
     </span>
     <span class='ocr_line' id='line_1_19' title="bbox 204 2404 1365 2487; baseline -0.001 -21"><span class='ocrx_word' id='word_1_172' title='bbox 204 2404 301 2466; x_wconf 79' lang='lat' dir='ltr'><strong>ritatis</strong></span> <span class='ocrx_word' id='word_1_173' title='bbox 316 2404 556 2468; x_wconf 89' lang='lat' dir='ltr'><strong>constitutionem</strong></span> <span class='ocrx_word' id='word_1_174' title='bbox 571 2423 637 2468; x_wconf 87' lang='lat' dir='ltr'><strong>eam</strong></span> <span class='ocrx_word' id='word_1_175' title='bbox 652 2424 733 2482; x_wconf 90' lang='lat' dir='ltr'><strong>esse,</strong></span> <span class='ocrx_word' id='word_1_176' title='bbox 750 2406 780 2468; x_wconf 93' lang='lat' dir='ltr'><strong>in</strong></span> <span class='ocrx_word' id='word_1_177' title='bbox 795 2423 853 2486; x_wconf 86' lang='lat' dir='ltr'><strong>qua</strong></span> <span class='ocrx_word' id='word_1_178' title='bbox 868 2423 946 2469; x_wconf 91' lang='lat' dir='ltr'><strong>unus</strong></span> <span class='ocrx_word' id='word_1_179' title='bbox 961 2406 1069 2487; x_wconf 87' lang='lat' dir='ltr'><strong>praesit</strong></span> <span class='ocrx_word' id='word_1_180' title='bbox 1089 2406 1140 2467; x_wconf 87' lang='lat' dir='ltr'><strong>tali</strong></span> <span class='ocrx_word' id='word_1_181' title='bbox 1160 2404 1259 2467; x_wconf 84' lang='lat' dir='ltr'><strong>animo</strong></span> <span class='ocrx_word' id='word_1_182' title='bbox 1279 2420 1365 2485; x_wconf 89' lang='lat' dir='ltr'><strong>prae·</strong></span> 
     </span>
    </p>

    <p class='ocr_par' dir='ltr' id='par_1_5' title="bbox 200 2492 1403 3815">
     <span class='ocr_line' id='line_1_20' title="bbox 204 2492 1403 2588; baseline -0.001 -21"><span class='ocrx_word' id='word_1_183' title='bbox 204 2504 292 2581; x_wconf 87' lang='lat' dir='ltr'><strong>ditus,</strong></span> <span class='ocrx_word' id='word_1_184' title='bbox 305 2512 339 2568; x_wconf 94' lang='lat' dir='ltr'><strong>ut</strong></span> <span class='ocrx_word' id='word_1_185' title='bbox 353 2506 426 2569; x_wconf 89' lang='lat' dir='ltr'><strong>nihil</strong></span> <span class='ocrx_word' id='word_1_186' title='bbox 440 2511 582 2588; x_wconf 88' lang='lat' dir='ltr'><strong>sequatur</strong></span> <span class='ocrx_word' id='word_1_187' title='bbox 595 2514 627 2569; x_wconf 88' lang='lat' dir='ltr'><strong>et</strong></span> <span class='ocrx_word' id='word_1_188' title='bbox 641 2508 739 2588; x_wconf 88' lang='lat' dir='ltr'><strong>cupiat</strong></span> <span class='ocrx_word' id='word_1_189' title='bbox 749 2514 866 2588; x_wconf 86' lang='lat' dir='ltr'><strong>praeter</strong></span> <span class='ocrx_word' id='word_1_190' title='bbox 879 2506 987 2570; x_wconf 86' lang='lat' dir='ltr'><strong>civium</strong></span> <span class='ocrx_word' id='word_1_191' title='bbox 999 2512 1135 2581; x_wconf 89' lang='lat' dir='ltr'><strong>salutem,</strong></span> <span class='ocrx_word' id='word_1_192' title='bbox 1150 2513 1180 2570; x_wconf 88' lang='lat' dir='ltr'><strong>et</strong></span> <span class='ocrx_word' id='word_1_193' title='bbox 1190 2525 1224 2568; x_wconf 89' lang='lat' dir='ltr'><strong>ea</strong></span> <span class='ocrx_word' id='word_1_194' title='bbox 1235 2505 1365 2587; x_wconf 90' lang='lat' dir='ltr'><strong>pruden·</strong></span> <span class='ocrx_word' id='word_1_195' title='bbox 1399 2492 1403 2499; x_wconf 50' lang='lat'><strong>⁴</strong></span> 
     </span>
     <span class='ocr_line' id='line_1_21' title="bbox 204 2608 1366 2692; baseline 0.003 -24"><span class='ocrx_word' id='word_1_196' title='bbox 204 2608 245 2670; x_wconf 89' lang='lat' dir='ltr'><strong>tia</strong></span> <span class='ocrx_word' id='word_1_197' title='bbox 257 2609 432 2683; x_wconf 88' lang='lat' dir='ltr'><strong>instructus,</strong></span> <span class='ocrx_word' id='word_1_198' title='bbox 447 2616 481 2672; x_wconf 94' lang='lat' dir='ltr'><strong>ut</strong></span> <span class='ocrx_word' id='word_1_199' title='bbox 496 2609 567 2690; x_wconf 92' lang='lat' dir='ltr'><strong>quid</strong></span> <span class='ocrx_word' id='word_1_200' title='bbox 582 2609 698 2673; x_wconf 86' lang='lat' dir='ltr'><strong>salubre</strong></span> <span class='ocrx_word' id='word_1_201' title='bbox 709 2609 828 2692; x_wconf 89' lang='lat' dir='ltr'><strong>populo,</strong></span> <span class='ocrx_word' id='word_1_202' title='bbox 845 2612 915 2692; x_wconf 92' lang='lat' dir='ltr'><strong>quid</strong></span> <span class='ocrx_word' id='word_1_203' title='bbox 930 2617 1034 2674; x_wconf 67' lang='lat' dir='ltr'><strong>conda</strong></span> <span class='ocrx_word' id='word_1_204' title='bbox 1047 2611 1095 2684; x_wconf 91' lang='lat' dir='ltr'><strong>sit,</strong></span> <span class='ocrx_word' id='word_1_205' title='bbox 1111 2618 1189 2672; x_wconf 86' lang='lat' dir='ltr'><strong>rocta</strong></span> <span class='ocrx_word' id='word_1_206' title='bbox 1200 2609 1366 2691; x_wconf 76' lang='lat' dir='ltr'><strong>perspicere</strong></span> 
     </span>
     <span class='ocr_line' id='line_1_22' title="bbox 202 2709 1366 2794; baseline 0.003 -23"><span class='ocrx_word' id='word_1_207' title='bbox 202 2715 233 2771; x_wconf 89' lang='lat' dir='ltr'><strong>et</strong></span> <span class='ocrx_word' id='word_1_208' title='bbox 247 2729 307 2791; x_wconf 93' lang='lat' dir='ltr'><strong>quo</strong></span> <span class='ocrx_word' id='word_1_209' title='bbox 321 2710 351 2773; x_wconf 91' lang='lat' dir='ltr'><strong>id</strong></span> <span class='ocrx_word' id='word_1_210' title='bbox 366 2711 456 2774; x_wconf 90' lang='lat' dir='ltr'><strong>modo</strong></span> <span class='ocrx_word' id='word_1_211' title='bbox 476 2709 644 2791; x_wconf 86' lang='lat' dir='ltr'><strong>quibusque</strong></span> <span class='ocrx_word' id='word_1_212' title='bbox 663 2710 801 2774; x_wconf 89' lang='lat' dir='ltr'><strong>subsidiis</strong></span> <span class='ocrx_word' id='word_1_213' title='bbox 822 2713 1008 2776; x_wconf 83' lang='lat' dir='ltr'><strong>efficiendum</strong></span> <span class='ocrx_word' id='word_1_214' title='bbox 1030 2714 1069 2775; x_wconf 91' lang='lat' dir='ltr'><strong>sit</strong></span> <span class='ocrx_word' id='word_1_215' title='bbox 1089 2712 1241 2794; x_wconf 84' lang='lat' dir='ltr'><strong>providere</strong></span> <span class='ocrx_word' id='word_1_216' title='bbox 1261 2710 1366 2792; x_wconf 86' lang='lat' dir='ltr'><strong>possit</strong></span> 
     </span>
     <span class='ocr_line' id='line_1_23' title="bbox 201 2810 1366 2896; baseline 0.003 -24"><span class='ocrx_word' id='word_1_217' title='bbox 201 2810 312 2884; x_wconf 87' lang='lat' dir='ltr'><strong>Quodsi</strong></span> <span class='ocrx_word' id='word_1_218' title='bbox 336 2811 404 2874; x_wconf 83' lang='lat' dir='ltr'><strong>talis</strong></span> <span class='ocrx_word' id='word_1_219' title='bbox 428 2811 601 2874; x_wconf 88' lang='lat' dir='ltr'><strong>moderator</strong></span> <span class='ocrx_word' id='word_1_220' title='bbox 625 2811 669 2873; x_wconf 90' lang='lat' dir='ltr'><strong>rei</strong></span> <span class='ocrx_word' id='word_1_221' title='bbox 693 2812 826 2893; x_wconf 86' lang='lat' dir='ltr'><strong>publicae</strong></span> <span class='ocrx_word' id='word_1_222' title='bbox 850 2814 1020 2895; x_wconf 80' lang='lat' dir='ltr'><strong>contigerit,</strong></span> <span class='ocrx_word' id='word_1_223' title='bbox 1053 2817 1141 2878; x_wconf 89' lang='lat' dir='ltr'><strong>etiam</strong></span> <span class='ocrx_word' id='word_1_224' title='bbox 1166 2815 1277 2896; x_wconf 75' lang='lat' dir='ltr'><strong>legibus</strong></span> <span class='ocrx_word' id='word_1_225' title='bbox 1301 2814 1366 2877; x_wconf 79' lang='lat' dir='ltr'><strong>iura</strong></span> 
     </span>
     <span class='ocr_line' id='line_1_24' title="bbox 207 2913 1366 2999; baseline 0.003 -25"><span class='ocrx_word' id='word_1_226' title='bbox 207 2913 334 2977; x_wconf 82' lang='lat' dir='ltr'><strong>describi</strong></span> <span class='ocrx_word' id='word_1_227' title='bbox 348 2913 427 2978; x_wconf 91' lang='lat' dir='ltr'><strong>haud</strong></span> <span class='ocrx_word' id='word_1_228' title='bbox 441 2932 515 2995; x_wconf 90' lang='lat' dir='ltr'><strong>opus</strong></span> <span class='ocrx_word' id='word_1_229' title='bbox 530 2932 604 2987; x_wconf 88' lang='lat' dir='ltr'><strong>esse,</strong></span> <span class='ocrx_word' id='word_1_230' title='bbox 620 2931 713 2996; x_wconf 92' lang='lat' dir='ltr'><strong>quum</strong></span> <span class='ocrx_word' id='word_1_231' title='bbox 727 2917 900 2996; x_wconf 87' lang='lat' dir='ltr'><strong>praesertim</strong></span> <span class='ocrx_word' id='word_1_232' title='bbox 911 2917 974 2980; x_wconf 84' lang='lat' dir='ltr'><strong>lieri</strong></span> <span class='ocrx_word' id='word_1_233' title='bbox 984 2925 1121 2999; x_wconf 86' lang='lat' dir='ltr'><strong>nequeat,</strong></span> <span class='ocrx_word' id='word_1_234' title='bbox 1135 2923 1169 2980; x_wconf 90' lang='lat' dir='ltr'><strong>ut</strong></span> <span class='ocrx_word' id='word_1_235' title='bbox 1180 2919 1257 2999; x_wconf 79' lang='lat' dir='ltr'><strong>leges</strong></span> <span class='ocrx_word' id='word_1_236' title='bbox 1266 2917 1366 2979; x_wconf 83' lang='lat' dir='ltr'><strong>feran-</strong></span> 
     </span>
     <span class='ocr_line' id='line_1_25' title="bbox 206 3014 1365 3101; baseline 0.003 -23"><span class='ocrx_word' id='word_1_237' title='bbox 206 3021 257 3078; x_wconf 91' lang='lat' dir='ltr'><strong>tur</strong></span> <span class='ocrx_word' id='word_1_238' title='bbox 270 3015 421 3096; x_wconf 86' lang='lat' dir='ltr'><strong>quibusvis</strong></span> <span class='ocrx_word' id='word_1_239' title='bbox 434 3023 486 3079; x_wconf 89' lang='lat' dir='ltr'><strong>aut</strong></span> <span class='ocrx_word' id='word_1_240' title='bbox 499 3014 669 3079; x_wconf 91' lang='lat' dir='ltr'><strong>hominihus</strong></span> <span class='ocrx_word' id='word_1_241' title='bbox 684 3025 734 3080; x_wconf 89' lang='lat' dir='ltr'><strong>aut</strong></span> <span class='ocrx_word' id='word_1_242' title='bbox 747 3018 931 3101; x_wconf 88' lang='lat' dir='ltr'><strong>temporibus</strong></span> <span class='ocrx_word' id='word_1_243' title='bbox 945 3026 1039 3101; x_wconf 87' lang='lat' dir='ltr'><strong>aptae,</strong></span> <span class='ocrx_word' id='word_1_244' title='bbox 1055 3029 1085 3083; x_wconf 91' lang='lat' dir='ltr'><strong>et</strong></span> <span class='ocrx_word' id='word_1_245' title='bbox 1098 3021 1129 3083; x_wconf 92' lang='lat' dir='ltr'><strong>in</strong></span> <span class='ocrx_word' id='word_1_246' title='bbox 1150 3038 1256 3101; x_wconf 77' lang='lat' dir='ltr'><strong>magua</strong></span> <span class='ocrx_word' id='word_1_247' title='bbox 1269 3020 1365 3082; x_wconf 75' lang='lat' dir='ltr'><strong>rane·</strong></span> 
     </span>
     <span class='ocr_line' id='line_1_26' title="bbox 205 3115 1365 3204; baseline 0.004 -25"><span class='ocrx_word' id='word_1_248' title='bbox 205 3123 265 3181; x_wconf 88' lang='lat' dir='ltr'><strong>tate</strong></span> <span class='ocrx_word' id='word_1_249' title='bbox 278 3136 379 3181; x_wconf 90' lang='lat' dir='ltr'><strong>rerum</strong></span> <span class='ocrx_word' id='word_1_250' title='bbox 397 3126 486 3199; x_wconf 89' lang='lat' dir='ltr'><strong>atqua</strong></span> <span class='ocrx_word' id='word_1_251' title='bbox 506 3118 709 3184; x_wconf 90' lang='lat' dir='ltr'><strong>conditionum</strong></span> <span class='ocrx_word' id='word_1_252' title='bbox 728 3137 790 3184; x_wconf 93' lang='lat' dir='ltr'><strong>non</strong></span> <span class='ocrx_word' id='word_1_253' title='bbox 809 3139 877 3184; x_wconf 87' lang='lat' dir='ltr'><strong>raro</strong></span> <span class='ocrx_word' id='word_1_254' title='bbox 897 3122 1027 3186; x_wconf 89' lang='lat' dir='ltr'><strong>accidere</strong></span> <span class='ocrx_word' id='word_1_255' title='bbox 1048 3115 1155 3204; x_wconf 84' lang='lat' dir='ltr'><strong>possit,</strong></span> <span class='ocrx_word' id='word_1_256' title='bbox 1174 3129 1220 3198; x_wconf 93' lang='lat' dir='ltr'><strong>ut,</strong></span> <span class='ocrx_word' id='word_1_257' title='bbox 1240 3122 1320 3204; x_wconf 90' lang='lat' dir='ltr'><strong>quod</strong></span> <span class='ocrx_word' id='word_1_258' title='bbox 1333 3122 1365 3184; x_wconf 96' lang='lat' dir='ltr'><strong>in</strong></span> 
     </span>
     <span class='ocr_line' id='line_1_27' title="bbox 204 3220 1364 3304; baseline 0.004 -22"><span class='ocrx_word' id='word_1_259' title='bbox 204 3220 458 3302; x_wconf 76' lang='lat' dir='ltr'><strong>universumleges</strong></span> <span class='ocrx_word' id='word_1_260' title='bbox 465 3221 624 3293; x_wconf 84' lang='lat' dir='ltr'><strong>sanxerint,</strong></span> <span class='ocrx_word' id='word_1_261' title='bbox 641 3222 667 3283; x_wconf 94' lang='lat' dir='ltr'><strong>si</strong></span> <span class='ocrx_word' id='word_1_262' title='bbox 681 3221 712 3284; x_wconf 91' lang='lat' dir='ltr'><strong>in</strong></span> <span class='ocrx_word' id='word_1_263' title='bbox 721 3222 931 3304; x_wconf 77' lang='lat' dir='ltr'><strong>singulisnullo</strong></span> <span class='ocrx_word' id='word_1_264' title='bbox 944 3225 1112 3290; x_wconf 85' lang='lat' dir='ltr'><strong>discrimine</strong></span> <span class='ocrx_word' id='word_1_265' title='bbox 1122 3223 1303 3300; x_wconf 78' lang='lat' dir='ltr'><strong>adhibeatur,</strong></span> <span class='ocrx_word' id='word_1_266' title='bbox 1317 3226 1364 3287; x_wconf 90' lang='lat' dir='ltr'><strong>in-</strong></span> 
     </span>
     <span class='ocr_line' id='line_1_28' title="bbox 204 3302 1364 3409; baseline 0.004 -25"><span class='ocrx_word' id='word_1_267' title='bbox 204 3321 316 3385; x_wconf 90' lang='lat' dir='ltr'><strong>iustum</strong></span> <span class='ocrx_word' id='word_1_268' title='bbox 326 3302 531 3403; x_wconf 79' lang='lat' dir='ltr'><strong>potiusquam</strong></span> <span class='ocrx_word' id='word_1_269' title='bbox 545 3322 656 3385; x_wconf 79' lang='lat' dir='ltr'><strong>iustum</strong></span> <span class='ocrx_word' id='word_1_270' title='bbox 672 3324 784 3387; x_wconf 88' lang='lat' dir='ltr'><strong>conseri</strong></span> <span class='ocrx_word' id='word_1_271' title='bbox 798 3324 912 3401; x_wconf 89' lang='lat' dir='ltr'><strong>debeat,</strong></span> <span class='ocrx_word' id='word_1_272' title='bbox 926 3336 967 3404; x_wconf 88' lang='lat' dir='ltr'><strong>et,</strong></span> <span class='ocrx_word' id='word_1_273' title='bbox 982 3328 1062 3409; x_wconf 93' lang='lat' dir='ltr'><strong>quod</strong></span> <span class='ocrx_word' id='word_1_274' title='bbox 1082 3327 1114 3390; x_wconf 95' lang='lat' dir='ltr'><strong>in</strong></span> <span class='ocrx_word' id='word_1_275' title='bbox 1131 3328 1287 3408; x_wconf 71' lang='lat' dir='ltr'><strong>prolubio</strong></span> <span class='ocrx_word' id='word_1_276' title='bbox 1309 3334 1364 3402; x_wconf 85' lang='lat' dir='ltr'><strong>est,</strong></span> 
     </span>
     <span class='ocr_line' id='line_1_29' title="bbox 203 3423 1363 3511; baseline 0.005 -25"><span class='ocrx_word' id='word_1_277' title='bbox 203 3442 357 3486; x_wconf 83' lang='lat' dir='ltr'><strong>sumnmm</strong></span> <span class='ocrx_word' id='word_1_278' title='bbox 378 3423 425 3486; x_wconf 93' lang='lat' dir='ltr'><strong>ius</strong></span> <span class='ocrx_word' id='word_1_279' title='bbox 443 3424 615 3505; x_wconf 89' lang='lat' dir='ltr'><strong>saepissime</strong></span> <span class='ocrx_word' id='word_1_280' title='bbox 635 3441 752 3488; x_wconf 91' lang='lat' dir='ltr'><strong>summa</strong></span> <span class='ocrx_word' id='word_1_281' title='bbox 774 3426 880 3492; x_wconf 88' lang='lat' dir='ltr'><strong>iniuria</strong></span> <span class='ocrx_word' id='word_1_282' title='bbox 900 3429 959 3491; x_wconf 84' lang='lat' dir='ltr'><strong>flat</strong></span> <span class='ocrx_word' id='word_1_283' title='bbox 988 3430 1053 3492; x_wconf 87' lang='lat' dir='ltr'><strong>lloc</strong></span> <span class='ocrx_word' id='word_1_284' title='bbox 1073 3430 1161 3511; x_wconf 78' lang='lat' dir='ltr'><strong>igitur</strong></span> <span class='ocrx_word' id='word_1_285' title='bbox 1174 3431 1287 3494; x_wconf 89' lang='lat' dir='ltr'><strong>malum</strong></span> <span class='ocrx_word' id='word_1_286' title='bbox 1302 3447 1363 3493; x_wconf 91' lang='lat' dir='ltr'><strong>non</strong></span> 
     </span>
     <span class='ocr_line' id='line_1_30' title="bbox 203 3526 1363 3615; baseline 0.007 -27"><span class='ocrx_word' id='word_1_287' title='bbox 203 3526 363 3589; x_wconf 80' lang='lat' dir='ltr'><strong>verendum</strong></span> <span class='ocrx_word' id='word_1_288' title='bbox 377 3544 453 3601; x_wconf 89' lang='lat' dir='ltr'><strong>essa,</strong></span> <span class='ocrx_word' id='word_1_289' title='bbox 469 3527 495 3589; x_wconf 91' lang='lat' dir='ltr'><strong>si</strong></span> <span class='ocrx_word' id='word_1_290' title='bbox 508 3526 572 3589; x_wconf 84' lang='lat' dir='ltr'><strong>lieri</strong></span> <span class='ocrx_word' id='word_1_291' title='bbox 584 3528 689 3608; x_wconf 86' lang='lat' dir='ltr'><strong>possit,</strong></span> <span class='ocrx_word' id='word_1_292' title='bbox 704 3534 739 3589; x_wconf 88' lang='lat' dir='ltr'><strong>ut</strong></span> <span class='ocrx_word' id='word_1_293' title='bbox 751 3529 788 3591; x_wconf 88' lang='lat' dir='ltr'><strong>de</strong></span> <span class='ocrx_word' id='word_1_294' title='bbox 807 3530 930 3611; x_wconf 79' lang='lat' dir='ltr'><strong>singulis</strong></span> <span class='ocrx_word' id='word_1_295' title='bbox 949 3531 1095 3595; x_wconf 88' lang='lat' dir='ltr'><strong>iudicandi</strong></span> <span class='ocrx_word' id='word_1_296' title='bbox 1115 3540 1145 3593; x_wconf 90' lang='lat' dir='ltr'><strong>et</strong></span> <span class='ocrx_word' id='word_1_297' title='bbox 1165 3532 1235 3613; x_wconf 90' lang='lat' dir='ltr'><strong>quid</strong></span> <span class='ocrx_word' id='word_1_298' title='bbox 1256 3534 1363 3615; x_wconf 88' lang='lat' dir='ltr'><strong>cuique</strong></span> 
     </span>
     <span class='ocr_line' id='line_1_31' title="bbox 202 3628 1363 3716; baseline 0.007 -27"><span class='ocrx_word' id='word_1_299' title='bbox 202 3628 356 3690; x_wconf 84' lang='lat' dir='ltr'><strong>conveniat</strong></span> <span class='ocrx_word' id='word_1_300' title='bbox 368 3647 403 3692; x_wconf 89' lang='lat' dir='ltr'><strong>ac</strong></span> <span class='ocrx_word' id='word_1_301' title='bbox 415 3628 557 3692; x_wconf 87' lang='lat' dir='ltr'><strong>debeatur</strong></span> <span class='ocrx_word' id='word_1_302' title='bbox 571 3629 747 3693; x_wconf 86' lang='lat' dir='ltr'><strong>decernendi</strong></span> <span class='ocrx_word' id='word_1_303' title='bbox 760 3649 853 3713; x_wconf 89' lang='lat' dir='ltr'><strong>penes</strong></span> <span class='ocrx_word' id='word_1_304' title='bbox 865 3633 962 3696; x_wconf 87' lang='lat' dir='ltr'><strong>virum</strong></span> <span class='ocrx_word' id='word_1_305' title='bbox 976 3653 1044 3697; x_wconf 76' lang='lat' dir='ltr'><strong>rere</strong></span> <span class='ocrx_word' id='word_1_306' title='bbox 1057 3635 1171 3698; x_wconf 89' lang='lat' dir='ltr'><strong>iustum</strong></span> <span class='ocrx_word' id='word_1_307' title='bbox 1191 3652 1225 3697; x_wconf 89' lang='lat' dir='ltr'><strong>ac</strong></span> <span class='ocrx_word' id='word_1_308' title='bbox 1245 3635 1363 3716; x_wconf 88' lang='lat' dir='ltr'><strong>sapien·</strong></span> 
     </span>
     <span class='ocr_line' id='line_1_32' title="bbox 200 3731 1363 3815; baseline 0.008 -23"><span class='ocrx_word' id='word_1_309' title='bbox 200 3736 263 3792; x_wconf 89' lang='lat' dir='ltr'><strong>tem</strong></span> <span class='ocrx_word' id='word_1_310' title='bbox 277 3736 408 3811; x_wconf 87' lang='lat' dir='ltr'><strong>potestas</strong></span> <span class='ocrx_word' id='word_1_311' title='bbox 423 3731 480 3794; x_wconf 89' lang='lat' dir='ltr'><strong>sit¹</strong></span> <span class='ocrx_word' id='word_1_312' title='bbox 491 3733 531 3808; x_wconf 82' lang='grc'><strong>8).</strong></span> <span class='ocrx_word' id='word_1_313' title='bbox 568 3732 706 3796; x_wconf 85' lang='lat' dir='ltr'><strong>Ceterum</strong></span> <span class='ocrx_word' id='word_1_314' title='bbox 720 3735 947 3815; x_wconf 85' lang='lat' dir='ltr'><strong>haudquaquam</strong></span> <span class='ocrx_word' id='word_1_315' title='bbox 963 3735 1106 3800; x_wconf 72' lang='lat' dir='ltr'><strong>ddlltctrrr</strong></span> <span class='ocrx_word' id='word_1_316' title='bbox 1118 3734 1202 3800; x_wconf 90' lang='lat' dir='ltr'><strong>Plato</strong></span> <span class='ocrx_word' id='word_1_317' title='bbox 1218 3737 1306 3800; x_wconf 83' lang='lat' dir='ltr'><strong>talem</strong></span> <span class='ocrx_word' id='word_1_318' title='bbox 1319 3740 1363 3802; x_wconf 89' lang='lat' dir='ltr'><strong>rai</strong></span> 
     </span>
    </p>
   </div>
   <div class='ocr_carea' id='block_1_5' title="bbox 197 3946 1364 4538">
    <p class='ocr_par' dir='ltr' id='par_1_6' title="bbox 199 3946 1364 4198">
     <span class='ocr_line' id='line_1_33' title="bbox 269 3946 1364 4028; baseline 0.008 -25"><span class='ocrx_word' id='word_1_319' title='bbox 269 3953 311 4017; x_wconf 79' lang='lat'><strong>15)</strong></span> <span class='ocrx_word' id='word_1_320' title='bbox 328 3953 394 4012; x_wconf 72' lang='grc' dir='ltr'><strong>Πῶς</strong></span> <span class='ocrx_word' id='word_1_321' title='bbox 403 3946 535 4024; x_wconf 59' lang='lat' dir='ltr'><strong>cristinia</strong></span> <span class='ocrx_word' id='word_1_322' title='bbox 546 3950 562 4005; x_wconf 85' lang='grc' dir='ltr'><strong>ὁ</strong></span> <span class='ocrx_word' id='word_1_323' title='bbox 575 3949 659 4023; x_wconf 78' lang='grc' dir='ltr'><strong><em>λόγος</em></strong></span> <span class='ocrx_word' id='word_1_324' title='bbox 670 3951 759 4028; x_wconf 69' lang='grc' dir='ltr'><strong><em>ὀρθὸς</em></strong></span> <span class='ocrx_word' id='word_1_325' title='bbox 770 3958 902 4026; x_wconf 77' lang='grc' dir='ltr'><strong>φανεῖται</strong></span> <span class='ocrx_word' id='word_1_326' title='bbox 914 3957 962 4008; x_wconf 73' lang='grc' dir='ltr'><strong>καὶ</strong></span> <span class='ocrx_word' id='word_1_327' title='bbox 972 3950 1105 4026; x_wconf 75' lang='grc' dir='ltr'><strong>ἀκέραιος</strong></span> <span class='ocrx_word' id='word_1_328' title='bbox 1115 3955 1130 4010; x_wconf 88' lang='grc' dir='ltr'>ὁ</span> <span class='ocrx_word' id='word_1_329' title='bbox 1144 3958 1210 4028; x_wconf 74' lang='grc' dir='ltr'><strong>περὶ</strong></span> <span class='ocrx_word' id='word_1_330' title='bbox 1222 3960 1272 4011; x_wconf 82' lang='grc' dir='ltr'><strong>τοῦ</strong></span> <span class='ocrx_word' id='word_1_331' title='bbox 1283 3964 1364 4027; x_wconf 79' lang='grc' dir='ltr'><strong><em>βασι·</em></strong></span> 
     </span>
     <span class='ocr_line' id='line_1_34' title="bbox 199 4032 1364 4114; baseline 0.006 -25"><span class='ocrx_word' id='word_1_332' title='bbox 199 4038 275 4104; x_wconf 65' lang='lat' dir='ltr'><strong>lter,</strong></span> <span class='ocrx_word' id='word_1_333' title='bbox 287 4033 356 4093; x_wconf 74' lang='grc' dir='ltr'><strong>ὅταν</strong></span> <span class='ocrx_word' id='word_1_334' title='bbox 367 4032 456 4093; x_wconf 66' lang='grc' dir='ltr'><strong><em>αὐτὸν</em></strong></span> <span class='ocrx_word' id='word_1_335' title='bbox 467 4040 557 4108; x_wconf 73' lang='grc' dir='ltr'><em>νομέα</em></span> <span class='ocrx_word' id='word_1_336' title='bbox 569 4038 616 4090; x_wconf 80' lang='grc' dir='ltr'><strong>καὶ</strong></span> <span class='ocrx_word' id='word_1_337' title='bbox 627 4038 737 4111; x_wconf 77' lang='grc' dir='ltr'><strong><em>τροφὸν</em></strong></span> <span class='ocrx_word' id='word_1_338' title='bbox 747 4037 848 4110; x_wconf 72' lang='grc' dir='ltr'><strong><em>ἀγέλης</em></strong></span> <span class='ocrx_word' id='word_1_339' title='bbox 859 4037 1044 4112; x_wconf 69' lang='grc' dir='ltr'><strong>ἀνθρωπίνης</strong></span> <span class='ocrx_word' id='word_1_340' title='bbox 1054 4044 1154 4114; x_wconf 72' lang='grc' dir='ltr'><strong><em>θῶμεν</em></strong></span> <span class='ocrx_word' id='word_1_341' title='bbox 1169 4040 1263 4113; x_wconf 70' lang='grc' dir='ltr'>μόνον</span> <span class='ocrx_word' id='word_1_342' title='bbox 1274 4042 1364 4113; x_wconf 68' lang='lat' dir='ltr'><strong>inapt-</strong></span> 
     </span>
     <span class='ocr_line' id='line_1_35' title="bbox 201 4119 972 4198; baseline 0.004 -21"><span class='ocrx_word' id='word_1_343' title='bbox 201 4138 300 4183; x_wconf 74' lang='lat' dir='ltr'><strong>vomc</strong></span> <span class='ocrx_word' id='word_1_344' title='bbox 310 4128 422 4198; x_wconf 69' lang='grc' dir='ltr'><strong><em>μυρίων</em></strong></span> <span class='ocrx_word' id='word_1_345' title='bbox 433 4120 525 4178; x_wconf 68' lang='grc' dir='ltr'><strong><em>ἄλλων</em></strong></span> <span class='ocrx_word' id='word_1_346' title='bbox 536 4119 805 4196; x_wconf 67' lang='grc' dir='ltr'><strong>ἇμφισρητούντωνς</strong></span> <span class='ocrx_word' id='word_1_347' title='bbox 818 4127 877 4193; x_wconf 71' lang='lat' dir='ltr'><strong>Pas.</strong></span> <span class='ocrx_word' id='word_1_348' title='bbox 890 4128 940 4180; x_wconf 84' lang='grc'><strong>268</strong></span> <span class='ocrx_word' id='word_1_349' title='bbox 945 4129 972 4181; x_wconf 82' lang='grc' dir='ltr'><strong>Β.</strong></span> 
     </span>
    </p>

    <p class='ocr_par' dir='ltr' id='par_1_7' title="bbox 197 4203 1362 4447">
     <span class='ocr_line' id='line_1_36' title="bbox 267 4203 1362 4288; baseline 0.008 -29"><span class='ocrx_word' id='word_1_350' title='bbox 267 4208 309 4273; x_wconf 83' lang='grc'><strong>16)</strong></span> <span class='ocrx_word' id='word_1_351' title='bbox 321 4207 349 4260; x_wconf 83' lang='grc' dir='ltr'><strong>Ρ.</strong></span> <span class='ocrx_word' id='word_1_352' title='bbox 362 4209 410 4261; x_wconf 70' lang='lat'><strong>271</strong></span> <span class='ocrx_word' id='word_1_353' title='bbox 421 4209 465 4263; x_wconf 72' lang='lat' dir='ltr'><strong>u:</strong></span> <span class='ocrx_word' id='word_1_354' title='bbox 477 4203 545 4268; x_wconf 72' lang='grc' dir='ltr'><strong>θεὸς</strong></span> <span class='ocrx_word' id='word_1_355' title='bbox 557 4204 654 4279; x_wconf 70' lang='grc' dir='ltr'><strong><em>ἔνεμεν</em></strong></span> <span class='ocrx_word' id='word_1_356' title='bbox 665 4207 766 4271; x_wconf 72' lang='grc' dir='ltr'><em>αὐτοῦς</em></span> <span class='ocrx_word' id='word_1_357' title='bbox 777 4208 861 4272; x_wconf 76' lang='grc' dir='ltr'><strong><em>αὐτὸς</em></strong></span> <span class='ocrx_word' id='word_1_358' title='bbox 872 4209 1039 4283; x_wconf 74' lang='grc' dir='ltr'><strong><em>ἐπιστατῶν,</em></strong></span> <span class='ocrx_word' id='word_1_359' title='bbox 1051 4209 1183 4287; x_wconf 72' lang='grc' dir='ltr'><strong>καθάπερ</strong></span> <span class='ocrx_word' id='word_1_360' title='bbox 1191 4216 1243 4268; x_wconf 73' lang='grc' dir='ltr'><strong>νῦν</strong></span> <span class='ocrx_word' id='word_1_361' title='bbox 1251 4210 1362 4288; x_wconf 71' lang='lat' dir='ltr'><strong>deope-</strong></span> 
     </span>
     <span class='ocr_line' id='line_1_37' title="bbox 198 4289 1355 4372; baseline 0.013 -30"><span class='ocrx_word' id='word_1_362' title='bbox 198 4308 259 4357; x_wconf 76' lang='grc' dir='ltr'><em>ποι,</em></span> <span class='ocrx_word' id='word_1_363' title='bbox 271 4292 343 4353; x_wconf 71' lang='grc' dir='ltr'><strong>ζῶον</strong></span> <span class='ocrx_word' id='word_1_364' title='bbox 355 4292 390 4349; x_wconf 77' lang='grc' dir='ltr'><strong>δν</strong></span> <span class='ocrx_word' id='word_1_365' title='bbox 401 4291 496 4366; x_wconf 73' lang='grc' dir='ltr'><strong><em>ἕτερον</em></strong></span> <span class='ocrx_word' id='word_1_366' title='bbox 513 4290 668 4367; x_wconf 73' lang='grc' dir='ltr'><strong><em>θειότερον,</em></strong></span> <span class='ocrx_word' id='word_1_367' title='bbox 685 4289 758 4347; x_wconf 69' lang='grc' dir='ltr'><strong>ἄλλα</strong></span> <span class='ocrx_word' id='word_1_368' title='bbox 773 4297 840 4365; x_wconf 74' lang='grc' dir='ltr'><strong>γένη</strong></span> <span class='ocrx_word' id='word_1_369' title='bbox 857 4294 1018 4369; x_wconf 73' lang='grc' dir='ltr'><strong><em>φαυλότερα</em></strong></span> <span class='ocrx_word' id='word_1_370' title='bbox 1034 4297 1127 4355; x_wconf 76' lang='lat' dir='ltr'><strong>edacis</strong></span> <span class='ocrx_word' id='word_1_371' title='bbox 1141 4297 1296 4372; x_wconf 68' lang='lat' dir='ltr'><strong>capacem</strong></span> <span class='ocrx_word' id='word_1_372' title='bbox 1317 4300 1355 4357; x_wconf 80' lang='lat' dir='ltr'><strong>Gi.</strong></span> 
     </span>
     <span class='ocr_line' id='line_1_38' title="bbox 197 4376 514 4447; baseline 0.019 -20"><span class='ocrx_word' id='word_1_373' title='bbox 197 4376 289 4442; x_wconf 72' lang='lat' dir='ltr'><strong>opusc.</strong></span> <span class='ocrx_word' id='word_1_374' title='bbox 302 4379 373 4431; x_wconf 78' lang='lat' dir='ltr'><strong>acad.</strong></span> <span class='ocrx_word' id='word_1_375' title='bbox 385 4377 441 4447; x_wconf 81' lang='lat' dir='ltr'><strong>[lp.</strong></span> <span class='ocrx_word' id='word_1_376' title='bbox 454 4380 514 4434; x_wconf 74' lang='lat'><strong>273.</strong></span> 
     </span>
    </p>

    <p class='ocr_par' dir='ltr' id='par_1_8' title="bbox 266 4463 1188 4538">
     <span class='ocr_line' id='line_1_39' title="bbox 266 4463 1188 4538; baseline 0.009 -24"><span class='ocrx_word' id='word_1_377' title='bbox 266 4463 307 4527; x_wconf 87' lang='lat' dir='ltr'><strong>t&#39;l)</strong></span> <span class='ocrx_word' id='word_1_378' title='bbox 319 4463 347 4516; x_wconf 88' lang='lat' dir='ltr'><strong>P.</strong></span> <span class='ocrx_word' id='word_1_379' title='bbox 359 4464 418 4517; x_wconf 79' lang='lat'><strong>2⁷5.</strong></span> <span class='ocrx_word' id='word_1_380' title='bbox 432 4466 458 4517; x_wconf 76' lang='lat' dir='ltr'><strong>fl.</strong></span> <span class='ocrx_word' id='word_1_381' title='bbox 472 4466 499 4518; x_wconf 83' lang='lat' dir='ltr'><strong>G.</strong></span> <span class='ocrx_word' id='word_1_382' title='bbox 757 4467 798 4535; x_wconf 81' lang='grc'><strong>18)</strong></span> <span class='ocrx_word' id='word_1_383' title='bbox 810 4467 838 4521; x_wconf 83' lang='lat' dir='ltr'><strong>P.</strong></span> <span class='ocrx_word' id='word_1_384' title='bbox 852 4467 902 4520; x_wconf 77' lang='lat'><strong>294</strong></span> <span class='ocrx_word' id='word_1_385' title='bbox 913 4468 944 4521; x_wconf 80' lang='grc' dir='ltr'><strong>Α.</strong></span> <span class='ocrx_word' id='word_1_386' title='bbox 958 4484 1011 4538; x_wconf 78' lang='lat' dir='ltr'><strong>sqq.</strong></span> <span class='ocrx_word' id='word_1_387' title='bbox 1023 4470 1074 4522; x_wconf 77' lang='lat'><strong>296</strong></span> <span class='ocrx_word' id='word_1_388' title='bbox 1085 4471 1116 4524; x_wconf 79' lang='lat' dir='ltr'><strong>ll.</strong></span> <span class='ocrx_word' id='word_1_389' title='bbox 1128 4470 1188 4523; x_wconf 76' lang='lat'><strong>29¹1.</strong></span> 
     </span>
    </p>
   </div>
   <div class='ocr_carea' id='block_1_6' title="bbox 0 0 1650 5142">
    <p class='ocr_par' dir='ltr' id='par_1_9' title="bbox 0 0 1650 5142">
     <span class='ocr_line' id='line_1_40' title="bbox 0 0 1650 5142; baseline 0 4"><span class='ocrx_word' id='word_1_390' title='bbox 0 0 1650 5142; x_wconf 95' lang='lat' dir='ltr'><strong> </strong></span> 
     </span>
    </p>
   </div>
  </div>
 </body>
</html>
