<?xml version="1.0" encoding="UTF-8"?>
<!DOCTYPE html PUBLIC "-//W3C//DTD XHTML 1.0 Transitional//EN"
    "http://www.w3.org/TR/xhtml1/DTD/xhtml1-transitional.dtd">
<html xmlns="http://www.w3.org/1999/xhtml" xml:lang="en" lang="en">
 <head>
  <title>
</title>
<meta http-equiv="Content-Type" content="text/html;charset=utf-8" />
  <meta name='ocr-system' content='tesseract 3.04.00' />
  <meta name='ocr-capabilities' content='ocr_page ocr_carea ocr_par ocr_line ocrx_word'/>
</head>
<body>
  <div class='ocr_page' id='page_1' title='image "./opusculaacademi00schogoog_0475.png"; bbox 0 0 3266 5140; ppageno 0'>
   <div class='ocr_carea' id='block_1_1' title="bbox 826 427 887 489">
    <p class='ocr_par' dir='ltr' id='par_1_1' title="bbox 826 427 887 489">
     <span class='ocr_line' id='line_1_1' title="bbox 826 427 887 489; baseline -0.033 0"><span class='ocrx_word' id='word_1_1' title='bbox 826 427 887 489; x_wconf 79' lang='lat' dir='ltr'><strong>tua</strong></span> 
     </span>
    </p>
   </div>
   <div class='ocr_carea' id='block_1_2' title="bbox 228 609 1483 4478">
    <p class='ocr_par' dir='ltr' id='par_1_2' title="bbox 275 609 1483 2638">
     <span class='ocr_line' id='line_1_2' title="bbox 281 609 1435 691; baseline -0.001 -19"><span class='ocrx_word' id='word_1_2' title='bbox 281 610 377 673; x_wconf 89' lang='lat' dir='ltr'><strong>silium</strong></span> <span class='ocrx_word' id='word_1_3' title='bbox 392 610 630 691; x_wconf 78' lang='lat' dir='ltr'><strong>prudentissimis</strong></span> <span class='ocrx_word' id='word_1_4' title='bbox 645 609 787 690; x_wconf 87' lang='lat' dir='ltr'><strong>cuiusque</strong></span> <span class='ocrx_word' id='word_1_5' title='bbox 801 610 967 691; x_wconf 88' lang='lat' dir='ltr'><strong>provinciae</strong></span> <span class='ocrx_word' id='word_1_6' title='bbox 981 609 1060 683; x_wconf 85' lang='lat' dir='ltr'><strong>viris,</strong></span> <span class='ocrx_word' id='word_1_7' title='bbox 1076 627 1196 672; x_wconf 85' lang='lat' dir='ltr'><strong>omnem</strong></span> <span class='ocrx_word' id='word_1_8' title='bbox 1210 618 1240 674; x_wconf 91' lang='lat' dir='ltr'><strong>et</strong></span> <span class='ocrx_word' id='word_1_9' title='bbox 1254 617 1435 690; x_wconf 81' lang='lat' dir='ltr'><strong>sumptuum,</strong></span> 
     </span>
     <span class='ocr_line' id='line_1_3' title="bbox 281 711 1437 793; baseline 0.001 -19"><span class='ocrx_word' id='word_1_10' title='bbox 281 731 355 793; x_wconf 87' lang='lat' dir='ltr'><strong>quos</strong></span> <span class='ocrx_word' id='word_1_11' title='bbox 370 713 413 774; x_wconf 91' lang='lat' dir='ltr'><strong>rei</strong></span> <span class='ocrx_word' id='word_1_12' title='bbox 427 713 559 793; x_wconf 91' lang='lat' dir='ltr'><strong>publicae</strong></span> <span class='ocrx_word' id='word_1_13' title='bbox 573 712 784 776; x_wconf 77' lang='lat' dir='ltr'><strong>administratio</strong></span> <span class='ocrx_word' id='word_1_14' title='bbox 799 711 973 793; x_wconf 89' lang='lat' dir='ltr'><strong>requireret,</strong></span> <span class='ocrx_word' id='word_1_15' title='bbox 993 720 1022 774; x_wconf 90' lang='lat' dir='ltr'><strong>et</strong></span> <span class='ocrx_word' id='word_1_16' title='bbox 1036 711 1197 786; x_wconf 82' lang='lat' dir='ltr'><strong>redituum,</strong></span> <span class='ocrx_word' id='word_1_17' title='bbox 1217 713 1267 793; x_wconf 84' lang='lat' dir='ltr'><strong>qui</strong></span> <span class='ocrx_word' id='word_1_18' title='bbox 1280 712 1388 793; x_wconf 89' lang='lat' dir='ltr'><strong>ubique</strong></span> <span class='ocrx_word' id='word_1_19' title='bbox 1402 731 1437 775; x_wconf 85' lang='lat' dir='ltr'><strong>ex</strong></span> 
     </span>
     <span class='ocr_line' id='line_1_4' title="bbox 280 814 1437 897; baseline 0.001 -21"><span class='ocrx_word' id='word_1_20' title='bbox 280 816 478 895; x_wconf 84' lang='lat' dir='ltr'><strong>vectigalibus,</strong></span> <span class='ocrx_word' id='word_1_21' title='bbox 497 816 651 897; x_wconf 87' lang='lat' dir='ltr'><strong>portoriis,</strong></span> <span class='ocrx_word' id='word_1_22' title='bbox 670 814 786 878; x_wconf 89' lang='lat' dir='ltr'><strong>tributis</strong></span> <span class='ocrx_word' id='word_1_23' title='bbox 800 814 980 896; x_wconf 87' lang='lat' dir='ltr'><strong>percipiendi</strong></span> <span class='ocrx_word' id='word_1_24' title='bbox 995 824 1107 891; x_wconf 88' lang='lat' dir='ltr'><strong>essent,</strong></span> <span class='ocrx_word' id='word_1_25' title='bbox 1122 815 1267 877; x_wconf 90' lang='lat' dir='ltr'><strong>rationem</strong></span> <span class='ocrx_word' id='word_1_26' title='bbox 1282 816 1437 878; x_wconf 87' lang='lat' dir='ltr'><strong>commode</strong></span> 
     </span>
     <span class='ocr_line' id='line_1_5' title="bbox 280 917 1435 1000; baseline 0.001 -19"><span class='ocrx_word' id='word_1_27' title='bbox 280 918 457 998; x_wconf 82' lang='lat' dir='ltr'><strong>composuit,</strong></span> <span class='ocrx_word' id='word_1_28' title='bbox 472 919 565 1000; x_wconf 85' lang='lat' dir='ltr'><strong>iisque</strong></span> <span class='ocrx_word' id='word_1_29' title='bbox 580 917 748 999; x_wconf 78' lang='lat' dir='ltr'><strong>colligendis</strong></span> <span class='ocrx_word' id='word_1_30' title='bbox 762 917 885 980; x_wconf 90' lang='lat' dir='ltr'><strong>idoneos</strong></span> <span class='ocrx_word' id='word_1_31' title='bbox 900 917 1027 980; x_wconf 84' lang='lat' dir='ltr'><strong>maxime</strong></span> <span class='ocrx_word' id='word_1_32' title='bbox 1037 917 1115 980; x_wconf 85' lang='lat' dir='ltr'><strong>viros</strong></span> <span class='ocrx_word' id='word_1_33' title='bbox 1127 918 1273 999; x_wconf 83' lang='lat' dir='ltr'><strong>praefecit,</strong></span> <span class='ocrx_word' id='word_1_34' title='bbox 1289 927 1375 1000; x_wconf 85' lang='lat' dir='ltr'><strong>atque</strong></span> <span class='ocrx_word' id='word_1_35' title='bbox 1386 920 1435 993; x_wconf 84' lang='lat' dir='ltr'><strong>ita,</strong></span> 
     </span>
     <span class='ocr_line' id='line_1_6' title="bbox 280 1020 1435 1103; baseline 0 -20"><span class='ocrx_word' id='word_1_36' title='bbox 280 1040 348 1083; x_wconf 91' lang='lat' dir='ltr'><strong>cum</strong></span> <span class='ocrx_word' id='word_1_37' title='bbox 362 1021 487 1083; x_wconf 87' lang='lat' dir='ltr'><strong>neminis</strong></span> <span class='ocrx_word' id='word_1_38' title='bbox 503 1021 615 1094; x_wconf 87' lang='lat' dir='ltr'><strong>iniuria,</strong></span> <span class='ocrx_word' id='word_1_39' title='bbox 632 1039 727 1102; x_wconf 89' lang='lat' dir='ltr'><strong>neque</strong></span> <span class='ocrx_word' id='word_1_40' title='bbox 740 1021 858 1103; x_wconf 85' lang='lat' dir='ltr'><strong>exigens</strong></span> <span class='ocrx_word' id='word_1_41' title='bbox 873 1041 889 1083; x_wconf 92' lang='lat' dir='ltr'><strong>a</strong></span> <span class='ocrx_word' id='word_1_42' title='bbox 904 1038 1063 1101; x_wconf 88' lang='lat' dir='ltr'><strong>quoquam,</strong></span> <span class='ocrx_word' id='word_1_43' title='bbox 1078 1021 1157 1100; x_wconf 88' lang='lat' dir='ltr'><strong>quod</strong></span> <span class='ocrx_word' id='word_1_44' title='bbox 1172 1038 1234 1084; x_wconf 93' lang='lat' dir='ltr'><strong>non</strong></span> <span class='ocrx_word' id='word_1_45' title='bbox 1249 1020 1347 1084; x_wconf 87' lang='lat' dir='ltr'><strong>deberi</strong></span> <span class='ocrx_word' id='word_1_46' title='bbox 1362 1039 1435 1085; x_wconf 90' lang='lat' dir='ltr'><strong>oon·</strong></span> 
     </span>
     <span class='ocr_line' id='line_1_7' title="bbox 279 1122 1435 1204; baseline 0.001 -19"><span class='ocrx_word' id='word_1_47' title='bbox 279 1131 378 1199; x_wconf 91' lang='lat' dir='ltr'><strong>staret,</strong></span> <span class='ocrx_word' id='word_1_48' title='bbox 394 1133 424 1186; x_wconf 89' lang='lat' dir='ltr'><strong>et</strong></span> <span class='ocrx_word' id='word_1_49' title='bbox 438 1125 527 1187; x_wconf 87' lang='lat' dir='ltr'><strong>multa</strong></span> <span class='ocrx_word' id='word_1_50' title='bbox 542 1124 627 1186; x_wconf 89' lang='lat' dir='ltr'><strong>etiam</strong></span> <span class='ocrx_word' id='word_1_51' title='bbox 642 1124 797 1186; x_wconf 82' lang='lat' dir='ltr'><strong>liberaliter</strong></span> <span class='ocrx_word' id='word_1_52' title='bbox 811 1122 976 1197; x_wconf 89' lang='lat' dir='ltr'><strong>remittens,</strong></span> <span class='ocrx_word' id='word_1_53' title='bbox 990 1130 1104 1185; x_wconf 92' lang='lat' dir='ltr'><strong>tantum</strong></span> <span class='ocrx_word' id='word_1_54' title='bbox 1120 1124 1223 1198; x_wconf 81' lang='lat' dir='ltr'><strong>ellecit,</strong></span> <span class='ocrx_word' id='word_1_55' title='bbox 1238 1133 1272 1186; x_wconf 93' lang='lat' dir='ltr'><strong>ut</strong></span> <span class='ocrx_word' id='word_1_56' title='bbox 1284 1141 1379 1204; x_wconf 73' lang='lat' dir='ltr'><strong>nepae</strong></span> <span class='ocrx_word' id='word_1_57' title='bbox 1393 1124 1435 1186; x_wconf 93' lang='lat' dir='ltr'><strong>ci·</strong></span> 
     </span>
     <span class='ocr_line' id='line_1_8' title="bbox 279 1225 1434 1308; baseline 0.002 -21"><span class='ocrx_word' id='word_1_58' title='bbox 279 1246 327 1289; x_wconf 88' lang='lat' dir='ltr'><strong>res</strong></span> <span class='ocrx_word' id='word_1_59' title='bbox 343 1245 472 1308; x_wconf 85' lang='lat' dir='ltr'><strong>unquam</strong></span> <span class='ocrx_word' id='word_1_60' title='bbox 492 1227 628 1289; x_wconf 91' lang='lat' dir='ltr'><strong>libentius</strong></span> <span class='ocrx_word' id='word_1_61' title='bbox 644 1235 673 1289; x_wconf 90' lang='lat' dir='ltr'><strong>et</strong></span> <span class='ocrx_word' id='word_1_62' title='bbox 687 1225 802 1288; x_wconf 86' lang='lat' dir='ltr'><strong>minore</strong></span> <span class='ocrx_word' id='word_1_63' title='bbox 817 1244 883 1287; x_wconf 90' lang='lat' dir='ltr'><strong>cum</strong></span> <span class='ocrx_word' id='word_1_64' title='bbox 898 1225 1031 1288; x_wconf 89' lang='lat' dir='ltr'><strong>molestia</strong></span> <span class='ocrx_word' id='word_1_65' title='bbox 1046 1228 1227 1301; x_wconf 85' lang='lat' dir='ltr'><strong>conterrent,</strong></span> <span class='ocrx_word' id='word_1_66' title='bbox 1241 1244 1337 1307; x_wconf 81' lang='lat' dir='ltr'><strong>neque</strong></span> <span class='ocrx_word' id='word_1_67' title='bbox 1351 1226 1434 1308; x_wconf 75' lang='lat' dir='ltr'><strong>pirin-</strong></span> 
     </span>
     <span class='ocr_line' id='line_1_9' title="bbox 279 1328 1435 1411; baseline 0 -20"><span class='ocrx_word' id='word_1_68' title='bbox 279 1348 348 1411; x_wconf 89' lang='lat' dir='ltr'><strong>ceps</strong></span> <span class='ocrx_word' id='word_1_69' title='bbox 373 1329 452 1392; x_wconf 90' lang='lat' dir='ltr'><strong>ullus</strong></span> <span class='ocrx_word' id='word_1_70' title='bbox 472 1329 519 1392; x_wconf 86' lang='lat' dir='ltr'><strong>illa</strong></span> <span class='ocrx_word' id='word_1_71' title='bbox 539 1337 723 1410; x_wconf 82' lang='lat' dir='ltr'><strong>tempestate,</strong></span> <span class='ocrx_word' id='word_1_72' title='bbox 749 1346 804 1409; x_wconf 92' lang='lat' dir='ltr'><strong>pro</strong></span> <span class='ocrx_word' id='word_1_73' title='bbox 824 1346 962 1391; x_wconf 89' lang='lat' dir='ltr'><strong>mensura</strong></span> <span class='ocrx_word' id='word_1_74' title='bbox 981 1328 1100 1409; x_wconf 81' lang='lat' dir='ltr'><strong>quidem</strong></span> <span class='ocrx_word' id='word_1_75' title='bbox 1115 1330 1243 1410; x_wconf 87' lang='lat' dir='ltr'><strong>imperii,</strong></span> <span class='ocrx_word' id='word_1_76' title='bbox 1269 1330 1435 1409; x_wconf 91' lang='lat' dir='ltr'><strong>opulentior</strong></span> 
     </span>
     <span class='ocr_line' id='line_1_10' title="bbox 278 1430 1434 1511; baseline 0.001 -20"><span class='ocrx_word' id='word_1_77' title='bbox 278 1431 441 1495; x_wconf 81' lang='lat' dir='ltr'><strong>haberetur.</strong></span> <span class='ocrx_word' id='word_1_78' title='bbox 486 1432 538 1495; x_wconf 88' lang='lat' dir='ltr'><strong>His</strong></span> <span class='ocrx_word' id='word_1_79' title='bbox 565 1440 663 1494; x_wconf 90' lang='lat' dir='ltr'><strong>autem</strong></span> <span class='ocrx_word' id='word_1_80' title='bbox 683 1430 789 1511; x_wconf 89' lang='lat' dir='ltr'><strong>opibus</strong></span> <span class='ocrx_word' id='word_1_81' title='bbox 808 1448 869 1492; x_wconf 90' lang='lat' dir='ltr'><strong>non</strong></span> <span class='ocrx_word' id='word_1_82' title='bbox 889 1431 924 1492; x_wconf 92' lang='lat' dir='ltr'><strong>ad</strong></span> <span class='ocrx_word' id='word_1_83' title='bbox 944 1432 1051 1493; x_wconf 91' lang='lat' dir='ltr'><strong>lastum</strong></span> <span class='ocrx_word' id='word_1_84' title='bbox 1072 1441 1100 1493; x_wconf 90' lang='lat' dir='ltr'><strong>et</strong></span> <span class='ocrx_word' id='word_1_85' title='bbox 1118 1433 1356 1507; x_wconf 85' lang='lat' dir='ltr'><strong>ostentationem,</strong></span> <span class='ocrx_word' id='word_1_86' title='bbox 1381 1433 1434 1493; x_wconf 93' lang='lat' dir='ltr'><strong>sed</strong></span> 
     </span>
     <span class='ocr_line' id='line_1_11' title="bbox 279 1532 1434 1615; baseline 0.003 -21"><span class='ocrx_word' id='word_1_87' title='bbox 279 1551 394 1596; x_wconf 87' lang='lat' dir='ltr'><strong>summa</strong></span> <span class='ocrx_word' id='word_1_88' title='bbox 409 1552 475 1596; x_wconf 90' lang='lat' dir='ltr'><strong>cum</strong></span> <span class='ocrx_word' id='word_1_89' title='bbox 493 1534 634 1615; x_wconf 87' lang='lat' dir='ltr'><strong>sapientia</strong></span> <span class='ocrx_word' id='word_1_90' title='bbox 649 1534 685 1595; x_wconf 91' lang='lat' dir='ltr'><strong>ad</strong></span> <span class='ocrx_word' id='word_1_91' title='bbox 700 1533 742 1596; x_wconf 91' lang='lat' dir='ltr'><strong>rei</strong></span> <span class='ocrx_word' id='word_1_92' title='bbox 757 1532 888 1614; x_wconf 89' lang='lat' dir='ltr'><strong>publicae</strong></span> <span class='ocrx_word' id='word_1_93' title='bbox 903 1534 1092 1598; x_wconf 88' lang='lat' dir='ltr'><strong>commodum</strong></span> <span class='ocrx_word' id='word_1_94' title='bbox 1107 1534 1251 1597; x_wconf 87' lang='lat' dir='ltr'><strong>utebatur.</strong></span> <span class='ocrx_word' id='word_1_95' title='bbox 1294 1533 1434 1597; x_wconf 88' lang='lat' dir='ltr'><strong>Liberali-</strong></span> 
     </span>
     <span class='ocr_line' id='line_1_12' title="bbox 277 1634 1433 1718; baseline 0.002 -22"><span class='ocrx_word' id='word_1_96' title='bbox 277 1634 333 1697; x_wconf 85' lang='lat' dir='ltr'><strong>bus</strong></span> <span class='ocrx_word' id='word_1_97' title='bbox 350 1636 495 1718; x_wconf 90' lang='lat' dir='ltr'><strong>imprimis</strong></span> <span class='ocrx_word' id='word_1_98' title='bbox 510 1656 544 1699; x_wconf 90' lang='lat' dir='ltr'><strong>ac</strong></span> <span class='ocrx_word' id='word_1_99' title='bbox 557 1636 717 1717; x_wconf 85' lang='lat' dir='ltr'><strong>splendidis</strong></span> <span class='ocrx_word' id='word_1_100' title='bbox 733 1635 871 1715; x_wconf 88' lang='lat' dir='ltr'><strong>praemiis</strong></span> <span class='ocrx_word' id='word_1_101' title='bbox 883 1637 997 1699; x_wconf 86' lang='lat' dir='ltr'><strong>allicere</strong></span> <span class='ocrx_word' id='word_1_102' title='bbox 1008 1638 1120 1699; x_wconf 88' lang='lat' dir='ltr'><strong>solebat</strong></span> <span class='ocrx_word' id='word_1_103' title='bbox 1130 1657 1191 1712; x_wconf 87' lang='lat' dir='ltr'><strong>eos,</strong></span> <span class='ocrx_word' id='word_1_104' title='bbox 1204 1656 1331 1718; x_wconf 84' lang='lat' dir='ltr'><strong>quorum</strong></span> <span class='ocrx_word' id='word_1_105' title='bbox 1343 1655 1433 1717; x_wconf 90' lang='lat' dir='ltr'><strong>opera</strong></span> 
     </span>
     <span class='ocr_line' id='line_1_13' title="bbox 278 1738 1483 1820; baseline 0.002 -21"><span class='ocrx_word' id='word_1_106' title='bbox 278 1747 307 1800; x_wconf 92' lang='lat' dir='ltr'><strong>et</strong></span> <span class='ocrx_word' id='word_1_107' title='bbox 331 1739 460 1801; x_wconf 88' lang='lat' dir='ltr'><strong>consiliis</strong></span> <span class='ocrx_word' id='word_1_108' title='bbox 485 1739 516 1800; x_wconf 92' lang='lat' dir='ltr'><strong>in</strong></span> <span class='ocrx_word' id='word_1_109' title='bbox 536 1739 765 1801; x_wconf 88' lang='lat' dir='ltr'><strong>administranda</strong></span> <span class='ocrx_word' id='word_1_110' title='bbox 785 1757 818 1799; x_wconf 93' lang='lat' dir='ltr'><strong>re</strong></span> <span class='ocrx_word' id='word_1_111' title='bbox 836 1738 949 1818; x_wconf 80' lang='lat' dir='ltr'><strong>publiea</strong></span> <span class='ocrx_word' id='word_1_112' title='bbox 964 1740 1158 1815; x_wconf 79' lang='lat' dir='ltr'><strong>adimeretur,</strong></span> <span class='ocrx_word' id='word_1_113' title='bbox 1181 1759 1257 1820; x_wconf 85' lang='lat' dir='ltr'><strong>quos</strong></span> <span class='ocrx_word' id='word_1_114' title='bbox 1271 1739 1432 1820; x_wconf 89' lang='lat' dir='ltr'><strong>prudentia,</strong></span> <span class='ocrx_word' id='word_1_115' title='bbox 1478 1772 1483 1781; x_wconf 94' lang='lat'>·</span> 
     </span>
     <span class='ocr_line' id='line_1_14' title="bbox 277 1840 1432 1922; baseline 0.003 -21"><span class='ocrx_word' id='word_1_116' title='bbox 277 1858 376 1903; x_wconf 88' lang='lat' dir='ltr'><strong>rerum</strong></span> <span class='ocrx_word' id='word_1_117' title='bbox 390 1860 461 1913; x_wconf 90' lang='lat' dir='ltr'><strong>usu,</strong></span> <span class='ocrx_word' id='word_1_118' title='bbox 477 1860 593 1903; x_wconf 90' lang='lat' dir='ltr'><strong>morum</strong></span> <span class='ocrx_word' id='word_1_119' title='bbox 608 1840 753 1922; x_wconf 85' lang='lat' dir='ltr'><strong>probitate</strong></span> <span class='ocrx_word' id='word_1_120' title='bbox 768 1841 913 1921; x_wconf 88' lang='lat' dir='ltr'><strong>insignes,</strong></span> <span class='ocrx_word' id='word_1_121' title='bbox 928 1862 964 1904; x_wconf 80' lang='lat' dir='ltr'><strong>ex</strong></span> <span class='ocrx_word' id='word_1_122' title='bbox 979 1843 1061 1905; x_wconf 89' lang='lat' dir='ltr'><strong>omni</strong></span> <span class='ocrx_word' id='word_1_123' title='bbox 1075 1842 1248 1906; x_wconf 85' lang='lat' dir='ltr'><strong>Pomerania</strong></span> <span class='ocrx_word' id='word_1_124' title='bbox 1262 1842 1299 1905; x_wconf 91' lang='lat' dir='ltr'><strong>ad</strong></span> <span class='ocrx_word' id='word_1_125' title='bbox 1315 1862 1348 1905; x_wconf 89' lang='lat' dir='ltr'><strong>se</strong></span> <span class='ocrx_word' id='word_1_126' title='bbox 1361 1860 1432 1904; x_wconf 86' lang='lat' dir='ltr'><strong>evo·</strong></span> 
     </span>
     <span class='ocr_line' id='line_1_15' title="bbox 278 1943 1432 2026; baseline 0.001 -21"><span class='ocrx_word' id='word_1_127' title='bbox 278 1952 359 2005; x_wconf 89' lang='lat' dir='ltr'><strong>catos</strong></span> <span class='ocrx_word' id='word_1_128' title='bbox 381 1943 518 2017; x_wconf 89' lang='lat' dir='ltr'><strong>babebat,</strong></span> <span class='ocrx_word' id='word_1_129' title='bbox 547 1953 578 2006; x_wconf 92' lang='lat' dir='ltr'><strong>ut</strong></span> <span class='ocrx_word' id='word_1_130' title='bbox 595 1962 684 2007; x_wconf 90' lang='lat' dir='ltr'><strong>nemo</strong></span> <span class='ocrx_word' id='word_1_131' title='bbox 704 1962 799 2024; x_wconf 87' lang='lat' dir='ltr'><strong>neque</strong></span> <span class='ocrx_word' id='word_1_132' title='bbox 818 1945 1052 2025; x_wconf 91' lang='lat' dir='ltr'><strong>promptioribus</strong></span> <span class='ocrx_word' id='word_1_133' title='bbox 1070 1962 1165 2026; x_wconf 86' lang='lat' dir='ltr'><strong>neque</strong></span> <span class='ocrx_word' id='word_1_134' title='bbox 1184 1944 1355 2007; x_wconf 91' lang='lat' dir='ltr'><strong>melioribus</strong></span> <span class='ocrx_word' id='word_1_135' title='bbox 1374 1944 1432 2006; x_wconf 90' lang='lat' dir='ltr'><strong>mi·</strong></span> 
     </span>
     <span class='ocr_line' id='line_1_16' title="bbox 277 2045 1431 2110; baseline 0.002 -4"><span class='ocrx_word' id='word_1_136' title='bbox 277 2045 379 2108; x_wconf 92' lang='lat' dir='ltr'><strong>nistris</strong></span> <span class='ocrx_word' id='word_1_137' title='bbox 414 2055 553 2109; x_wconf 84' lang='lat' dir='ltr'><strong>uteretur.</strong></span> <span class='ocrx_word' id='word_1_138' title='bbox 604 2046 642 2107; x_wconf 89' lang='lat' dir='ltr'><strong>Et</strong></span> <span class='ocrx_word' id='word_1_139' title='bbox 666 2054 727 2109; x_wconf 90' lang='lat' dir='ltr'><strong>erat</strong></span> <span class='ocrx_word' id='word_1_140' title='bbox 752 2045 782 2107; x_wconf 95' lang='lat' dir='ltr'><strong>in</strong></span> <span class='ocrx_word' id='word_1_141' title='bbox 808 2046 866 2108; x_wconf 93' lang='lat' dir='ltr'><strong>boc</strong></span> <span class='ocrx_word' id='word_1_142' title='bbox 890 2046 1094 2109; x_wconf 89' lang='lat' dir='ltr'><strong>ministrorum</strong></span> <span class='ocrx_word' id='word_1_143' title='bbox 1119 2047 1231 2110; x_wconf 89' lang='lat' dir='ltr'><strong>delectu</strong></span> <span class='ocrx_word' id='word_1_144' title='bbox 1256 2046 1431 2109; x_wconf 84' lang='lat' dir='ltr'><strong>admirabilis</strong></span> 
     </span>
     <span class='ocr_line' id='line_1_17' title="bbox 278 2146 1431 2230; baseline 0.003 -23"><span class='ocrx_word' id='word_1_145' title='bbox 278 2146 404 2227; x_wconf 86' lang='lat' dir='ltr'><strong>Bogislai</strong></span> <span class='ocrx_word' id='word_1_146' title='bbox 419 2149 568 2227; x_wconf 82' lang='lat' dir='ltr'><strong>sagacitas,</strong></span> <span class='ocrx_word' id='word_1_147' title='bbox 582 2167 657 2228; x_wconf 84' lang='lat' dir='ltr'><strong>quae</strong></span> <span class='ocrx_word' id='word_1_148' title='bbox 670 2165 742 2210; x_wconf 87' lang='lat' dir='ltr'><strong>sane</strong></span> <span class='ocrx_word' id='word_1_149' title='bbox 756 2164 817 2209; x_wconf 93' lang='lat' dir='ltr'><strong>non</strong></span> <span class='ocrx_word' id='word_1_150' title='bbox 831 2148 863 2209; x_wconf 94' lang='lat' dir='ltr'><strong>in</strong></span> <span class='ocrx_word' id='word_1_151' title='bbox 874 2148 1004 2211; x_wconf 90' lang='lat' dir='ltr'><strong>minimis</strong></span> <span class='ocrx_word' id='word_1_152' title='bbox 1016 2152 1196 2213; x_wconf 87' lang='lat' dir='ltr'><strong>numeranda</strong></span> <span class='ocrx_word' id='word_1_153' title='bbox 1210 2157 1256 2212; x_wconf 91' lang='lat' dir='ltr'><strong>est</strong></span> <span class='ocrx_word' id='word_1_154' title='bbox 1265 2149 1337 2211; x_wconf 92' lang='lat' dir='ltr'><strong>boni</strong></span> <span class='ocrx_word' id='word_1_155' title='bbox 1347 2149 1431 2230; x_wconf 88' lang='lat' dir='ltr'><strong>prin·</strong></span> 
     </span>
     <span class='ocr_line' id='line_1_18' title="bbox 278 2249 1431 2331; baseline 0.003 -20"><span class='ocrx_word' id='word_1_156' title='bbox 278 2249 350 2328; x_wconf 88' lang='lat' dir='ltr'><strong>cipis</strong></span> <span class='ocrx_word' id='word_1_157' title='bbox 365 2250 528 2325; x_wconf 88' lang='lat' dir='ltr'><strong>virtutibus,</strong></span> <span class='ocrx_word' id='word_1_158' title='bbox 545 2258 584 2324; x_wconf 86' lang='lat' dir='ltr'><strong>ut,</strong></span> <span class='ocrx_word' id='word_1_159' title='bbox 600 2269 690 2331; x_wconf 91' lang='lat' dir='ltr'><strong>quum</strong></span> <span class='ocrx_word' id='word_1_160' title='bbox 705 2250 766 2312; x_wconf 88' lang='lat' dir='ltr'><strong>fieri</strong></span> <span class='ocrx_word' id='word_1_161' title='bbox 782 2269 843 2312; x_wconf 95' lang='lat' dir='ltr'><strong>non</strong></span> <span class='ocrx_word' id='word_1_162' title='bbox 858 2250 962 2330; x_wconf 84' lang='lat' dir='ltr'><strong>possit,</strong></span> <span class='ocrx_word' id='word_1_163' title='bbox 977 2260 1010 2313; x_wconf 91' lang='lat' dir='ltr'><strong>ut</strong></span> <span class='ocrx_word' id='word_1_164' title='bbox 1024 2268 1100 2313; x_wconf 91' lang='lat' dir='ltr'><strong>unus</strong></span> <span class='ocrx_word' id='word_1_165' title='bbox 1116 2251 1213 2314; x_wconf 90' lang='lat' dir='ltr'><strong>omnia</strong></span> <span class='ocrx_word' id='word_1_166' title='bbox 1225 2251 1319 2314; x_wconf 81' lang='lat' dir='ltr'><strong>rideat</strong></span> <span class='ocrx_word' id='word_1_167' title='bbox 1333 2250 1431 2314; x_wconf 89' lang='lat' dir='ltr'><strong>omni·</strong></span> 
     </span>
     <span class='ocr_line' id='line_1_19' title="bbox 277 2351 1431 2433; baseline 0.003 -21"><span class='ocrx_word' id='word_1_168' title='bbox 277 2351 392 2431; x_wconf 88' lang='lat' dir='ltr'><strong>busque</strong></span> <span class='ocrx_word' id='word_1_169' title='bbox 405 2352 576 2433; x_wconf 82' lang='lat' dir='ltr'><strong>prospiciat,</strong></span> <span class='ocrx_word' id='word_1_170' title='bbox 591 2371 642 2415; x_wconf 87' lang='lat' dir='ltr'><strong>eos</strong></span> <span class='ocrx_word' id='word_1_171' title='bbox 658 2352 714 2414; x_wconf 89' lang='lat' dir='ltr'><strong>sibi</strong></span> <span class='ocrx_word' id='word_1_172' title='bbox 724 2353 808 2414; x_wconf 71' lang='lat' dir='ltr'><strong>&#39;viros</strong></span> <span class='ocrx_word' id='word_1_173' title='bbox 822 2352 973 2431; x_wconf 84' lang='lat' dir='ltr'><strong>adiungat,</strong></span> <span class='ocrx_word' id='word_1_174' title='bbox 988 2354 1038 2432; x_wconf 87' lang='lat' dir='ltr'><strong>qui</strong></span> <span class='ocrx_word' id='word_1_175' title='bbox 1053 2355 1179 2416; x_wconf 87' lang='lat' dir='ltr'><strong>maxime</strong></span> <span class='ocrx_word' id='word_1_176' title='bbox 1193 2355 1252 2416; x_wconf 89' lang='lat' dir='ltr'><strong>sint</strong></span> <span class='ocrx_word' id='word_1_177' title='bbox 1265 2355 1309 2416; x_wconf 86' lang='lat' dir='ltr'><strong>vel</strong></span> <span class='ocrx_word' id='word_1_178' title='bbox 1322 2354 1358 2417; x_wconf 89' lang='lat' dir='ltr'><strong>ad</strong></span> <span class='ocrx_word' id='word_1_179' title='bbox 1373 2353 1431 2415; x_wconf 85' lang='lat' dir='ltr'><strong>inr-</strong></span> 
     </span>
     <span class='ocr_line' id='line_1_20' title="bbox 275 2453 1432 2536; baseline 0.003 -22"><span class='ocrx_word' id='word_1_180' title='bbox 275 2453 424 2533; x_wconf 91' lang='lat' dir='ltr'><strong>pertienda</strong></span> <span class='ocrx_word' id='word_1_181' title='bbox 444 2455 489 2516; x_wconf 87' lang='lat' dir='ltr'><strong>vel</strong></span> <span class='ocrx_word' id='word_1_182' title='bbox 507 2455 544 2517; x_wconf 95' lang='lat' dir='ltr'><strong>ad</strong></span> <span class='ocrx_word' id='word_1_183' title='bbox 564 2455 745 2535; x_wconf 77' lang='lat' dir='ltr'><strong>exsequenda</strong></span> <span class='ocrx_word' id='word_1_184' title='bbox 762 2454 883 2517; x_wconf 87' lang='lat' dir='ltr'><strong>consilia</strong></span> <span class='ocrx_word' id='word_1_185' title='bbox 897 2454 1004 2517; x_wconf 92' lang='lat' dir='ltr'><strong>idonei.</strong></span> <span class='ocrx_word' id='word_1_186' title='bbox 1049 2457 1147 2518; x_wconf 83' lang='lat' dir='ltr'><strong>Talem</strong></span> <span class='ocrx_word' id='word_1_187' title='bbox 1162 2455 1315 2536; x_wconf 86' lang='lat' dir='ltr'><strong>Bogislaus</strong></span> <span class='ocrx_word' id='word_1_188' title='bbox 1330 2456 1432 2518; x_wconf 91' lang='lat' dir='ltr'><strong>babuit</strong></span> 
     </span>
     <span class='ocr_line' id='line_1_21' title="bbox 277 2554 1429 2638; baseline 0.005 -23"><span class='ocrx_word' id='word_1_189' title='bbox 277 2554 543 2637; x_wconf 87' lang='lat' dir='ltr'><strong>Schulenburgum‚</strong></span> <span class='ocrx_word' id='word_1_190' title='bbox 562 2558 657 2620; x_wconf 76' lang='lat' dir='ltr'><strong>vnum</strong></span> <span class='ocrx_word' id='word_1_191' title='bbox 671 2574 733 2619; x_wconf 92' lang='lat' dir='ltr'><strong>non</strong></span> <span class='ocrx_word' id='word_1_192' title='bbox 747 2574 851 2637; x_wconf 88' lang='lat' dir='ltr'><strong>genere</strong></span> <span class='ocrx_word' id='word_1_193' title='bbox 864 2557 960 2637; x_wconf 87' lang='lat' dir='ltr'><strong>magis</strong></span> <span class='ocrx_word' id='word_1_194' title='bbox 976 2575 1064 2638; x_wconf 86' lang='lat' dir='ltr'><strong>quam</strong></span> <span class='ocrx_word' id='word_1_195' title='bbox 1077 2557 1231 2620; x_wconf 88' lang='lat' dir='ltr'><strong>virtutibus</strong></span> <span class='ocrx_word' id='word_1_196' title='bbox 1247 2557 1368 2630; x_wconf 85' lang='lat' dir='ltr'><strong>clarum,</strong></span> <span class='ocrx_word' id='word_1_197' title='bbox 1384 2566 1429 2620; x_wconf 87' lang='lat' dir='ltr'><strong>ta·</strong></span> 
     </span>
    </p>

    <p class='ocr_par' dir='ltr' id='par_1_3' title="bbox 228 2655 1430 3026">
     <span class='ocr_line' id='line_1_22' title="bbox 228 2655 1428 2738; baseline 0.003 -22"><span class='ocrx_word' id='word_1_198' title='bbox 228 2666 260 2716; x_wconf 82' lang='lat' dir='ltr'><strong>tt</strong></span> <span class='ocrx_word' id='word_1_199' title='bbox 278 2656 336 2718; x_wconf 90' lang='lat' dir='ltr'><strong>lem</strong></span> <span class='ocrx_word' id='word_1_200' title='bbox 352 2655 508 2737; x_wconf 81' lang='lat' dir='ltr'><strong>Georgium</strong></span> <span class='ocrx_word' id='word_1_201' title='bbox 527 2659 690 2733; x_wconf 88' lang='lat' dir='ltr'><strong>Kleistium,</strong></span> <span class='ocrx_word' id='word_1_202' title='bbox 716 2658 789 2721; x_wconf 88' lang='lat' dir='ltr'><strong>cirili</strong></span> <span class='ocrx_word' id='word_1_203' title='bbox 814 2659 968 2738; x_wconf 90' lang='lat' dir='ltr'><strong>prudentia</strong></span> <span class='ocrx_word' id='word_1_204' title='bbox 992 2659 1109 2721; x_wconf 90' lang='lat' dir='ltr'><strong>nemine</strong></span> <span class='ocrx_word' id='word_1_205' title='bbox 1133 2660 1317 2733; x_wconf 81' lang='lat' dir='ltr'><strong>interiorem,</strong></span> <span class='ocrx_word' id='word_1_206' title='bbox 1342 2658 1428 2720; x_wconf 86' lang='lat' dir='ltr'><strong>talem</strong></span> 
     </span>
     <span class='ocr_line' id='line_1_23' title="bbox 275 2758 1430 2843; baseline 0.003 -24"><span class='ocrx_word' id='word_1_207' title='bbox 275 2758 462 2834; x_wconf 76' lang='lat' dir='ltr'><strong>blesensium,</strong></span> <span class='ocrx_word' id='word_1_208' title='bbox 477 2761 542 2822; x_wconf 89' lang='lat' dir='ltr'><strong>belli</strong></span> <span class='ocrx_word' id='word_1_209' title='bbox 557 2762 696 2842; x_wconf 88' lang='lat' dir='ltr'><strong>pacisque</strong></span> <span class='ocrx_word' id='word_1_210' title='bbox 709 2761 819 2824; x_wconf 80' lang='lat' dir='ltr'><strong>artibus</strong></span> <span class='ocrx_word' id='word_1_211' title='bbox 834 2761 942 2841; x_wconf 88' lang='lat' dir='ltr'><strong>pariter</strong></span> <span class='ocrx_word' id='word_1_212' title='bbox 956 2762 1109 2843; x_wconf 88' lang='lat' dir='ltr'><strong>insignem,</strong></span> <span class='ocrx_word' id='word_1_213' title='bbox 1124 2763 1212 2824; x_wconf 88' lang='lat' dir='ltr'><strong>talem</strong></span> <span class='ocrx_word' id='word_1_214' title='bbox 1223 2761 1349 2842; x_wconf 79' lang='lat' dir='ltr'><strong>denique</strong></span> <span class='ocrx_word' id='word_1_215' title='bbox 1359 2760 1430 2823; x_wconf 89' lang='lat' dir='ltr'><strong>Sto-</strong></span> 
     </span>
     <span class='ocr_line' id='line_1_24' title="bbox 275 2859 1429 2946; baseline 0.003 -26"><span class='ocrx_word' id='word_1_216' title='bbox 275 2859 431 2934; x_wconf 89' lang='lat' dir='ltr'><strong>ientinum,</strong></span> <span class='ocrx_word' id='word_1_217' title='bbox 457 2862 551 2924; x_wconf 79' lang='lat' dir='ltr'><strong>rium</strong></span> <span class='ocrx_word' id='word_1_218' title='bbox 576 2862 821 2938; x_wconf 89' lang='lat' dir='ltr'><strong>literatissimum,</strong></span> <span class='ocrx_word' id='word_1_219' title='bbox 847 2870 876 2926; x_wconf 92' lang='lat' dir='ltr'><strong>et</strong></span> <span class='ocrx_word' id='word_1_220' title='bbox 894 2863 1072 2946; x_wconf 88' lang='lat' dir='ltr'><strong>Bugenbagii</strong></span> <span class='ocrx_word' id='word_1_221' title='bbox 1096 2872 1182 2946; x_wconf 84' lang='lat' dir='ltr'><strong>atque</strong></span> <span class='ocrx_word' id='word_1_222' title='bbox 1201 2864 1290 2928; x_wconf 91' lang='lat' dir='ltr'><strong>Ulrici</strong></span> <span class='ocrx_word' id='word_1_223' title='bbox 1311 2863 1429 2926; x_wconf 82' lang='lat' dir='ltr'><strong>liutteni</strong></span> 
     </span>
     <span class='ocr_line' id='line_1_25' title="bbox 275 2962 799 3026; baseline 0.002 -3"><span class='ocrx_word' id='word_1_224' title='bbox 275 2963 399 3025; x_wconf 89' lang='lat' dir='ltr'><strong>amicitia</strong></span> <span class='ocrx_word' id='word_1_225' title='bbox 414 2972 442 3025; x_wconf 84' lang='lat' dir='ltr'><strong>et</strong></span> <span class='ocrx_word' id='word_1_226' title='bbox 456 2963 590 3025; x_wconf 90' lang='lat' dir='ltr'><strong>laudibus</strong></span> <span class='ocrx_word' id='word_1_227' title='bbox 606 2962 799 3026; x_wconf 86' lang='lat' dir='ltr'><strong>nobilitatum.</strong></span> 
     </span>
    </p>

    <p class='ocr_par' dir='ltr' id='par_1_4' title="bbox 271 3065 1428 4478">
     <span class='ocr_line' id='line_1_26' title="bbox 359 3065 1427 3145; baseline 0.004 -17"><span class='ocrx_word' id='word_1_228' title='bbox 359 3065 493 3128; x_wconf 89' lang='lat' dir='ltr'><strong>Ceterum</strong></span> <span class='ocrx_word' id='word_1_229' title='bbox 507 3066 548 3128; x_wconf 91' lang='lat' dir='ltr'><strong>ita</strong></span> <span class='ocrx_word' id='word_1_230' title='bbox 562 3066 609 3127; x_wconf 92' lang='lat' dir='ltr'><strong>bis</strong></span> <span class='ocrx_word' id='word_1_231' title='bbox 625 3065 775 3145; x_wconf 81' lang='lat' dir='ltr'><strong>bogislaus</strong></span> <span class='ocrx_word' id='word_1_232' title='bbox 795 3065 930 3129; x_wconf 88' lang='lat' dir='ltr'><strong>utebatur</strong></span> <span class='ocrx_word' id='word_1_233' title='bbox 947 3068 1103 3143; x_wconf 89' lang='lat' dir='ltr'><strong>ministris,</strong></span> <span class='ocrx_word' id='word_1_234' title='bbox 1123 3079 1156 3132; x_wconf 92' lang='lat' dir='ltr'><strong>ut</strong></span> <span class='ocrx_word' id='word_1_235' title='bbox 1175 3069 1313 3132; x_wconf 88' lang='lat' dir='ltr'><strong>omnibus</strong></span> <span class='ocrx_word' id='word_1_236' title='bbox 1331 3077 1427 3131; x_wconf 70' lang='lat' dir='ltr'><strong>umen</strong></span> 
     </span>
     <span class='ocr_line' id='line_1_27' title="bbox 274 3168 1428 3253; baseline 0.003 -24"><span class='ocrx_word' id='word_1_237' title='bbox 274 3168 363 3230; x_wconf 87' lang='lat' dir='ltr'><strong>robus</strong></span> <span class='ocrx_word' id='word_1_238' title='bbox 374 3168 511 3247; x_wconf 88' lang='lat' dir='ltr'><strong>gerendis</strong></span> <span class='ocrx_word' id='word_1_239' title='bbox 527 3168 590 3248; x_wconf 89' lang='lat' dir='ltr'><strong>ipse</strong></span> <span class='ocrx_word' id='word_1_240' title='bbox 604 3169 767 3242; x_wconf 83' lang='lat' dir='ltr'><strong>interesset,</strong></span> <span class='ocrx_word' id='word_1_241' title='bbox 783 3185 877 3248; x_wconf 86' lang='lat' dir='ltr'><strong>neque</strong></span> <span class='ocrx_word' id='word_1_242' title='bbox 891 3168 1049 3250; x_wconf 76' lang='lat' dir='ltr'><strong>quidquam</strong></span> <span class='ocrx_word' id='word_1_243' title='bbox 1064 3189 1132 3234; x_wconf 90' lang='lat' dir='ltr'><strong>eum</strong></span> <span class='ocrx_word' id='word_1_244' title='bbox 1147 3172 1266 3252; x_wconf 77' lang='lat' dir='ltr'><strong>lugeret,</strong></span> <span class='ocrx_word' id='word_1_245' title='bbox 1282 3172 1360 3253; x_wconf 87' lang='lat' dir='ltr'><strong>quod</strong></span> <span class='ocrx_word' id='word_1_246' title='bbox 1375 3172 1428 3233; x_wconf 86' lang='lat' dir='ltr'><strong>ali·</strong></span> 
     </span>
     <span class='ocr_line' id='line_1_28' title="bbox 274 3270 1427 3354; baseline 0.002 -22"><span class='ocrx_word' id='word_1_247' title='bbox 274 3289 332 3352; x_wconf 80' lang='lat' dir='ltr'><strong>quo</strong></span> <span class='ocrx_word' id='word_1_248' title='bbox 351 3272 441 3333; x_wconf 92' lang='lat' dir='ltr'><strong>modo</strong></span> <span class='ocrx_word' id='word_1_249' title='bbox 462 3272 498 3333; x_wconf 91' lang='lat' dir='ltr'><strong>ad</strong></span> <span class='ocrx_word' id='word_1_250' title='bbox 519 3289 666 3334; x_wconf 88' lang='lat' dir='ltr'><strong>summam</strong></span> <span class='ocrx_word' id='word_1_251' title='bbox 685 3288 748 3332; x_wconf 91' lang='lat' dir='ltr'><strong>rem</strong></span> <span class='ocrx_word' id='word_1_252' title='bbox 768 3270 914 3350; x_wconf 88' lang='lat' dir='ltr'><strong>publicam</strong></span> <span class='ocrx_word' id='word_1_253' title='bbox 933 3272 1100 3352; x_wconf 87' lang='lat' dir='ltr'><strong>pertineret</strong></span> <span class='ocrx_word' id='word_1_254' title='bbox 1137 3273 1214 3346; x_wconf 86' lang='lat' dir='ltr'><strong>Quid</strong></span> <span class='ocrx_word' id='word_1_255' title='bbox 1233 3275 1313 3354; x_wconf 86' lang='lat' dir='ltr'><strong>quod</strong></span> <span class='ocrx_word' id='word_1_256' title='bbox 1333 3274 1427 3353; x_wconf 86' lang='lat' dir='ltr'><strong>ipsam</strong></span> 
     </span>
     <span class='ocr_line' id='line_1_29' title="bbox 274 3373 1426 3455; baseline 0.002 -20"><span class='ocrx_word' id='word_1_257' title='bbox 274 3393 337 3436; x_wconf 89' lang='lat' dir='ltr'><strong>rem</strong></span> <span class='ocrx_word' id='word_1_258' title='bbox 352 3374 500 3454; x_wconf 90' lang='lat' dir='ltr'><strong>publicam</strong></span> <span class='ocrx_word' id='word_1_259' title='bbox 515 3392 577 3436; x_wconf 92' lang='lat' dir='ltr'><strong>non</strong></span> <span class='ocrx_word' id='word_1_260' title='bbox 592 3374 630 3436; x_wconf 89' lang='lat' dir='ltr'><strong>ita</strong></span> <span class='ocrx_word' id='word_1_261' title='bbox 644 3373 796 3446; x_wconf 85' lang='lat' dir='ltr'><strong>tractabat,</strong></span> <span class='ocrx_word' id='word_1_262' title='bbox 816 3373 912 3453; x_wconf 87' lang='lat' dir='ltr'><strong>itaque</strong></span> <span class='ocrx_word' id='word_1_263' title='bbox 926 3375 962 3436; x_wconf 92' lang='lat' dir='ltr'><strong>ad</strong></span> <span class='ocrx_word' id='word_1_264' title='bbox 977 3374 1142 3436; x_wconf 86' lang='lat' dir='ltr'><strong>universam</strong></span> <span class='ocrx_word' id='word_1_265' title='bbox 1163 3375 1305 3437; x_wconf 84' lang='lat' dir='ltr'><strong>civitatem</strong></span> <span class='ocrx_word' id='word_1_266' title='bbox 1320 3393 1426 3455; x_wconf 88' lang='lat' dir='ltr'><strong>regen-</strong></span> 
     </span>
     <span class='ocr_line' id='line_1_30' title="bbox 274 3474 1427 3555; baseline 0.003 -19"><span class='ocrx_word' id='word_1_267' title='bbox 274 3475 339 3536; x_wconf 86' lang='lat' dir='ltr'><strong>dam</strong></span> <span class='ocrx_word' id='word_1_268' title='bbox 356 3475 486 3538; x_wconf 89' lang='lat' dir='ltr'><strong>studium</strong></span> <span class='ocrx_word' id='word_1_269' title='bbox 501 3477 658 3550; x_wconf 85' lang='lat' dir='ltr'><strong>conterret,</strong></span> <span class='ocrx_word' id='word_1_270' title='bbox 677 3485 785 3538; x_wconf 91' lang='lat' dir='ltr'><strong>utnon</strong></span> <span class='ocrx_word' id='word_1_271' title='bbox 800 3475 886 3537; x_wconf 89' lang='lat' dir='ltr'><strong>etiam</strong></span> <span class='ocrx_word' id='word_1_272' title='bbox 903 3475 1029 3554; x_wconf 85' lang='lat' dir='ltr'><strong>privatas</strong></span> <span class='ocrx_word' id='word_1_273' title='bbox 1044 3474 1228 3555; x_wconf 89' lang='lat' dir='ltr'><strong>singulorum</strong></span> <span class='ocrx_word' id='word_1_274' title='bbox 1243 3496 1292 3538; x_wconf 90' lang='lat' dir='ltr'><strong>res</strong></span> <span class='ocrx_word' id='word_1_275' title='bbox 1306 3476 1427 3539; x_wconf 86' lang='lat' dir='ltr'><strong>libenter</strong></span> 
     </span>
     <span class='ocr_line' id='line_1_31' title="bbox 274 3577 1427 3658; baseline 0.003 -21"><span class='ocrx_word' id='word_1_276' title='bbox 274 3577 432 3656; x_wconf 81' lang='lat' dir='ltr'><strong>respiceret</strong></span> <span class='ocrx_word' id='word_1_277' title='bbox 450 3586 479 3639; x_wconf 92' lang='lat' dir='ltr'><strong>et</strong></span> <span class='ocrx_word' id='word_1_278' title='bbox 497 3585 620 3640; x_wconf 88' lang='lat' dir='ltr'><strong>curaret.</strong></span> <span class='ocrx_word' id='word_1_279' title='bbox 649 3579 742 3640; x_wconf 90' lang='lat' dir='ltr'><strong>Nemo</strong></span> <span class='ocrx_word' id='word_1_280' title='bbox 762 3595 891 3658; x_wconf 84' lang='lat' dir='ltr'><strong>unquam</strong></span> <span class='ocrx_word' id='word_1_281' title='bbox 912 3577 995 3651; x_wconf 86' lang='lat' dir='ltr'><strong>civis,</strong></span> <span class='ocrx_word' id='word_1_282' title='bbox 1014 3579 1146 3658; x_wconf 81' lang='lat' dir='ltr'><strong>quamvis</strong></span> <span class='ocrx_word' id='word_1_283' title='bbox 1165 3586 1246 3640; x_wconf 88' lang='lat' dir='ltr'><strong>esset</strong></span> <span class='ocrx_word' id='word_1_284' title='bbox 1259 3578 1390 3652; x_wconf 89' lang='lat' dir='ltr'><strong>humilis,</strong></span> <span class='ocrx_word' id='word_1_285' title='bbox 1410 3598 1427 3640; x_wconf 90' lang='lat' dir='ltr'><strong>a</strong></span> 
     </span>
     <span class='ocr_line' id='line_1_32' title="bbox 273 3677 1426 3762; baseline 0.003 -22"><span class='ocrx_word' id='word_1_286' title='bbox 273 3679 414 3759; x_wconf 88' lang='lat' dir='ltr'><strong>principis</strong></span> <span class='ocrx_word' id='word_1_287' title='bbox 429 3687 589 3759; x_wconf 90' lang='lat' dir='ltr'><strong>conspectu</strong></span> <span class='ocrx_word' id='word_1_288' title='bbox 603 3688 631 3741; x_wconf 92' lang='lat' dir='ltr'><strong>et</strong></span> <span class='ocrx_word' id='word_1_289' title='bbox 645 3680 771 3759; x_wconf 90' lang='lat' dir='ltr'><strong>alloquio</strong></span> <span class='ocrx_word' id='word_1_290' title='bbox 786 3677 953 3741; x_wconf 91' lang='lat' dir='ltr'><strong>arcebatur:</strong></span> <span class='ocrx_word' id='word_1_291' title='bbox 973 3680 1088 3759; x_wconf 89' lang='lat' dir='ltr'><strong>patebat</strong></span> <span class='ocrx_word' id='word_1_292' title='bbox 1102 3682 1192 3743; x_wconf 87' lang='lat' dir='ltr'><strong>cuivis</strong></span> <span class='ocrx_word' id='word_1_293' title='bbox 1207 3683 1243 3744; x_wconf 88' lang='lat' dir='ltr'><strong>ad</strong></span> <span class='ocrx_word' id='word_1_294' title='bbox 1258 3682 1426 3762; x_wconf 76' lang='lat' dir='ltr'><strong>bogislaum</strong></span> 
     </span>
     <span class='ocr_line' id='line_1_33' title="bbox 274 3780 1425 3862; baseline 0.003 -20"><span class='ocrx_word' id='word_1_295' title='bbox 274 3782 383 3843; x_wconf 90' lang='lat' dir='ltr'><strong>aditus:</strong></span> <span class='ocrx_word' id='word_1_296' title='bbox 399 3782 463 3862; x_wconf 90' lang='lat' dir='ltr'><strong>ipse</strong></span> <span class='ocrx_word' id='word_1_297' title='bbox 477 3783 642 3861; x_wconf 78' lang='lat' dir='ltr'><strong>frequenter</strong></span> <span class='ocrx_word' id='word_1_298' title='bbox 655 3782 687 3842; x_wconf 93' lang='lat' dir='ltr'><strong>in</strong></span> <span class='ocrx_word' id='word_1_299' title='bbox 702 3780 849 3862; x_wconf 90' lang='lat' dir='ltr'><strong>publicum</strong></span> <span class='ocrx_word' id='word_1_300' title='bbox 864 3781 1004 3861; x_wconf 90' lang='lat' dir='ltr'><strong>prodiens</strong></span> <span class='ocrx_word' id='word_1_301' title='bbox 1019 3800 1171 3846; x_wconf 87' lang='lat' dir='ltr'><strong>sermones</strong></span> <span class='ocrx_word' id='word_1_302' title='bbox 1186 3802 1254 3846; x_wconf 92' lang='lat' dir='ltr'><strong>cum</strong></span> <span class='ocrx_word' id='word_1_303' title='bbox 1269 3801 1425 3846; x_wconf 89' lang='lat' dir='ltr'><strong>occurren·</strong></span> 
     </span>
     <span class='ocr_line' id='line_1_34' title="bbox 273 3882 1425 3966; baseline 0.002 -22"><span class='ocrx_word' id='word_1_304' title='bbox 273 3882 351 3944; x_wconf 90' lang='lat' dir='ltr'><strong>tibus</strong></span> <span class='ocrx_word' id='word_1_305' title='bbox 366 3882 542 3957; x_wconf 81' lang='lat' dir='ltr'><strong>conterebat,</strong></span> <span class='ocrx_word' id='word_1_306' title='bbox 558 3882 673 3944; x_wconf 87' lang='lat' dir='ltr'><strong>circulis</strong></span> <span class='ocrx_word' id='word_1_307' title='bbox 687 3890 774 3962; x_wconf 90' lang='lat' dir='ltr'><strong>atque</strong></span> <span class='ocrx_word' id='word_1_308' title='bbox 788 3883 979 3945; x_wconf 88' lang='lat' dir='ltr'><strong>conventibus</strong></span> <span class='ocrx_word' id='word_1_309' title='bbox 999 3884 1226 3960; x_wconf 85' lang='lat' dir='ltr'><strong>immiscebatur,</strong></span> <span class='ocrx_word' id='word_1_310' title='bbox 1246 3885 1271 3947; x_wconf 91' lang='lat' dir='ltr'><strong>si</strong></span> <span class='ocrx_word' id='word_1_311' title='bbox 1293 3885 1363 3966; x_wconf 87' lang='lat' dir='ltr'><strong>quid</strong></span> <span class='ocrx_word' id='word_1_312' title='bbox 1376 3904 1425 3945; x_wconf 91' lang='lat' dir='ltr'><strong>es·</strong></span> 
     </span>
     <span class='ocr_line' id='line_1_35' title="bbox 274 3983 1427 4066; baseline 0.003 -21"><span class='ocrx_word' id='word_1_313' title='bbox 274 3992 325 4058; x_wconf 87' lang='lat' dir='ltr'><strong>set,</strong></span> <span class='ocrx_word' id='word_1_314' title='bbox 340 3984 418 4064; x_wconf 90' lang='lat' dir='ltr'><strong>quod</strong></span> <span class='ocrx_word' id='word_1_315' title='bbox 433 3992 482 4047; x_wconf 90' lang='lat' dir='ltr'><strong>aut</strong></span> <span class='ocrx_word' id='word_1_316' title='bbox 496 3992 605 4066; x_wconf 88' lang='lat' dir='ltr'><strong>petere,</strong></span> <span class='ocrx_word' id='word_1_317' title='bbox 620 3992 670 4046; x_wconf 90' lang='lat' dir='ltr'><strong>aut</strong></span> <span class='ocrx_word' id='word_1_318' title='bbox 685 3983 781 4063; x_wconf 85' lang='lat' dir='ltr'><strong>queri,</strong></span> <span class='ocrx_word' id='word_1_319' title='bbox 801 3994 852 4047; x_wconf 91' lang='lat' dir='ltr'><strong>aut</strong></span> <span class='ocrx_word' id='word_1_320' title='bbox 870 3987 1087 4050; x_wconf 87' lang='lat' dir='ltr'><strong>communicare</strong></span> <span class='ocrx_word' id='word_1_321' title='bbox 1101 4007 1200 4051; x_wconf 88' lang='lat' dir='ltr'><strong>secum</strong></span> <span class='ocrx_word' id='word_1_322' title='bbox 1215 3988 1330 4061; x_wconf 79' lang='lat' dir='ltr'><strong>vellent,</strong></span> <span class='ocrx_word' id='word_1_323' title='bbox 1349 3987 1378 4048; x_wconf 93' lang='lat' dir='ltr'><strong>id</strong></span> <span class='ocrx_word' id='word_1_324' title='bbox 1394 3995 1427 4049; x_wconf 91' lang='lat' dir='ltr'><strong>ut</strong></span> 
     </span>
     <span class='ocr_line' id='line_1_36' title="bbox 272 4085 1426 4171; baseline 0.005 -25"><span class='ocrx_word' id='word_1_325' title='bbox 272 4086 362 4147; x_wconf 88' lang='lat' dir='ltr'><strong>libere</strong></span> <span class='ocrx_word' id='word_1_326' title='bbox 376 4088 542 4166; x_wconf 82' lang='lat' dir='ltr'><strong>proterrent</strong></span> <span class='ocrx_word' id='word_1_327' title='bbox 555 4086 635 4148; x_wconf 88' lang='lat' dir='ltr'><strong>ultro</strong></span> <span class='ocrx_word' id='word_1_328' title='bbox 647 4085 828 4147; x_wconf 87' lang='lat' dir='ltr'><strong>hortabatur.</strong></span> <span class='ocrx_word' id='word_1_329' title='bbox 857 4087 893 4151; x_wconf 88' lang='lat' dir='ltr'><strong>Et</strong></span> <span class='ocrx_word' id='word_1_330' title='bbox 912 4089 1003 4151; x_wconf 87' lang='lat' dir='ltr'><strong>lertur</strong></span> <span class='ocrx_word' id='word_1_331' title='bbox 1021 4089 1176 4170; x_wconf 86' lang='lat' dir='ltr'><strong>aliquando</strong></span> <span class='ocrx_word' id='word_1_332' title='bbox 1196 4108 1287 4171; x_wconf 85' lang='lat' dir='ltr'><strong>quum</strong></span> <span class='ocrx_word' id='word_1_333' title='bbox 1307 4108 1361 4169; x_wconf 84' lang='lat' dir='ltr'><strong>per</strong></span> <span class='ocrx_word' id='word_1_334' title='bbox 1374 4108 1426 4152; x_wconf 90' lang='lat' dir='ltr'><strong>ur·</strong></span> 
     </span>
     <span class='ocr_line' id='line_1_37' title="bbox 272 4186 1425 4273; baseline 0.004 -25"><span class='ocrx_word' id='word_1_335' title='bbox 272 4188 338 4249; x_wconf 90' lang='lat' dir='ltr'><strong>bern</strong></span> <span class='ocrx_word' id='word_1_336' title='bbox 363 4189 514 4251; x_wconf 87' lang='lat' dir='ltr'><strong>ambulans</strong></span> <span class='ocrx_word' id='word_1_337' title='bbox 539 4186 649 4249; x_wconf 91' lang='lat' dir='ltr'><strong>multos</strong></span> <span class='ocrx_word' id='word_1_338' title='bbox 669 4187 778 4249; x_wconf 88' lang='lat' dir='ltr'><strong>videret</strong></span> <span class='ocrx_word' id='word_1_339' title='bbox 800 4198 866 4251; x_wconf 90' lang='lat' dir='ltr'><strong>ante</strong></span> <span class='ocrx_word' id='word_1_340' title='bbox 891 4190 1103 4271; x_wconf 85' lang='lat' dir='ltr'><strong>Scbulenburgi</strong></span> <span class='ocrx_word' id='word_1_341' title='bbox 1122 4191 1207 4254; x_wconf 77' lang='lat' dir='ltr'><strong>aedas</strong></span> <span class='ocrx_word' id='word_1_342' title='bbox 1227 4201 1425 4273; x_wconf 83' lang='lat' dir='ltr'><strong>congregatos,</strong></span> 
     </span>
     <span class='ocr_line' id='line_1_38' title="bbox 272 4289 1426 4374; baseline 0.003 -23"><span class='ocrx_word' id='word_1_343' title='bbox 272 4289 379 4351; x_wconf 91' lang='lat' dir='ltr'><strong>adiisse</strong></span> <span class='ocrx_word' id='word_1_344' title='bbox 393 4299 421 4351; x_wconf 87' lang='lat' dir='ltr'><strong>et</strong></span> <span class='ocrx_word' id='word_1_345' title='bbox 435 4297 655 4368; x_wconf 88' lang='lat' dir='ltr'><strong>percunctatum</strong></span> <span class='ocrx_word' id='word_1_346' title='bbox 671 4308 747 4363; x_wconf 90' lang='lat' dir='ltr'><strong>esse,</strong></span> <span class='ocrx_word' id='word_1_347' title='bbox 761 4310 832 4352; x_wconf 90' lang='lat' dir='ltr'><strong>num</strong></span> <span class='ocrx_word' id='word_1_348' title='bbox 848 4293 917 4371; x_wconf 89' lang='lat' dir='ltr'><strong>q&#39;uid</strong></span> <span class='ocrx_word' id='word_1_349' title='bbox 932 4292 1102 4367; x_wconf 88' lang='lat' dir='ltr'><strong>accidisset,</strong></span> <span class='ocrx_word' id='word_1_350' title='bbox 1116 4301 1145 4355; x_wconf 91' lang='lat' dir='ltr'><strong>et</strong></span> <span class='ocrx_word' id='word_1_351' title='bbox 1159 4311 1232 4374; x_wconf 83' lang='lat' dir='ltr'><strong>quae</strong></span> <span class='ocrx_word' id='word_1_352' title='bbox 1245 4311 1332 4356; x_wconf 83' lang='lat' dir='ltr'><strong>causa</strong></span> <span class='ocrx_word' id='word_1_353' title='bbox 1347 4304 1426 4355; x_wconf 85' lang='lat' dir='ltr'><strong>osset</strong></span> 
     </span>
     <span class='ocr_line' id='line_1_39' title="bbox 271 4390 1425 4478; baseline 0.003 -24"><span class='ocrx_word' id='word_1_354' title='bbox 271 4393 343 4455; x_wconf 92' lang='lat' dir='ltr'><strong>tanti</strong></span> <span class='ocrx_word' id='word_1_355' title='bbox 358 4408 530 4453; x_wconf 86' lang='lat' dir='ltr'><strong>concursus.</strong></span> <span class='ocrx_word' id='word_1_356' title='bbox 559 4390 602 4453; x_wconf 87' lang='lat' dir='ltr'><strong>illi</strong></span> <span class='ocrx_word' id='word_1_357' title='bbox 617 4391 723 4454; x_wconf 87' lang='lat' dir='ltr'><strong>habere</strong></span> <span class='ocrx_word' id='word_1_358' title='bbox 736 4412 769 4454; x_wconf 90' lang='lat' dir='ltr'><strong>se</strong></span> <span class='ocrx_word' id='word_1_359' title='bbox 783 4394 878 4469; x_wconf 90' lang='lat' dir='ltr'><strong>aiunt,</strong></span> <span class='ocrx_word' id='word_1_360' title='bbox 898 4396 977 4475; x_wconf 85' lang='lat' dir='ltr'><strong>quod</strong></span> <span class='ocrx_word' id='word_1_361' title='bbox 998 4415 1015 4457; x_wconf 93' lang='lat' dir='ltr'><strong>a</strong></span> <span class='ocrx_word' id='word_1_362' title='bbox 1028 4394 1161 4478; x_wconf 89' lang='lat' dir='ltr'><strong>principe</strong></span> <span class='ocrx_word' id='word_1_363' title='bbox 1178 4403 1322 4476; x_wconf 86' lang='lat' dir='ltr'><strong>peterent,</strong></span> <span class='ocrx_word' id='word_1_364' title='bbox 1337 4396 1425 4475; x_wconf 85' lang='lat' dir='ltr'><strong>idque</strong></span> 
     </span>
    </p>
   </div>
   <div class='ocr_carea' id='block_1_3' title="bbox 0 0 1638 5140">
    <p class='ocr_par' dir='ltr' id='par_1_5' title="bbox 0 0 1638 5140">
     <span class='ocr_line' id='line_1_40' title="bbox 0 0 1638 5140; baseline 0 3"><span class='ocrx_word' id='word_1_365' title='bbox 0 0 1638 5140; x_wconf 95' lang='lat' dir='ltr'><strong> </strong></span> 
     </span>
    </p>
   </div>
  </div>
 </body>
</html>
