3154 5138
665 418 727 483 355

120 605 316 668 ministratum
328 605 459 686 eogitari.
504 604 604 686 ltaque
622 605 724 668 mundi
744 605 775 667 in
789 606 925 669 homines
941 608 1171 670 moderationem
1186 609 1278 670 inter·

118 718 218 789 pretor
236 707 339 771 mundi
358 708 590 772 moderationem
609 709 645 772 ad
664 708 800 771 homines
820 709 1027 790 pertinentem
1046 710 1125 790 qnod
1152 712 1279 772 tortasse

119 811 205 873 etiam
220 811 374 874 Ernestius
388 811 511 874 volebat.
540 846 585 857 -
612 810 744 892 Denique
764 812 897 875 Davisius
916 811 948 874 in
966 812 1049 873 initio
1065 812 1151 874 huius
1165 811 1278 892 periodi

118 914 265 976 causalem
278 913 516 976 coniunctionem
532 913 623 976 enim
639 932 705 975 cum
717 914 896 977 adversativa
911 922 1024 976 autern
1041 916 1277 978 commutandam

117 1014 245 1090 censuit,
261 1034 336 1096 quae
352 1016 483 1097 quamde
495 1016 617 1077 minime
631 1016 723 1078 audax
738 1017 777 1079 sit
792 1017 930 1090 mutatio,
945 1016 1104 1097 (siquidem
1121 1027 1234 1080 autern
1251 1027 1279 1078 et

116 1118 208 1180 enim
228 1126 352 1200 propter
371 1119 544 1200 compendia
564 1119 726 1199 scripturae
744 1136 806 1181 non
821 1119 911 1181 semel
925 1138 941 1180 a
955 1120 1080 1182 librariis
1101 1127 1279 1200 permutatas

116 1240 179 1283 esse
202 1229 334 1295 constat,
354 1240 411 1301 qua
431 1220 467 1284 dc
481 1240 513 1283 re
526 1222 583 1283 rid.
599 1221 748 1302 Spalding.
771 1222 807 1283 ad
829 1221 953 1296 Quintil.
968 1221 1016 1297 XI,
1033 1222 1062 1295 3,
1079 1222 1129 1284 40.
1146 1220 1232 1284 Oreil.
1251 1231 1281 1282 et

115 1323 193 1385 Gies.
210 1323 249 1385 ad
264 1321 295 1384 C.
311 1323 347 1385 de
361 1323 422 1384 niv.
438 1323 472 1398 ss,
489 1324 537 1397 10,
552 1323 602 1385 25.
626 1322 719 1385 Hand.
741 1324 776 1385 ad
798 1323 961 1404 Wopkens.
977 1344 1006 1404 p.
1024 1324 1092 1400 89.)
1109 1331 1206 1385 tamen
1222 1324 1280 1384 hoc

113 1427 177 1487 ioco
201 1443 266 1487 uon
284 1426 449 1488 necessaria
467 1444 534 1488 esse
559 1427 686 1501 ridetur,
707 1426 799 1488 modo
826 1426 1037 1489 sententiarum
1065 1426 1276 1488 connexionem

114 1528 191 1591 hano
207 1547 276 1590 esse
289 1528 495 1609 intelligamus,
515 1536 548 1589 ut
566 1528 620 1590 bac
639 1528 762 1608 periodo
781 1529 855 1591 ratio
875 1527 1014 1591 reddatur
1032 1546 1094 1589 non
1120 1528 1183 1590 eius
1210 1544 1278 1589 seu·
1367 1554 1382 1571 Α

114 1630 235 1705 tentiae,
251 1648 325 1710 quae
338 1632 472 1711 proxime
486 1631 659 1711 praecessit,
680 1632 716 1693 de
736 1631 912 1694 conscientia
927 1631 1049 1711 eiusque
1065 1632 1105 1703 ri,
1121 1631 1172 1692 sed
1189 1649 1277 1710 supe·

112 1733 216 1807 rimie,
236 1752 311 1813 quae
325 1732 462 1813 primaria
477 1742 535 1805 cst,
556 1740 586 1794 et
605 1733 651 1795 eui
673 1734 762 1796 altera
777 1733 823 1796 illa
839 1740 950 1796 tantum
967 1733 1109 1795 limitandi
1125 1752 1210 1795 causa
1226 1732 1277 1795 ad·

112 1834 255 1916 iungitur.
300 1836 412 1909 Quodsi
432 1835 532 1898 Cicero
554 1834 685 1897 mambra
710 1834 791 1897 aliter
805 1834 984 1907 ordinasset,
1000 1834 1032 1896 iu
1046 1835 1127 1897 hunc
1141 1834 1279 1895 modum:

111 1937 231 2009 „iuvita
257 1936 290 1999 in
316 1937 374 2000 hoc
392 1938 610 2000 iocorersatur
630 1936 738 1998 oratio:
760 1936 868 2017 quippe
888 1955 992 2017 quum,
1013 1937 1069 1999 nisi
1085 1956 1170 2016 grave
1185 1936 1278 2016 ipsius

112 2038 317 2102 conscientiae
331 2040 449 2119 poudm
464 2048 549 2113 esset,
563 2038 709 2101 rideretur
722 2040 854 2119 proiecto
870 2040 1071 2101 auctoritatam
1087 2039 1189 2100 afferre
1209 2058 1278 2118 peo-

110 2142 227 2206 raudi.“
236 2141 475 2222 statimproieoto
489 2140 558 2203 iliud
575 2140 666 2203 enim
680 2140 842 2204 rectissime
851 2140 980 2221 positum
989 2160 1055 2203 essa
1062 2140 1278 2220 intelligeretur.

195 2243 348 2307 Debemus
364 2242 609 2325 Gryphiswaidiae
622 2241 650 2305 d.
667 2242 731 2305 xlv
745 2262 785 2305 m.
803 2243 939 2307 Octobris
954 2241 1107 2305 noceor
