3154 5138
666 507 728 572 363

130 698 283 780 posteriore
301 697 423 762 umbrae
442 706 524 779 parte
544 695 692 759 delitnioao
712 703 804 758 rana
836 695 937 778 Neque
950 698 981 760 id
995 716 1050 778 ego
1065 699 1129 762 fleri
1143 700 1279 780 potuisse

129 802 298 882 negaverim:
325 801 415 863 modo
441 807 609 881 appareret,
624 798 695 878 qnid
716 796 772 859 sibi
793 797 878 860 vellet
895 799 954 862 boc
971 799 1038 863 loco
1058 819 1225 882 pronomen
1240 803 1276 866 ad

130 902 188 965 rim
200 903 341 967 additum.
385 902 425 965 Ut
437 920 517 965 nnnc
531 911 585 976 est,
599 918 662 963 non
675 907 753 962 certe
763 900 939 963 deteriorem
950 910 1022 982 puto
1031 902 1192 968 Heindorlli
1204 922 1277 969 onn-

129 1005 273 1081 iectnram,
299 1006 349 1087 qod
374 1005 559 1067 veritatem
579 1022 614 1065 er
634 1001 757 1065 umbra
776 1002 839 1065 elici
854 1021 945 1083 posse
959 1004 1174 1086 smpioabatur.
1201 1007 1277 1070 Nau

128 1106 179 1169 boe
191 1107 332 1169 vocabulo
347 1108 433 1168 etiam
449 1104 514 1168 alibi
529 1103 631 1167 doro
645 1120 718 1166 usus
734 1112 779 1166 est
794 1105 830 1166 de
844 1104 922 1168 letali
935 1123 1035 1169 rerum
1050 1108 1155 1171 ordine
1168 1128 1203 1172 ac
1215 1109 1277 1191 lege

127 1209 309 1289 sempiterna,
328 1208 364 1270 ad
385 1208 554 1270 Stoicorum
572 1205 756 1286 exemplum,
776 1207 826 1287 qui
846 1197 1044 1293 εἱμαρμένην
1062 1228 1130 1273 esse
1145 1210 1278 1275 derbem

127 1300 316 1395 ἀλήθειαν
329 1305 387 1372 καὶ
401 1303 502 1390 νόμον
514 1304 581 1371 τῶν
595 1297 697 1372 deror
711 1298 939 1391 ἆδιάδραστον
951 1304 1010 1372 καὶ
1025 1299 1220 1396 &perrogat
1233 1323 1280 1378 en

126 1414 194 1493 apud
208 1413 369 1475 Eusebium
385 1430 430 1492 pr.
445 1430 491 1474 eu.
508 1411 566 1485 XV,
585 1411 633 1472 14.
663 1410 712 1472 Sic
730 1426 792 1472 non
811 1410 910 1473 solum
929 1429 965 1473 eo
984 1410 1064 1488 loco,
1084 1431 1171 1494 qaam
1186 1416 1278 1480 flan-

126 1514 229 1578 dorllus
244 1515 357 1588 citant,
373 1514 433 1576 bui
448 1513 512 1577 libr.
529 1532 553 1576 c
569 1513 624 1586 20,
641 1514 692 1585 55,
708 1512 849 1593 quidquid
863 1512 977 1589 accidit,
991 1512 1070 1577 ider
1085 1525 1203 1582 aetem
1217 1538 1278 1582 ae·

125 1616 221 1678 ritate
240 1634 457 1697 causarumque
476 1615 697 1677 continuatione
717 1616 837 1680 doricae
856 1618 937 1693 dicit,
959 1620 1011 1683 sed
1030 1622 1117 1684 etiam
1137 1621 1197 1684 boc
1210 1621 1277 1702 ipso

124 1720 208 1800 cipite
223 1724 252 1796 t.
270 1721 313 1781 40
329 1718 469 1781 fatalem
485 1719 737 1782 necessitatem
752 1719 877 1800 appellat
891 1723 1147 1803 sempiternam
1161 1742 1276 1787 rerum

123 1822 318 1884 futurarum
345 1821 543 1894 raritatem,
568 1828 597 1881 et
621 1819 658 1881 de
680 1821 767 1883 divin.
787 1821 813 1896 l,
833 1825 886 1897 55,
911 1823 970 1885 125
985 1827 1107 1889 eandem
1123 1825 1225 1889 definit
1239 1846 1277 1888 ex

123 1924 209 1985 omni
234 1923 455 1986 aeternitate
480 1923 648 1984 fluentem
680 1925 863 1987 veritatem
887 1929 1151 2009 sempiternam.
1196 1927 1278 1991 Meae

125 2035 213 2088 tamen
237 2025 380 2088 editionis
401 2025 476 2086 ratio
499 2023 621 2097 lerebat,
645 2033 679 2086 ut
699 2042 755 2106 pro
782 2026 837 2089 bac
859 2028 1046 2092 coniecturali
1069 2030 1187 2093 raritate
1208 2030 1277 2094 illud

122 2130 211 2207 potins
226 2129 414 2201 asciscerem,
429 2128 509 2208 quod
524 2127 611 2191 torius
626 2128 728 2191 saltem
744 2129 853 2191 codicis
873 2132 1075 2193 auctoritatem
1094 2131 1215 2194 baberet
1228 2152 1277 2195 es·

122 2242 215 2315 utque
229 2231 394 2297 sententiae
408 2233 464 2294 loci
480 2240 591 2313 aptum,
606 2248 661 2293 uec
675 2246 855 2311 magnopere
869 2248 1012 2305 orarem,
1028 2233 1098 2313 qaid
1114 2240 1277 2297 maeomm

122 2336 216 2399 umbra
230 2344 389 2416 tegeretur.

195 2441 218 2515 l,
236 2441 292 2512 17,
307 2440 348 2502 45
363 2438 425 2501 iure
440 2437 553 2499 minens
566 2437 700 2498 codicum
711 2434 881 2499 lectionem:
898 2439 959 2500 sed
974 2438 1015 2500 ad
1031 2438 1122 2501 banc
1137 2438 1276 2502 conlir-

120 2544 274 2606 mandam
297 2540 502 2621 opinionem
522 2537 683 2619 anquirit
701 2536 842 2601 animos
861 2550 895 2600 et
909 2540 1058 2603 formam
1072 2549 1107 2603 et
1120 2541 1228 2604 vitam
1244 2550 1278 2604 et

119 2646 294 2709 actionem
309 2644 441 2706 mentis
455 2651 558 2722 atque
573 2639 807 2722 agitationem
823 2644 857 2705 in
872 2644 948 2718 deo,
969 2643 1104 2725 cuiquam
1119 2645 1275 2725 genuinam

118 2747 200 2811 rideri
220 2748 369 2831 potuisse.
405 2745 479 2809 Nam
499 2744 685 2826 putidissimo
704 2745 836 2824 prolecto
856 2745 1012 2826 tautologia
1031 2747 1176 2809 actionem
1191 2754 1278 2827 atque

118 2852 304 2932 agitationem
327 2849 433 2911 mentis
449 2846 589 2927 componi
604 2847 752 2909 latendum
768 2856 821 2920 eet,
836 2844 1117 2927 quodcaniceroni
1127 2849 1277 2929 placuerit,

119 2961 147 3014 ut
159 2972 249 3016 unam
265 2970 330 3015 rem
346 2950 464 3013 dnobus
479 2947 627 3011 vocabulis
643 2948 826 3027 significaret
837 2948 915 3012 nulla
930 2949 1089 3030 probabilis
1099 2951 1173 3014 ratio
1188 2970 1276 3015 exco-

117 3054 195 3134 gitari
209 3053 331 3134 poterit.
376 3053 534 3132 Quumque
548 3049 623 3122 alibi,
640 3049 689 3111 ubi
704 3068 764 3114 non
779 3052 877 3114 solum
889 3053 943 3115 rito
954 3051 1178 3134 ipsaqaatenus
1189 3055 1276 3117 morti

118 3158 251 3238 opposita
267 3165 327 3228 est,
345 3155 397 3217 sed
413 3155 486 3217 ritae
500 3171 591 3234 genus
607 3153 784 3233 designatur,
800 3154 891 3216 vitae
905 3154 1099 3231 actionem,
1119 3158 1188 3219 lae.
1204 3157 1276 3221 vitae
1310 3138 1314 3147 ¹

116 3261 241 3340 agendae
269 3258 406 3331 modum,
429 3257 485 3320 dici
506 3255 668 3327 monus,
682 3254 803 3330 veluti,
823 3258 853 3331 l,
868 3256 903 3320 2:
928 3274 1008 3320 nam
1034 3267 1067 3321 et
1086 3259 1128 3321 de
1148 3259 1276 3341 liguris

116 3360 260 3425 deorum
283 3370 316 3422 et
335 3361 376 3422 de
390 3359 484 3421 locis
499 3368 604 3438 atque
619 3358 765 3421 sedibus
785 3366 820 3421 et
834 3360 976 3422 actione
991 3361 1082 3423 ritae
1096 3363 1206 3425 multa
1221 3363 1276 3427 di·

114 3461 761 3542 eontur.c3'l‚1032qoaesades,qoi
784 3463 899 3537 locus,
922 3480 1011 3542 quae
1033 3463 1164 3526 deinde
1183 3467 1276 3529 aetio

116 3564 228 3629 ritae?
256 3566 296 3627 de
315 3564 402 3627 divin.
423 3563 463 3639 ll,
479 3563 534 3637 42,
550 3563 606 3626 89:
622 3564 781 3644 ingenia,
796 3583 933 3637 morea,
949 3564 1116 3640 animum,
1132 3585 1277 3648 corpus,

112 3668 293 3731 actionem
308 3666 414 3741 vitae,
431 3683 536 3730 casus
552 3668 724 3748 cuiusque
737 3676 973 3748 eventusque:
993 3668 1114 3730 condem
1129 3667 1217 3748 igitur
1230 3671 1276 3732 lo-

114 3770 264 3833 cutionem
284 3770 371 3832 etiam
391 3771 449 3832 hoc
467 3769 533 3832 loco
549 3769 702 3832 restituere
715 3786 777 3832 non
797 3770 976 3833 dubitamus.
1013 3770 1155 3832 Errnrunt
1168 3769 1277 3834 librarii

112 3872 219 3936 vitam
235 3882 272 3935 et
288 3872 443 3935 scribendo
459 3890 515 3953 pro
530 3873 636 3947 ritae,
656 3890 808 3954 quumque
826 3873 870 3935 sic
889 3872 965 3934 actio
980 3872 1035 3935 ista
1051 3872 1200 3936 indefinita
1214 3892 1276 3938 noa

113 3973 262 4038 immerito
278 3974 457 4054 displiceret,
476 3993 531 4055 pro
548 3976 751 4057 mentisque
765 3976 947 4056 scripserunt
962 3976 1092 4038 mentis
1106 3984 1229 4057 etque,
1243 3987 1277 4041 ut

113 4085 189 4139 esset
208 4095 272 4157 quo
293 4076 341 4139 illa
360 4078 518 4138 referretur
533 4095 626 4158 eoque
645 4077 824 4141 definiretur.
860 4079 964 4141 Veram
984 4077 1138 4141 lectionem
1163 4079 1275 4143 dudum

113 4177 230 4242 Mnus
246 4178 375 4241 restituit
388 4178 424 4241 ad
440 4180 471 4241 C.
486 4178 523 4241 de
538 4179 613 4255 ollio,
627 4180 649 4253 1,
665 4182 693 4255 5,
710 4180 759 4255 17,
774 4182 857 4243 cuius
868 4179 1088 4243 montionem
1101 4180 1232 4244 Klotmos
1248 4182 1273 4243 si
1296 4195 1312 4245 9

113 4281 261 4361 cognitam
276 4281 439 4357 habuisset,
454 4299 516 4344 non
535 4281 635 4345 dubito
652 4283 723 4363 quin
737 4291 787 4344 aut
800 4282 943 4345 rationem
965 4282 1143 4363 probaturus
1158 4292 1208 4347 aut
1221 4302 1275 4347 au-

114 4383 281 4446 ctoritatem
295 4392 450 4448 secuturus
466 4384 562 4448 luerit.

197 4486 230 4547 ln
248 4487 386 4566 proximo
406 4487 501 4569 eapite
518 4490 570 4559 15,
586 4487 626 4548 49
642 4504 703 4549 non
719 4486 791 4549 satis
805 4495 938 4549 accurate
956 4486 1028 4549 mibi
1043 4486 1177 4549 codicum
1191 4487 1275 4549 tead-
