3276 5144
685 476 835 577 Q

8 754 10 767 Ι
82 742 85 745 ,
179 668 215 735 ὀν
239 671 287 755 τῷ
309 660 458 748 ’στόματι
483 660 587 748 λέγειν
609 667 714 728 codem
735 684 824 728 sensu
844 681 903 743 quo
924 662 1035 741 absque
1056 662 1272 744 praepositione
1292 657 1341 745 τῷ

179 768 321 853 στόματι
333 766 438 851 λέγειν
449 770 505 833 dici
516 770 647 850 potuisse
658 769 724 842 rati,
740 776 771 829 ct
782 768 879 829 dativo
891 766 1108 828 instrumentali
1119 764 1199 827 illam
1210 763 1339 826 additam

179 896 244 938 esse
269 876 394 939 credunt
421 874 457 935 ad
482 871 649 953 exemplum
677 869 833 933 locutionis
854 868 1025 930 Homericae
1051 860 1086 928 ἐν
1113 857 1340 949 ὀφθαλμοῖσιν

178 971 340 1062 ὁρᾶσθαι,
364 976 448 1038 cuins
463 993 607 1056 quaenam
623 992 691 1036 vera
705 973 877 1053 significatio
897 971 936 1032 sit
951 987 1010 1031 non
1025 969 1163 1032 videntur
1181 968 1251 1029 satis
1271 984 1340 1047 pcr-

178 1082 318 1163 spexisse.
344 1079 492 1140 Nimirum
505 1077 701 1157 comparanda
712 1075 759 1136 illa
771 1082 817 1135 est
827 1092 896 1135 curn
908 1072 970 1133 aliis
982 1071 1044 1133 eius
1055 1070 1180 1152 generis,
1190 1069 1243 1131 ubi
1253 1087 1341 1149 prae-

177 1183 339 1264 positiones
355 1172 410 1253 ιίς,
434 1171 476 1254 ἐξ,
501 1169 572 1240 circli
594 1177 636 1239 illi
651 1175 764 1238 nomini
778 1175 930 1237 adiunctae
943 1181 1022 1247 sunt,
1039 1174 1117 1235 velut
1132 1162 1192 1233 ἀπ’
1207 1163 1340 1254 ὀφθαλ·
1360 1183 1361 1186 ’

173 1281 261 1359 μοῖν,
283 1283 318 1344 ll.
342 1281 444 1354 xxiii,
469 1280 525 1343 53:
556 1270 641 1364 ὄφρ’
663 1271 740 1361 ἤτοι
761 1279 879 1341 τοῦτον
899 1271 959 1355 μὲν
981 1269 1147 1360 ἐπιφλέγῃ
1171 1266 1341 1353 άκάμασον
1404 1272 1405 1276 ’

175 1388 244 1468 scrip
265 1382 396 1447 θᾶσσον
417 1374 478 1446 o'rc’
493 1374 690 1467 ὀφθαλμοῖν,
712 1388 764 1443 ant
779 1373 815 1456 ἐξ
836 1371 1032 1463 ὀφθαλμοῖν,
1055 1378 1197 1440 Herodot.
1214 1380 1241 1451 l,
1261 1377 1339 1439 120:

176 1483 235 1549 τόν
256 1482 293 1549 δὲ
315 1483 424 1549 rosido
444 1487 559 1547 τοῦτον
581 1478 618 1560 ἐξ
638 1475 826 1567 ὀφθαλμοῖν
848 1474 1061 1563 ἀπόπεμψαι
1081 1473 1115 1553 ἐς
1129 1473 1271 1561 Πέρσας,
1287 1484 1341 1542 aut

176 1581 210 1665 ἐς
236 1582 450 1673 ὀφθαλμούς,
477 1588 512 1648 ll.
537 1586 643 1661 xxlv,
670 1587 747 1647 204:
772 1580 846 1657 σοῖς
872 1576 1004 1655 ἐθέλοις
1030 1615 1074 1627 -
1101 1575 1240 1661 ἐλθέμεν
1266 1567 1341 1655 οἶος

176 1682 297 1775 ὀνόρός
323 1684 357 1764 ἐς
383 1683 596 1775 ὀφθαλμούς,
634 1680 672 1763 ὀς
697 1708 752 1750 τοι
779 1679 904 1761 πολέας
930 1704 967 1747 τι
992 1680 1051 1746 καλ
1078 1675 1221 1757 ἓσθλσός
1246 1673 1341 1766 uidae

177 1787 364 1873 ἐξενάριξας
384 1793 415 1854 in
436 1791 543 1872 quibus
563 1792 703 1854 omnibus
724 1796 759 1853 ut
785 1807 847 1852 non
868 1797 929 1851 tarn
951 1788 1051 1850 oculos
1072 1788 1167 1868 ipsos,
1194 1792 1340 1867 qrntenm

175 1897 375 1958 instrumenta
396 1894 513 1955 videndi
533 1899 612 1963 sunt,
632 1912 722 1974 quarn
738 1900 930 1973 conspectum
946 1891 1101 1953 oculorum
1115 1889 1271 1969 significari
1286 1908 1340 1970 ap·

174 2006 273 2080 paret,
295 1998 339 2059 sic
358 1997 448 2059 etiam
472 1991 506 2058 ἐν
528 1986 724 2077 ὀφθαλμοῖς
745 2015 779 2058 ea
802 2014 867 2057 esse
884 1993 1030 2065 dicuntur,
1046 1993 1166 2072 quaein
1181 1997 1340 2072 conspectu

174 2100 270 2182 posita
290 2106 376 2173 sunt,
398 2100 488 2163 veluti
503 2098 581 2184 περὶ
602 2100 666 2164 σοῖν
687 2094 721 2165 ἐν
743 2093 933 2188 ὀφθαλμοῖς
956 2094 1178 2181 διαλέγεσθαι
1200 2108 1247 2161 est
1261 2100 1339 2180 apud

173 2203 326 2265 Platonem
342 2202 460 2265 Theaet.
477 2222 505 2285 p.
525 2206 585 2266 174
600 2206 630 2267 C.
647 2205 798 2286 multaque
813 2205 881 2267 alibi
896 2203 1010 2266 similia.
1042 2203 1143 2283 ltaque
1158 2201 1246 2263 ctiam
1261 2201 1339 2282 apud

174 2306 340 2368 Homerum
355 2304 427 2367 illud
442 2299 477 2369 ἐν
499 2298 693 2391 ὀφθαλμοῖς
708 2307 743 2368 dc
759 2308 794 2369 iis
809 2308 898 2370 rebus
913 2306 1028 2378 dicitur,
1045 2303 1165 2384 quaein
1180 2311 1340 2384 conspectu

173 2408 293 2470 alicuius
314 2415 384 2468 sunt
403 2409 446 2469 vel
467 2409 556 2482 liunt,
577 2428 612 2471 ac
632 2409 755 2489 proinde
775 2409 806 2471 in
826 2408 997 2471 huiusmodi
1018 2407 1106 2480 locis,
1123 2405 1217 2487 qualis
1231 2414 1277 2467 cst
1292 2404 1340 2467 ille

172 2510 632 2593 Homericus‚queminterpretes
644 2511 849 2584 adhibuerunt,
863 2511 897 2571 ll.
910 2510 959 2583 lli,
974 2509 1051 2571 306:
1069 2501 1109 2571 od
1120 2528 1194 2582 πως
1204 2497 1338 2590 τλήσομ’

174 2605 208 2675 ἐν
229 2604 460 2696 ὀφθαλμοῖσιν
482 2605 633 2696 ὁρᾶσθαι
655 2608 862 2696 μαρνάμενον
876 2610 973 2699 φίλον
986 2603 1060 2674 vids
1075 2602 1240 2696 ἀρηιφίλῳ
1263 2608 1339 2671 Ms-

174 2709 293 2799 νελάῳ,
324 2715 394 2777 illud
422 2709 456 2778 dv
484 2706 678 2798 ὀφθαλμοῖς
703 2733 765 2778 non
793 2716 945 2778 minusad
965 2707 1169 2795 μαρνάμενον
1191 2730 1281 2793 quarn
1301 2712 1338 2774 ad

173 2807 326 2902 ὀριῖσθαι
349 2818 496 2898 pertinere
512 2818 667 2881 dicendum
684 2827 737 2892 est,
753 2817 908 2901 potuitque
922 2817 986 2879 sine
1001 2815 1091 2877 dubio
1107 2813 1196 2877 etiam
1213 2807 1249 2877 ἐν
1271 2805 1339 2898 ὀφ-

173 2916 320 2999 θαλμοῖς
345 2915 435 2994 τινὸς
461 2914 657 3003 μάρνασθαι
685 2921 742 2983 dici
769 2936 830 2982 non
855 2920 955 2982 addito
983 2917 1080 2997 aliquo
1100 2917 1191 2978 serbo
1212 2916 1338 2979 videndi.

175 3022 282 3085 Contra
305 3023 355 3085 ubi
376 3022 453 3085 oculi
473 3030 615 3104 tanquam
634 3023 831 3085 instrumenta
853 3021 971 3083 ridendi
986 3020 1169 3101 cogitantur,
1190 3018 1337 3081 Homerus

173 3143 236 3188 non
257 3124 341 3187 aliter
360 3144 448 3205 quam
469 3126 558 3187 ceteri
572 3125 731 3206 scriptores
745 3125 810 3187 solo
825 3125 923 3186 dativo
938 3141 1008 3186 casu
1023 3122 1131 3194 utitur,
1147 3139 1244 3202 neque
1259 3121 1340 3184 addit

174 3228 423 3309 praepositionem
439 3220 480 3289 ἒν.
511 3229 552 3289 lle
567 3228 630 3290 aliis
646 3228 724 3309 apud
739 3228 811 3289 alios
826 3226 986 3307 scriptores
1001 3224 1207 3299 locutionibus,
1224 3224 1255 3285 in
1270 3224 1337 3304 qni·

175 3331 230 3393 bus
256 3330 509 3392 instrumentalem
538 3329 626 3393 huius
652 3329 876 3411 praepositionis
896 3329 1136 3409 significationem
1156 3327 1339 3407 grammatici

175 3432 295 3512 quidam
311 3431 366 3493 sibi
386 3449 542 3512 agnoscere
557 3434 710 3506 visisunt,
732 3433 880 3515 disputare
894 3433 1015 3512 longum
1030 3439 1188 3510 estusque
1202 3430 1259 3492 hoc
1273 3431 1338 3492 loco

176 3532 382 3594 necessarium.
413 3533 540 3594 Tantum
556 3535 632 3607 dico,
647 3535 786 3615 pleraque
801 3537 934 3616 exempla
949 3552 1103 3614 perperam
1119 3540 1245 3613 accepta,
1260 3550 1338 3594 non-

175 3636 264 3709 nulla,
278 3635 331 3696 sed
346 3652 452 3715 pauca,
474 3654 542 3697 vera
557 3655 637 3709 esse,
659 3636 736 3717 apud
750 3638 929 3699 recentiores
944 3637 1083 3718 pleraque
1099 3635 1257 3715 minusque
1272 3634 1338 3696 dili·

49 3757 52 3765 ·
173 3746 276 3819 gentes
295 3737 453 3817 scriptores
471 3738 598 3800 inventa.
627 3738 661 3799 ln
675 3738 879 3819 Aristophanis
901 3745 1001 3801 autam
1021 3738 1166 3800 versiculo
1188 3747 1221 3799 ut
1235 3730 1269 3799 ἐν
1289 3733 1339 3819 τῷ

176 3835 318 3919 στόματι
340 3839 556 3902 instrumentali
576 3857 665 3901 sensu
685 3840 742 3901 dici
762 3849 850 3921 atque
872 3860 909 3903 os
929 3841 1160 3904 indutiarum
1183 3838 1338 3921 significari

96 4020 101 4030 .
175 3944 312 4007 credatur
325 3942 405 4003 nulla
419 3942 551 4022 prolecto
568 3960 655 4003 causa
668 3948 722 4003 est.
739 3942 848 4003 -Suum
864 3943 955 4022 ipsius
971 3964 1004 4005 os
1019 3944 1163 4023 significat
1177 3942 1337 4023 llicacopo·

175 4046 220 4119 lis,
233 4045 341 4127 quippe
354 4045 403 4125 qui
413 4043 527 4106 haustis
539 4063 590 4106 ore
600 4063 656 4107 suo
666 4045 798 4118 indutiis,
813 4052 993 4126 gustumque
1004 4046 1100 4107 adhuc
1111 4046 1140 4106 in
1153 4064 1204 4107 oro
1216 4044 1336 4120 habens,

176 4149 260 4228 quasi
276 4149 376 4211 andire
390 4167 493 4211 rocem
509 4165 611 4209 earum
625 4148 681 4210 sibi
695 4147 843 4210 rideatur:
867 4141 901 4208 ἐν
920 4147 970 4229 τῷ
989 4141 1060 4230 duci
1080 4133 1338 4226 coopertorium

177 4242 319 4329 λέγουσι.

261 4353 293 4413 V.
310 4352 372 4413 225
388 4352 584 4434 lticaeopolis‚
605 4362 657 4417 aut
673 4355 795 4417 lortasse
810 4352 873 4416 eius
887 4371 971 4427 uxor,
993 4352 1082 4417 filiam
1097 4351 1127 4414 in
1141 4368 1250 4435 pompa
1265 4368 1337 4435 pro·

178 4453 331 4517 cedentem
346 4453 499 4537 alloquens
514 4456 586 4520 haec
601 4456 654 4520 ait:
