3266 5140
735 491 797 553 403

184 686 307 739 tractare
332 678 528 752 decrevimus,
554 676 727 739 vocabulum
747 687 863 748 auctor,
883 677 919 738 de
939 678 1021 740 errius
1038 681 1081 741 vel
1096 681 1340 758 significationum

184 780 369 843 multitudine
384 797 444 841 uno
455 796 560 859 genere
575 779 852 859 comprehendenda
870 788 899 841 et
917 798 972 859 per
991 783 1104 861 species
1124 786 1281 847 commode
1295 786 1342 846 di·

183 884 321 964 gerenda,
340 885 384 947 vel
402 883 494 962 stirpe
516 891 602 963 atque
622 882 748 960 origiue,
767 881 847 943 unde
866 881 953 945 simul
971 883 1069 963 ipsum
1091 888 1173 965 quasi
1189 906 1298 967 corpus
1313 900 1342 951 et

183 988 279 1049 forma
293 986 433 1060 vocabuli,
448 986 536 1049 simul
546 986 691 1066 primitiva
706 984 879 1062 significatio
895 988 1051 1049 commode
1066 997 1225 1069 repetatur,
1245 990 1341 1052 direr-

184 1089 319 1151 siasimae
334 1089 429 1151 adhuc
442 1090 560 1151 luerunt
574 1089 815 1151 doctissimorum
830 1089 962 1151 virorum
976 1090 1150 1152 sententiae:
1173 1110 1229 1153 nos
1241 1104 1340 1155 utrum

184 1211 281 1254 reram
300 1190 444 1254 rationem
464 1190 715 1272 perspexerimus,
734 1208 769 1253 an
791 1209 921 1253 errorem
942 1193 1035 1254 errori
1055 1193 1210 1267 addemus,
1230 1194 1341 1275 perito-

182 1312 249 1355 rum
264 1301 328 1355 esto
343 1293 492 1355 iudicium.
521 1294 564 1355 dc
577 1296 706 1374 primum
722 1294 839 1374 quidem
856 1294 935 1375 quod
951 1295 986 1357 ad
1007 1298 1132 1358 sormam
1148 1297 1281 1359 vocabuli
1296 1306 1341 1360 at-

182 1397 264 1470 tinet,
279 1407 383 1458 ouctm
396 1397 505 1459 rectius
521 1416 607 1477 quam
624 1408 711 1459 autor
726 1396 813 1458 scribi
828 1414 909 1460 nuno
924 1397 1041 1478 quidem
1058 1398 1130 1459 satis
1141 1398 1218 1461 inter
1236 1419 1341 1463 omnes

183 1506 298 1561 constat
312 1518 402 1579 quum
419 1507 542 1580 propter
553 1500 687 1561 codicum
702 1500 882 1580 optimorum
899 1507 928 1560 et
936 1500 1201 1563 vetustissimorum
1214 1520 1342 1565 consen-

182 1619 260 1677 sum,
276 1610 337 1663 tum
354 1610 476 1683 propter
495 1602 645 1664 titulorum
660 1601 843 1675 testimonia,
858 1620 932 1681 quse
952 1602 1107 1682 palatinam
1127 1603 1249 1666 litteram
1265 1607 1342 1667 anti-

183 1703 281 1784 quitus
295 1704 437 1766 vocabulo
452 1704 571 1766 insitam
590 1705 681 1767 luisse
703 1706 920 1777 demonstrent,
940 1704 1006 1766 licet
1025 1706 1190 1785 posteriore
1208 1715 1342 1789 tempore

182 1806 255 1868 etin
270 1806 393 1869 noviciis
412 1809 528 1889 linguae
547 1807 651 1869 latinae
671 1806 783 1869 filiabus
803 1808 965 1881 evanuerit,
988 1807 1087 1870 itidem
1108 1816 1140 1870 ut
1158 1809 1188 1870 in
1205 1820 1286 1872 actem
1300 1845 1342 1856 —-

183 1918 255 1980 auo,
271 1919 455 1971 uectore-
470 1920 606 1980 tretture,
627 1921 746 1971 uectura
762 1945 802 1954 -
816 1920 932 1971 netture
951 1911 1070 1991 aliisque
1090 1911 1119 1973 id
1139 1929 1231 1991 genus
1253 1931 1342 1993 quam

181 2010 316 2090 plurimis
329 2018 366 2090 ¹).
402 2012 515 2087 Quodsi
540 2023 687 2074 auctorem
707 2021 819 2072 veteres
846 2012 992 2086 dicebant,
1017 2031 1078 2073 non
1102 2025 1249 2087 autarcen,
1269 2014 1374 2077 baert

181 2114 245 2194 ipsa
267 2115 362 2176 lorma
383 2115 515 2177 vocabuli
536 2114 634 2175 minus
656 2111 835 2192 probabilem
859 2113 926 2174 lacit
947 2132 1050 2175 eorum
1080 2116 1267 2189 sententiam,
1290 2118 1339 2195 qui

182 2216 304 2296 stirpem
325 2215 387 2277 eius
403 2216 433 2277 in
448 2235 552 2296 graeco
568 2215 744 2297 pronomine
760 2205 859 2289 αὐτός
879 2214 935 2276 sibi
950 2217 1079 2277 invenire
1094 2217 1148 2278 visi
1164 2224 1246 2279 siml:
1261 2218 1341 2281 nulla

181 2317 259 2378 enim
274 2317 349 2378 ratio
364 2318 519 2397 excogitari
534 2325 641 2399 potest,
657 2316 971 2397 quamobremclittera
983 2317 1078 2379 addita
1095 2316 1147 2393 sit3
1161 2318 1217 2380 nisi
1234 2319 1259 2380 si
1275 2319 1340 2399 quia

180 2428 291 2482 veteres
308 2420 379 2481 lalaa
394 2420 586 2501 originatione
602 2421 750 2500 deceptos,
766 2437 857 2499 quum
872 2418 907 2480 ab
920 2420 1050 2499 carpendo
1067 2431 1215 2482 auctorem
1229 2421 1339 2483 dictum

181 2530 358 2597 statuerent,
378 2523 447 2604 huic
465 2524 550 2604 stirpi
571 2522 840 2603 pronuntiationem
860 2522 1100 2583 accommodasse
1115 2521 1237 2600 dicatu.
1268 2522 1341 2585 Gre-

181 2625 245 2687 rius
259 2626 319 2687 boc
329 2634 384 2699 est,
400 2626 480 2706 quod
492 2626 539 2688 isti
552 2624 737 2704 originationi
746 2625 843 2686 omnis
852 2624 980 2703 malogia
989 2631 1140 2704 repugnat.
1155 2624 1255 2705 Neque
1263 2625 1340 2687 enim

180 2745 313 2808 unquam
332 2748 367 2789 ex
386 2747 487 2809 graeca
507 2727 710 2789 terminatione
729 2730 766 2794 a}
785 2727 827 2788 vel
847 2731 898 2811 (ῖρ,
917 2727 1164 2806 quemadmodum
1185 2727 1290 2788 Aeoles
1312 2737 1342 2789 et

182 2830 340 2893 berienses
354 2831 487 2893 nonnulli
508 2829 750 2910 pronuntiabant,
771 2828 888 2890 latinam
897 2814 952 2903 or,
967 2816 1037 2891 effi
1053 2830 1182 2892 extitisse
1201 2829 1344 2905 videmus,

182 2950 277 3013 neque
293 2932 491 3007 uomentium,
507 2933 587 3012 quod
602 2950 768 3012 pronomen
784 2940 837 3006 est,
851 2950 945 3011 neque
961 2932 1082 2993 omnino
1099 2952 1190 3013 posse
1205 2932 1264 2992 hoc
1278 2930 1341 2993 fieri

181 3037 359 3111 iudicamus,
381 3045 503 3118 propter
516 3035 661 3097 diversam
676 3035 828 3114 utriusque
842 3034 999 3096 verborum
1016 3035 1129 3114 generis
1145 3042 1280 3097 naturam
1296 3042 1341 3096 at·

182 3158 239 3220 que
261 3139 399 3202 indolem.
429 3139 544 3214 Quodsi
566 3138 630 3219 quis
653 3140 779 3199 tortasse
800 3136 921 3199 latinum
944 3149 1031 3200 autor
1053 3156 1115 3200 non
1137 3137 1255 3217 peridem
1270 3137 1341 3199 illud

182 3242 282 3321 ipsum
296 3259 433 3320 graecum
448 3232 549 3325 αὗτόρ
564 3260 630 3303 esse
644 3240 728 3312 dicat,
745 3240 796 3301 sed
812 3258 847 3301 ex
862 3240 962 3302 eedem
979 3246 1077 3302 tamen
1097 3239 1187 3319 stirpe
1203 3257 1341 3320 procrea-

182 3351 254 3417 tum,
268 3344 482 3424 huncquoque
495 3344 568 3407 nibil
582 3343 677 3405 dicere
692 3359 858 3404 censemus.
888 3342 1003 3421 Quippe
1018 3341 1144 3403 dubitari
1157 3358 1220 3403 non
1235 3350 1342 3422 potest

182 3447 254 3527 quin
269 3446 455 3527 pronominis
471 3437 570 3521 αὐτός
584 3446 657 3509 duae
673 3443 780 3524 stirpes
797 3444 961 3518 sint‚altera
973 3431 1173 3523 adperticula
1190 3443 1277 3505 altera
1292 3447 1341 3519 ’τὀ,

182 3548 402 3612 demonstrativi
418 3548 602 3630 pronominis
617 3549 753 3625 radim),
773 3564 897 3629 quamm
915 3554 1019 3608 neutra
1038 3545 1128 3608 latino
1147 3545 1262 3607 nomini
1280 3546 1343 3608 ullo

254 3812 276 3877 1)
295 3812 452 3880 Hispanicum
464 3812 573 3876 linguam
586 3811 680 3879 excipit
690 3807 916 3861 bellnam-Rosea.
929 3806 961 3859 de
972 3807 1084 3860 minio
1097 3826 1120 3876 p.
1130 3807 1188 3869 246,
1201 3822 1342 3874 provocans

183 3899 214 3948 ad
224 3896 346 3949 vocabula
357 3902 437 3962 ector,
449 3896 536 3960 lector,
548 3900 642 3961 rector,
655 3912 718 3964 quae
730 3895 833 3947 latinam
846 3893 950 3944 sormam
960 3893 1111 3945 immutatam
1124 3900 1267 3945 servarunt.
1292 3892 1342 3944 Sed

184 3984 246 4034 baec
258 3983 332 4034 etium
344 3982 409 4050 apnd
422 3980 509 4033 Gallos
522 3981 535 4032 i
547 3981 658 4033 litteram
677 3998 724 4031 non
742 3981 871 4033 amittunt:
889 3986 978 4031 contra
990 3984 1074 4030 mator
1086 3978 1187 4046 Hispani
1200 3980 1285 4030 dicunt
1297 3994 1342 4045 pro

183 4071 305 4134 mamare,
317 4075 344 4119 et
354 4067 482 4133 nmtador,
493 4073 522 4117 ut
534 4067 630 4133 opinor,
643 4082 691 4116 non
703 4065 838 4117 mactador
848 4064 880 4115 ab
893 4064 947 4132 ipso
960 4064 1103 4115 Bellbornio
1116 4063 1164 4113 dici
1177 4064 1251 4115 solet.
1280 4063 1344 4115 ltem

184 4157 270 4205 trater
281 4154 367 4205 dieunt
378 4169 424 4221 pro
438 4157 564 4217 tractore,
581 4159 608 4204 et
615 4152 697 4219 scuto
715 4167 761 4219 pre
770 4152 871 4219 sneotu
886 4158 914 4202 et
929 4151 983 4202 luto
1000 4166 1046 4218 pro
1058 4150 1136 4203 tuctu.
1159 4148 1246 4217 tuque
1258 4166 1291 4200 ex
1303 4165 1343 4214 eo,

185 4239 250 4306 quod
261 4238 292 4289 ab
305 4238 420 4306 Hispania
432 4242 509 4291 enter
520 4238 619 4304 dicitur,
633 4252 786 4305 nequaqnam
799 4237 974 4305 consequitor,
992 4236 1066 4288 etiam
1081 4252 1094 4287 a
1107 4235 1235 4288 veteribus
1247 4235 1344 4287 latinis

185 4324 221 4375 ite
232 4324 324 4375 dietum
336 4338 402 4376 esse.

252 4408 278 4473 2)
297 4408 365 4460 llaec
377 4409 425 4460 fult
436 4409 517 4460 beierl
531 4407 665 4471 sententia,
678 4420 780 4457 eroum.
793 4406 824 4457 ad
836 4404 887 4457 Cic.
900 4406 932 4457 li.
945 4422 982 4457 or.
995 4421 1041 4472 pro
1054 4403 1139 4456 Tullio
1152 4412 1201 4457 eto.
1215 4421 1238 4471 p.
1251 4404 1310 4455 245.

253 4492 278 4557 3)
298 4491 369 4544 Geni.
382 4491 514 4546 Hermann.
529 4494 560 4545 de
572 4491 717 4560 pronomine
730 4484 824 4556 αὐτός,
838 4490 951 4558 opuscul.
968 4496 1028 4542 tom.
1048 4490 1070 4541 l.
1082 4506 1107 4556 p.
1121 4490 1185 4552 3⁰83
1199 4504 1344 4558 quemquam

1079 4575 1141 4638 26*
