3164 5138
671 521 711 585 ii'l

123 710 247 791 reposuit,
258 710 454 790 aptissimum
466 710 500 771 ad
512 710 567 771 loci
579 702 750 772 senteuliam
758 709 972 789 probatumque
982 706 1270 789 proptereahiebelio

125 833 149 894 p.
165 812 227 887 loe,
238 812 373 875 lacohsin
390 813 511 874 Anthol.
528 812 582 893 lp.
599 812 649 887 43,
666 810 830 874 Gaislordio
846 811 927 874 Poet
951 809 1001 874 Gr.
1016 812 1087 875 min.
1113 810 1126 873 l
1145 832 1175 893 p.
1192 811 1271 887 2953

123 914 303 995 improbatum
330 924 436 979 autem
457 916 640 978 hlehlhomio
665 914 819 995 nobisque.
862 914 962 997 Neque
988 917 1067 978 enim
1094 914 1273 977 verisimile

124 1017 220 1079 metm
233 1018 430 1081 notissimum
442 1019 564 1081 verbum
579 1027 608 1079 et
622 1018 825 1098 planissimum
842 1019 900 1080 hoc
918 1020 983 1081 loco
998 1019 1028 1080 in
1043 1020 1132 1081 istum
1149 1019 1271 1079 modum

123 1120 259 1183 ulibrariis
273 1122 432 1202 corrumpi
444 1122 586 1203 potuisse.
617 1120 704 1195 Quod
720 1128 816 1182 autem
832 1121 1009 1183 Abresehius
1020 1121 1126 1183 llilucc.
1142 1121 1272 1202 Tbucpd.

123 1242 147 1302 p.
161 1223 216 1285 'llb
229 1225 458 1286 rescribendum
470 1225 584 1287 censuit
596 1220 653 1286 καί
675 1216 752 1305 βίου
774 1219 880 1309 χρήμῃ
895 1220 1071 1301 πλανᾶται,
1086 1224 1271 1305 repudiatum
1290 1236 1306 1287 4

123 1327 251 1387 stall.
267 1328 327 1390 uu.
351 1346 416 1389 non
438 1328 521 1389 aliam
546 1327 584 1389 ob
607 1345 737 1400 causam,
764 1345 852 1407 quam
876 1328 942 1407 quia
962 1326 1134 1389 vocabulum
1153 1325 1274 1389 rarioris

123 1447 183 1490 urus
196 1437 223 1490 et
237 1430 315 1492 nulla
330 1429 525 1491 classicorum
541 1429 718 1507 scriptorum
731 1429 902 1490 auctoritate
914 1429 1058 1491 munitum
1069 1429 1184 1492 admitti
1195 1431 1273 1511 apud

122 1531 314 1595 hrclriloehum
329 1550 396 1594 non
412 1552 502 1613 posse
514 1539 682 1594 censerent:
695 1532 778 1594 cuius
789 1531 887 1593 iudicii
903 1532 988 1593 nohis
1001 1533 1118 1613 quidem
1130 1533 1274 1595 rationem

122 1632 215 1696 oman
230 1636 302 1698 sutis
316 1635 460 1697 idoneam
474 1634 613 1698 hahuisse
626 1634 769 1708 videntur,
784 1634 842 1696 nisi
857 1636 932 1697 lorte
946 1634 1017 1696 nihil
1032 1635 1064 1696 in
1078 1635 1124 1697 bis
1140 1642 1274 1698 vetusto·

122 1752 177 1797 mm
190 1748 345 1818 poetarum
361 1739 535 1817 fragmentis
549 1737 734 1817 probandum
750 1745 804 1811 est,
822 1737 904 1799 cuius
918 1755 981 1799 non
997 1738 1083 1799 etiarn
1106 1740 1184 1819 apud
1199 1739 1273 1800 alios

122 1856 174 1900 non
190 1840 287 1903 minue
312 1848 433 1903 veteres
456 1840 588 1919 exempla
612 1840 810 1902 demonstrari
829 1852 964 1920 possunt.
1013 1841 1081 1902 Non
1101 1849 1178 1903 extat
1203 1859 1273 1904 sane

121 1936 211 2026 χρήμχ
231 1942 412 2005 vocabulum
427 1943 483 2004 nisi
503 1943 579 2023 apud
595 1961 687 2004 unum
712 1954 904 2022 personatum
920 1942 1100 2005 llerodotum
1119 1944 1272 2007 vitilem.

123 2046 215 2108 old:
245 2042 313 2108 τῶν
339 2041 544 2127 βουλευτέων
575 2039 633 2106 ἕνα
659 2039 789 2127 λέγεται
820 2040 1063 2130 ἐναντιωθῆναι
1090 2043 1132 2131 τῇ
1164 2042 1272 2134 χρήμῃ

122 2136 221 2225 riteh,
246 2148 383 2228 itemque
410 2166 473 2227 cap.
502 2149 556 2209 ll:
584 2143 663 2222 τους
687 2142 949 2223 ἐναντιωθέντας
969 2143 1086 2230 λόγους
1105 2147 1148 2235 τῇ
1167 2146 1273 2236 χρήμῃ

123 2238 216 2326 edroi,
238 2270 331 2332 quem
348 2251 446 2312 locum
461 2250 568 2312 Suidas
583 2250 713 2313 excitans
728 2245 1071 2335 xpdptpointerpretatur
1083 2245 1196 2337 χρείαν
1216 2249 1274 2314 καί

122 2341 239 2411 andros:
261 2369 330 2415 uon
350 2362 445 2416 eutem
472 2354 602 2415 adducor
620 2361 654 2415 ut
672 2353 788 2414 credam
805 2353 980 2433 scriptorem
1002 2354 1107 2426 istum,
1128 2373 1219 2434 quum
1240 2373 1274 2416 se

121 2448 287 2517 hmodotum
304 2457 446 2517 simulare
460 2455 555 2530 vellet,
570 2455 709 2517 vocabulo
725 2473 849 2516 usurum
862 2455 963 2528 luisse,
979 2458 1059 2537 quod
1076 2477 1137 2520 non
1155 2466 1275 2522 certast

123 2563 219 2617 reuma
233 2558 411 2621 auctoritate
425 2558 581 2638 probatum
597 2566 684 2620 esset
716 2558 802 2631 Quod
818 2568 915 2620 autem
931 2558 1049 2633 Saldae,
1066 2568 1117 2622 aut
1131 2560 1167 2636 is,
1186 2580 1274 2642 quem

124 2656 214 2721 Snidas
227 2660 410 2742 compilarit,
424 2662 504 2723 illum
519 2679 612 2723 unum
629 2660 823 2736 usum-citat,
837 2662 928 2723 nolim
943 2661 1012 2723 inde
1023 2660 1116 2743 colligi
1127 2681 1275 2743 nusquam

123 2758 241 2825 rhhihoc
254 2765 435 2827 vocabulum
451 2764 487 2826 ab
502 2784 537 2826 eo
553 2764 704 2826 inventum
719 2783 793 2825 esse.
829 2764 962 2826 Primum
979 2765 1055 2826 enim
1072 2784 1161 2846 quum
1178 2766 1273 2846 scrip-

122 2869 202 2925 torem
217 2866 305 2928 illum
320 2867 395 2929 haud
412 2866 500 2928 dubie
513 2867 694 2928 Herodotum
710 2868 808 2948 ipsum
820 2886 885 2928 esse
897 2867 1034 2943 crederet,
1051 2868 1120 2948 quid
1132 2884 1209 2948 opus
1221 2868 1276 2929 luit

123 2982 173 3027 ano
194 2977 276 3032 teste
299 2968 530 3049 locupletissimo
551 2970 637 3032 citato
661 2969 746 3031 etiam
770 2968 841 3031 ahos
863 2968 992 3032 addere?
1018 2970 1085 3032 dein
1105 2990 1142 3032 ne
1161 2978 1273 3032 certum

124 3070 227 3147 quidem
244 3080 311 3147 est,
330 3073 440 3134 nullum
460 3081 609 3154 praeterea
632 3072 750 3134 allatum
770 3091 845 3134 esse.
889 3072 962 3134 Nam
984 3074 1126 3136 excidisse
1140 3074 1275 3136 nonnihil

123 3175 254 3249 postilla
280 3175 430 3255 personari
455 3175 596 3237 Herodoti
621 3174 708 3236 verbe
732 3175 831 3255 ipsum
856 3174 963 3236 Suidae
987 3176 1084 3238 locum
1110 3175 1276 3257 inspicienti

123 3276 302 3339 namneum
328 3278 391 3339 det:
417 3286 446 3339 et
470 3296 561 3359 quum
587 3271 711 3362 χρήμην
735 3294 790 3357 per
814 3271 925 3360 χρείαν
950 3286 978 3339 et
998 3273 1122 3340 σαυίνιν
1143 3278 1273 3359 explicet,

124 3375 233 3441 alteram
255 3388 335 3441 certe
353 3380 575 3460 explicationem
591 3398 627 3443 ex
641 3380 783 3441 Herodoti
801 3380 867 3440 loco
882 3380 1000 3441 haurire
1023 3400 1084 3443 non
1104 3381 1215 3461 potuit:
1235 3380 1274 3443 ibi

124 3481 192 3543 emm
209 3476 320 3567 χρήμη
334 3487 498 3563 petitionem
512 3482 668 3562 significat:
684 3482 737 3544 sed
753 3481 869 3543 aliunde
883 3483 1029 3562 cognitam
1042 3483 1150 3547 habere
1165 3484 1274 3546 debuit.

123 3579 197 3647 llulla
216 3585 307 3665 igitur
332 3604 418 3648 eausa
443 3606 509 3649 esse
535 3586 661 3661 videtur,
687 3605 738 3647 cur
758 3586 828 3647 illud
854 3584 1029 3647 vocabulum
1049 3586 1085 3648 ab
1101 3587 1275 3649 Archilocho

123 3698 291 3768 usurpatum
306 3707 373 3749 esse
391 3706 547 3767 negemus3
574 3708 665 3769 quum
684 3688 857 3769 praesertim
879 3689 999 3750 totidem
1020 3690 1104 3769 plane
1122 3689 1226 3752 litteris
1246 3691 1277 3751 in

123 3790 265 3852 codicibus
278 3790 420 3872 seriptum
432 3800 518 3867 extet,
534 3811 710 3873 quamquam
722 3793 751 3853 in
763 3792 834 3853 dues
846 3793 964 3854 voculas
976 3792 1162 3855 librariorum
1176 3811 1276 3854 errore

30 3976 31 3979 ρ
124 3891 305 3973 diremptum.
349 3894 412 3956 Erit
436 3895 523 3974 igitur
548 3888 625 3977 βίου
646 3888 751 3979 χρήμη
777 3898 868 3956 uictus
893 3895 1064 3975 tiodipcotio:
1092 3903 1179 3975 atque
1204 3897 1277 3957 haee

124 3996 234 4075 propria
255 4006 302 4057 est
321 3996 450 4058 vocabuli
475 3991 581 4082 χρήμη
608 3996 796 4075 significatio,
816 3997 894 4058 unde
915 3998 1002 4059 altera
1021 3997 1081 4071 illa,
1101 4016 1175 4078 quae
1198 3997 1276 4078 apud

124 4094 434 4160 Pseudo-Herodotum
447 4108 500 4173 est,
512 4098 646 4161 facillime
656 4099 749 4173 duxit,
762 4099 1009 4179 quemadmodum
1022 4100 1108 4161 etiam
1118 4109 1274 4180 cognatum

124 4201 288 4263 rotabulum
313 4195 406 4284 χρεία
431 4220 493 4263 non
517 4202 609 4263 modo
638 4198 698 4287 τὴν
720 4193 858 4277 ἔνδειαν,
889 4202 1050 4264 sedetiam
1076 4198 1136 4286 τὴν
1162 4196 1274 4285 δέησιν

30 4348 31 4351 η
126 4299 267 4381 rignihmt
311 4303 475 4385 Thucydi,
490 4304 540 4367 37.
570 4306 718 4367 Plutarch.
734 4306 829 4369 Crass.
848 4305 896 4368 12.
929 4305 1016 4379 Quod
1031 4314 1129 4367 autem
1145 4301 1274 4366 dativum

30 4374 32 4505 ί
125 4403 294 4469 thesemo
309 4408 434 4488 reponit,
448 4409 633 4471 necessarius
648 4426 719 4472 sane
734 4419 779 4472 est
792 4408 842 4472 bic
857 4427 951 4480 cesus,
968 4408 994 4468 si
1014 4409 1157 4486 reliquum
1178 4405 1276 4466 locum

30 4520 32 4581 t
125 4506 320 4590 ioeomuptum
334 4530 401 4573 ecee
419 4519 540 4586 statuar,
555 4518 657 4594 neque
665 4530 721 4575 nos
737 4512 766 4574 id
785 4513 823 4575 ito
843 4532 910 4574 esse
930 4509 1115 4588 negabimus,
1137 4501 1274 4587 quando-

1026 4611 1046 4669 5
1059 4606 1072 4639 'l

30 4734 32 4785 l
