3290 5142
704 484 854 582 A
919 500 920 503 ,

198 673 228 736 in
243 671 351 754 qmbua
365 664 405 732 τό
418 688 472 753 pro
486 664 555 750 τόν,
571 672 652 756 quod
665 674 696 736 in
711 673 859 738 codicibus
875 680 930 749 est,
944 671 1127 755 blmgrariuo
1138 673 1248 755 posuit,
1263 672 1357 756 adop·

196 781 356 856 taruntque
372 775 585 838 correctionem
605 776 794 854 blattbiaeuo,
814 776 1016 852 Hermannus,
1037 775 1093 840 alii.
1124 774 1161 839 lit
1174 775 1357 857 bluograviuo

198 879 333 962 quidem,
354 895 484 959 quocum
504 878 653 942 Seidlerus
675 880 764 962 (apud
779 880 938 942 Hermann.
954 880 986 941 in
1000 878 1092 961 prael.
1106 897 1136 960 p.
1152 877 1227 960 vt),
1248 879 1358 957 Fixiue,

197 985 366 1065 llartuugue
385 981 589 1057 consentiunt,
610 977 649 1046 τό
671 974 839 1069 ὠφέλιμον
858 983 894 1046 de
913 981 1061 1046 beneflciis
1082 979 1231 1063 accipiunt
1244 981 1308 1046 loni
1322 981 1358 1045 ab

198 1086 331 1168 Apolline
346 1083 474 1158 tributio,
490 1085 597 1166 quibua
612 1085 691 1168 quod
707 1079 852 1165 πατέρος
866 1076 971 1164 όνομα
984 1082 1105 1157 inditur,
1120 1084 1180 1146 boc
1194 1083 1266 1147 nibil
1280 1084 1357 1148 aliud

198 1206 273 1265 oeae,
288 1205 379 1268 quam
392 1194 513 1269 paterna
524 1208 558 1251 ea
570 1186 709 1251 beneficia
720 1188 868 1270 appellari.
895 1187 1087 1251 brtideiooiua
1098 1186 1294 1264 dermannus,
1307 1188 1359 1270 qui

198 1299 392 1374 posteaquam
418 1284 563 1374 πατέρος
590 1281 695 1371 ὄνομα
719 1309 774 1373 pro
800 1287 927 1374 πατέρα
952 1290 1065 1354 dictum
1091 1307 1156 1352 eaeo
1175 1288 1300 1372 ideoque
1318 1285 1359 1353 τό

200 1381 369 1478 ὠφέλιμον
390 1383 576 1473 cumirago
586 1393 820 1457 construendum
831 1393 923 1456 luisse
933 1392 1045 1467 statuit,
1059 1391 1219 1475 genitivum
1232 1383 1360 1473 Φοίβου

199 1516 254 1579 per
267 1496 459 1570 attractionis,
476 1503 509 1557 ut
520 1496 569 1569 ait,
585 1496 708 1577 liguram
721 1496 759 1559 ad
770 1491 915 1579 πατέρος
925 1495 1182 1559 accommodatum
1194 1514 1260 1558 oeae
1271 1503 1361 1560 autu-

199 1608 272 1663 mat.
300 1599 371 1662 blihi
390 1600 464 1663 baec
485 1599 619 1662 attractio
633 1617 695 1662 non
710 1598 841 1682 Euripidi
856 1597 907 1660 sed
921 1597 1046 1660 librariis
1060 1597 1233 1679 imputanda
1245 1598 1361 1663 viduor

199 1702 392 1786 praecedente
412 1702 539 1783 genitivo
560 1701 702 1777 inductis,
726 1702 805 1783 quod
825 1719 919 1783 genus
939 1700 1047 1764 erroris
1063 1718 1152 1782 quam
1166 1700 1306 1782 frequens
1320 1702 1360 1765 eit

199 1804 286 1886 periti
301 1804 406 1867 sciunt.
437 1804 611 1868 Tenendum
626 1803 714 1886 igitur
728 1823 834 1869 censeo
848 1800 906 1869 τόν
920 1795 954 1867 d‘
967 1794 1145 1889 dordingum,
1161 1816 1216 1885 pro
1232 1796 1360 1885 Φοίβου

198 1903 260 1972 τού
274 1913 373 1971 autem
389 1906 517 1990 Φοῖβον
529 1902 589 1972 τόν
602 1942 644 1955 -
659 1907 858 1972 scribendum.
883 1908 980 1990 Atque
990 1907 1033 1970 sic
1045 1906 1134 1971 etiam
1144 1905 1359 1971 ubchhomam

200 2010 344 2074 iudicasse
360 2011 455 2074 rideo.

285 2113 427 2177 terrendi
446 2114 505 2178 flne
523 2113 600 2179 lacto
622 2114 675 2178 lon
693 2131 770 2198 aqua
789 2112 902 2177 lustrali
920 2132 957 2177 ex
971 2113 1096 2177 miodo
1116 2112 1200 2177 tonte
1219 2129 1361 2195 oonapere

199 2235 267 2300 gere
282 2236 381 2281 aream
396 2218 570 2300 aggreditur.
600 2217 635 2280 lu
649 2215 745 2282 verbis
760 2236 787 2280 r.
806 2217 883 2280 tta:

374 2346 466 2419 Ἀλλ’
489 2350 648 2419 ἐκπαύσω
670 2351 731 2438 γὰρ
752 2349 903 2438 μόχθους
925 2347 1055 2440 δάφνας
1075 2343 1187 2429 ὁλκοῖς

199 2493 248 2556 rix
266 2510 342 2575 opuo
361 2498 409 2556 eet
426 2510 548 2557 monere
566 2494 695 2557 datiuum
710 2510 772 2558 non
786 2510 857 2557 cnm
870 2483 1028 2557 ἐκπαύσω
1043 2490 1278 2557 contruendam
1290 2509 1358 2557 εεεε

197 2602 339 2678 tanquam
354 2597 485 2660 datiuum
499 2596 663 2668 commodi,
678 2597 730 2678 qui
744 2614 761 2659 a
774 2595 973 2678 grammaticis
988 2595 1109 2670 dicitur,
1125 2594 1177 2658 aed
1192 2612 1261 2659 cum
1275 2587 1360 2674 μόχ·

198 2700 294 2774 aava.
313 2700 389 2764 Nom
403 2692 535 2780 μόχθοι
548 2693 661 2773 όλκσις
675 2693 885 2783 όύφναςειισῑ
898 2698 1043 2765 laboret
1057 2696 1237 2762 trahenda
1251 2699 1358 2762 lauro

195 2801 369 2886 perfecti,
389 2812 424 2865 ut
445 2803 575 2866 datiuum
597 2801 852 2866 instrumentalem
867 2801 964 2865 dicere
978 2802 1077 2866 liceat:
1098 2820 1195 2884 neque
1207 2819 1275 2869 rara
1288 2808 1359 2866 eunt

198 2906 289 2969 buiue
302 2905 391 2969 dativi
405 2906 539 2989 exempla
553 2905 723 2970 nominibus
737 2904 936 2979 substantiola,
950 2913 1012 2968 tam
1023 2924 1099 2988 quae
1109 2905 1257 2969 actionem
1268 2923 1359 2986 quem

200 3026 275 3090 quae
286 3016 416 3072 actorem
427 3008 600 3090 significant,
613 3006 753 3073 adiuncti
774 3006 824 3071 Sic
833 3007 911 3089 apud
921 3006 1076 3071 Platonem
1086 3007 1172 3090 Lag.
1184 3006 1312 3090 upoaa
1323 3007 1357 3070 B.

199 3111 340 3192 legimus:
374 3104 409 3175 έν
439 3111 513 3187 ταῖς
536 3107 631 3197 -πρός
656 3102 816 3195 ἀλλήλους
840 3110 916 3186 ταῖς
940 3103 1033 3191 χερσὶ
1059 3103 1193 3191 μάχαις.
1229 3116 1260 3173 ot
1287 3109 1358 3174 ibid

199 3214 297 3298 paullo
311 3220 394 3295 poet:
409 3207 558 3297 κινήσεις
570 3214 619 3298 τῷ
633 3206 775 3292 στόματι.
800 3212 886 3293 begg.
902 3212 940 3274 lV
954 3231 983 3293 p.
1000 3213 1040 3274 77
1054 3212 1095 3275 d:
1110 3204 1130 3298 ή
1145 3211 1216 3287 τοῖς
1229 3207 1359 3292 βέλεσιν

199 3309 324 3401 ἔφεσις.
356 3316 419 3391 Vll,
440 3314 503 3377 824
517 3316 557 3379 A:
576 3306 597 3401 ή
618 3317 684 3378 τῶν
701 3307 915 3397 τετραπόδων
935 3310 1062 3391 ἵπποις
1082 3311 1140 3378 καὶ
1158 3310 1235 3379 κυσὶ
1254 3308 1358 3400 θήρα.

199 3417 577 3500 Republ.111p.397l:
610 3412 668 3479 όιό
688 3410 863 3501 ,μιμήσεως
887 3405 1014 3502 φωναῖς
1038 3434 1075 3479 τε
1100 3412 1159 3481 καλ
1183 3411 1358 3503 σχήμασιν.

201 3521 286 3603 bag.
300 3520 327 3583 X
340 3540 369 3602 p.
386 3519 448 3584 898
464 3520 503 3583 ll:
515 3515 638 3605 φαῦλοι
654 3514 845 3604 δημιουργοὶ
855 3513 943 3603 λόγῳ
954 3516 1062 3583 καλῶν
1072 3512 1215 3585 εἰκόνων.
1241 3521 1359 3587 Pindar.

201 3625 287 3706 Pytb.
305 3624 337 3699 1,
359 3621 421 3686 tao
441 3622 524 3701 (952)
542 3618 600 3686 τὸν
618 3615 728 3707 ταύρῳ
745 3617 873 3706 χαλκέῳ
891 3624 1049 3708 καυτήρα.
1077 3622 1211 3707 beocbyl.
1226 3625 1358 3709 Gboopb.

201 3746 229 3789 r.
247 3725 327 3788 277:
351 3717 468 3800 νόσους
490 3718 723 3808 έπεμβατήρας
748 3715 883 3806 <lyptote
904 3717 1054 3806 γνόόοις.
1089 3726 1132 3790 Cl.
1151 3727 1303 3792 Heindorf.
1322 3727 1360 3793 ad

201 3830 274 3893 Plat
288 3827 393 3910 (iratpl.
408 3846 438 3909 p.
458 3825 527 3890 tal.
553 3825 724 3889 Stallbaum.
739 3826 776 3889 ad
790 3826 877 3908 Legg.
895 3826 910 3887 1
927 3845 957 3907 p.
969 3827 1020 3890 tto.
1035 3862 1079 3875 -
1092 3828 1197 3894 Mora.
1213 3831 1272 3894 147
1283 3848 1360 3913 aqua

202 3931 238 3997 ob
252 3932 324 3994 lone
339 3921 440 4014 γαλας
453 3922 549 4012 παγό
563 3928 677 4003 dieitur,

471 4037 512 4110 dv
534 4038 756 4128 ἀποχεύονται
777 4039 972 4123 Κασταλίας
993 4044 1094 4125 ύῖναι,

202 4186 257 4248 pro
277 4156 495 4244 ύποχέονται,
517 4183 607 4247 ροισι
628 4165 755 4229 sormam
775 4171 906 4227 metrum
927 4166 1064 4248 usurpari
1083 4166 1206 4232 vetabat.
1241 4166 1362 4230 Constat

203 4270 282 4333 enim
296 4287 398 4332 rerem
414 4268 529 4333 duobus
546 4267 700 4332 doolrnriia.
726 4269 827 4332 Potuit
841 4276 940 4332 autem
951 4269 1041 4332 etiarn
1051 4271 1179 4335 activum
1190 4268 1261 4353 poni
1272 4258 1361 4333 ύπο-

202 4366 369 4451 χεύουσωε
385 4372 438 4436 sed
452 4372 585 4437 medium
599 4388 691 4455 quum
704 4371 849 4436 rationem
865 4369 982 4447 babeat,
997 4380 1131 4453 apertum
1147 4380 1202 4437 eet.
1216 4406 1261 4419 -
1271 4371 1361 4436 lieni·

203 4493 262 4558 que
282 4490 375 4557 guum
397 4494 462 4539 εεεε
482 4495 508 4537 v.
532 4476 592 4538 150
613 4466 707 4538 όσιον
725 4466 787 4537 ἀπ’
808 4465 905 4548 εύνᾶς
922 4490 988 4535 cece
1005 4474 1061 4536 lon
1079 4475 1161 4553 dicit,
1187 4475 1261 4540 nibil
1280 4473 1359 4538 aliud
