3178 5136
758 413 956 518 ...ιαμ

282 609 341 677 est,
356 596 424 665 αοῦ
438 620 505 665 esse
518 604 748 680 restituendum
769 600 839 668 ποῦ
853 610 950 667 autem
964 604 1087 666 hicnon
1101 601 1301 684 propriassit,
1317 601 1385 677 sed,
1400 609 1433 663 ut

283 704 401 768 solitum
419 704 450 766 in
468 703 679 785 indignatione,
697 709 757 770 lere
776 707 854 769 idem
873 707 952 787 quod
972 702 1046 781 πῶς
1059 723 1133 768 csse.
1176 704 1243 766 lam
1257 712 1353 766 totum
1367 722 1433 767 rer-

282 825 350 869 sum
365 807 405 869 ite
419 807 574 868 convertit:
604 811 744 889 ραοοιοαο
759 811 907 890 prolectas
921 808 970 870 ille
985 818 1026 870 est
1040 817 1091 870 ost
1106 810 1230 868 coaeum
1243 805 1363 879 obsedi,
1382 806 1436 868 sle·

281 927 341 972 mon
356 926 406 990 epo
421 906 749 992 aemulationeque
764 917 848 992 putet
861 927 923 971 non
934 910 1060 972 multum
1075 909 1217 970 interesse
1231 908 1308 970 inter
1321 916 1434 971 utram-

283 1030 339 1092 que
353 1011 639 1091 interpretationem,
660 1013 730 1076 illud
744 1012 798 1075 ube·
809 1030 870 1075 ιιονι
885 1030 934 1093 ego
949 1015 1073 1075 ιιιιονίιιι
1088 1029 1152 1073 eam
1167 1010 1226 1072 vim
1243 1008 1351 1073 habere
1365 1029 1434 1073 mo-

281 1123 341 1189 net,
357 1133 391 1177 ac
405 1114 432 1176 si
446 1112 556 1176 dictam
572 1114 624 1177 sit:
644 1114 698 1177 obi
710 1106 760 1177 ille
775 1133 810 1176 ce
823 1132 884 1176 ιιοιι
898 1131 948 1194 ego
959 1118 1059 1195 potius
1072 1116 1205 1177 steterim
1249 1112 1363 1187 Quodsi
1376 1113 1437 1176 boc

282 1218 313 1280 in
326 1217 402 1280 illius
417 1218 515 1279 locum
529 1217 750 1292 substitimus,
763 1219 836 1280 baec
850 1218 905 1279 erit
918 1216 1074 1279 sententia:
1090 1215 1232 1297 quomodo
1247 1218 1370 1277 emaum
1384 1214 1447 1278 ille-

283 1319 400 1390 alicubi,
417 1318 470 1381 abl
489 1319 539 1382 ille
558 1322 678 1392 steterit,
695 1338 730 1382 cc
743 1336 804 1381 non
817 1337 867 1400 ego
881 1315 999 1400 petales?
1040 1318 1074 1381 ld
1089 1335 1158 1379 vero
1174 1334 1264 1397 quum
1278 1317 1436 1381 berinqu

283 1421 373 1482 modo
382 1420 786 1501 possitutconsistataliquis
795 1421 975 1502 aliquoloco,
990 1420 1039 1482 ubi
1048 1428 1215 1483 tamennon
1230 1418 1279 1481 bic
1291 1419 1365 1500 ipsc,
1380 1419 1436 1481 sed

281 1522 379 1603 potius
386 1521 459 1584 alius
466 1522 612 1602 quispiam
620 1522 771 1598 consistat,
785 1522 940 1605 apparebit
952 1523 1030 1585 baud
1045 1521 1135 1585 dubie
1148 1521 1220 1584 nibil
1234 1520 1311 1584 aliud
1325 1521 1437 1584 dictum

282 1643 349 1687 esse
358 1624 405 1687 bis
414 1624 519 1699 serbis,
529 1624 588 1686 nisi
595 1624 711 1705 Ajacem
722 1642 869 1706 nusquam
877 1625 1054 1688 constitisse.
1070 1623 1290 1696 Confitebimur,
1303 1622 1438 1698 arbitmr,

281 1730 340 1791 hoc
354 1747 473 1803 omnes3
487 1729 545 1791 nisi
561 1736 657 1791 umen
672 1726 845 1790 mirabimur
858 1727 946 1788 istam
961 1744 1032 1789 sane
1050 1726 1204 1788 mirificam
1218 1726 1439 1807 perplexitatem

282 1831 437 1907 sermonis,
452 1849 524 1912 quae
538 1832 622 1913 quasi
636 1831 732 1893 dedita
747 1848 837 1910 opera
853 1829 1026 1891 sententiam
1040 1828 1188 1909 loquentis
1203 1828 1339 1891 obscuret
1352 1828 1438 1891 audi-

250 1945 265 1996 5
284 1940 436 2014 toremque
449 1933 585 1997 ludillret
608 1935 739 2010 Quotam
755 1933 833 1995 enim
848 1950 992 2013 quemque
1007 1930 1038 1993 in
1053 1931 1120 2011 ipsc
1136 1930 1357 1994 Atheniensium
1371 1932 1439 1993 tbe-

282 2042 345 2098 amo
361 2035 452 2098 luisse
465 2045 619 2116 putemne,
638 2036 701 2117 qui,
716 2053 807 2116 quum
821 2035 894 2098 baec
908 2034 1028 2108 audiret,
1042 2050 1104 2096 non
1119 2033 1159 2096 ita
1172 2033 1271 2114 potius
1287 2033 1440 2114 acciperet,

281 2136 325 2199 uti
338 2154 396 2200 noa
410 2154 499 2219 supra
513 2138 818 2220 interpretationum,
834 2145 867 2200 ut
879 2144 998 2218 negaret
1007 2136 1209 2217 Agamemnon
1221 2136 1337 2216 Ajacem
1350 2136 1440 2217 qaud-

284 2256 371 2319 ‹pram
386 2239 451 2302 sine
467 2258 499 2302 sc
513 2242 655 2320 gessisse,
675 2259 737 2303 non
752 2251 863 2315 eutem,
881 2247 916 2302 ut
929 2239 1002 2302 nihil
1015 2258 1083 2302 eum
1097 2240 1225 2320 gessisse
1240 2240 1440 2302 contenderet.

284 2342 398 2415 Quodsi
413 2350 533 2422 quaerat
547 2342 658 2424 aliquis,
673 2343 742 2424 quid
758 2342 935 2424 permoverit
949 2342 1174 2406 subtilissimum
1188 2342 1392 2424 interpretem,
1405 2351 1442 2405 ut

282 2451 342 2505 tam
357 2444 461 2506 mnam
472 2444 617 2507 rationem
631 2446 910 2521 comminisceretur,
924 2446 1071 2526 permovit
1084 2464 1152 2509 eum
1166 2464 1270 2508 versus
1284 2444 1374 2521 1281,
1388 2444 1440 2508 ubi

282 2547 392 2608 Teucer
406 2547 441 2609 ad
456 2546 685 2625 Agamemnonis
701 2548 935 2611 criminationem
948 2549 1141 2629 respondens,

584 2641 643 2730 οὐχ
657 2641 713 2713 ilo'
727 2637 776 2736 ἦν,
792 2650 840 2724 ait,
853 2650 969 2730 Ajacem
985 2650 1152 2730 designans,
1168 2642 1188 2715 ὁ
1202 2647 1286 2737 δρῶν
1299 2645 1390 2729 τάδε,

483 2740 522 2814 ὃν
538 2743 685 2832 οὐδαμοῦ
698 2749 766 2838 φῄς
781 2745 859 2815 οὐδὲ
872 2749 1039 2837 συμβῆναι
1053 2748 1152 2832 noct·

367 2854 419 2917 llis
429 2856 509 2918 enim
521 2856 616 2919 verbis
632 2875 723 2936 quum
739 2858 895 2919 manifesto
911 2857 946 2918 ad
961 2855 1016 2929 illa,
1032 2874 1106 2936 quae
1116 2874 1206 2938 supra
1217 2856 1439 2938 adscripsimus,

280 2957 455 3038 responderi
480 2958 623 3032 videatur,
651 2959 680 3020 id
700 2959 780 3039 quod
804 2960 889 3022 etlam
917 2970 998 3020 retus
1024 2958 1196 3021 scholiastes
1221 2960 1442 3035 animadvertit3

281 3061 441 3121 haeserunt
454 3059 484 3120 in
499 3058 535 3120 iis
550 3059 597 3121 alii
613 3079 730 3141 quoque
745 3061 933 3142 interpretem
953 3061 1092 3124 nimirum
1108 3064 1187 3143 quod
1202 3063 1252 3125 bic
1264 3063 1439 3145 responderi

280 3161 458 3223 videaturad
473 3144 580 3241 aliquid
594 3162 673 3242 quod
688 3164 889 3245 Agamemnon
903 3183 936 3227 re
951 3182 1018 3227 vera
1032 3181 1095 3227 non
1109 3164 1221 3227 dixerit.
1254 3165 1292 3227 lit
1305 3165 1440 3245 llusgra-

281 3263 492 3346 viumquidem
507 3263 544 3325 ab
558 3266 762 3329 emendatione
784 3266 921 3328 auxilium
941 3267 1012 3330 satis
1032 3267 1184 3331 infeliciter
1201 3275 1347 3349 petentem
1366 3265 1442 3330 nibil

281 3384 361 3429 nunc
375 3384 541 3428 moramur:
568 3368 734 3431 Erfurdtius
749 3376 847 3431 autem
862 3388 896 3431 se
909 3369 996 3449 plane
1010 3370 1147 3433 assentiri
1162 3370 1301 3433 Triclinia
1315 3370 1440 3452 prolite-

281 3476 338 3544 tur,
355 3468 438 3548 cujus
452 3468 526 3531 baec
539 3479 586 3531 est
599 3470 635 3532 ad
650 3471 730 3532 hunc
742 3471 839 3533 locum
855 3472 1020 3534 adnotatio:
1032 3468 1136 3558 φασὶν
1150 3467 1305 3550 ἐνταῦθα,
1321 3464 1366 3547 ὡς
1379 3490 1442 3535 σα·

281 3569 440 3657 nomenoi
457 3572 600 3654 Τεῦκρος
617 3563 855 3654 Ἀγαμέμνονα.
889 3565 927 3636 osi
948 3571 1009 3659 γὰρ
1028 3570 1063 3637 ἐν
1081 3576 1153 3651 τοῖς
1170 3570 1322 3658 πρόσθεν
1340 3566 1442 3638 αὐτοῦ

280 3668 394 3757 λόγοις
408 3669 495 3758 πρὸς
508 3671 625 3739 τοῦτον
638 3668 790 3739 τοιοῦτόν
802 3696 838 3738 τι
853 3669 996 3761 εὓρηται,
1013 3668 1087 3740 eltt'
1106 3669 1181 3763 ἔφη·
1203 3675 1272 3741 ποῦ
1285 3664 1443 3761 βάντοςῆ

280 3772 349 3840 ναοῦ
357 3770 502 3855 στάντος,
510 3765 614 3865 οὗπερ
623 3769 682 3841 otis
691 3770 757 3861 ἐγώ
761 3773 889 3863 ςφαμὲν
899 3764 955 3841 οὖν
965 3770 1151 3863 &audomaga
1162 3769 1444 3860 amusaeterum

281 3872 457 3959 συμβαίνει
476 3875 655 3965 προφέρειν
674 3872 745 3944 ἔσθ’
762 3874 819 3944 ὅτε
831 3876 890 3945 τὸν
910 3873 1079 3944 ἀντίδικον
1105 3874 1372 3963 ἀπολογούμενον
1390 3877 1443 3964 τῷ

281 3975 516 4065 προηγουμένῳ
535 3978 595 4066 mig
615 3974 881 4067 disparascere,
901 3973 924 4046 li
943 3975 1100 4047 οὐδέποτ’
1121 3975 1220 4060 αὐτὸς
1238 3977 1439 4070 ἐφθέγξατο,

282 4075 367 4146 οὕτω
382 4072 565 4145 κάνταῦθα.
582 4117 624 4128 -
638 4084 835 4148 Schneiderus
851 4086 976 4168 denique
995 4088 1071 4151 banc
1090 4106 1157 4150 esse
1171 4107 1197 4149 r.
1217 4087 1293 4150 1281
1318 4094 1442 4149 senteu-

281 4186 351 4247 tiam
367 4191 464 4265 putat,
490 4192 523 4247 ut
539 4183 635 4265 Ajacis
655 4204 758 4265 opera,
784 4207 872 4269 quam
887 4189 918 4250 in
932 4191 1052 4270 proeliis
1067 4189 1205 4262 ediderit,
1231 4189 1339 4252 nullius
1353 4191 1443 4271 pretii

282 4290 372 4352 luisse
387 4290 508 4352 dicatur.
554 4289 590 4350 At
604 4287 682 4351 enim
697 4306 735 4351 ne
749 4290 808 4351 hoc
827 4289 946 4371 quidem
960 4310 1141 4373 responsum
1156 4300 1258 4372 aptum
1275 4292 1350 4353 loret
1364 4291 1443 4370 Aga-

281 4390 447 4455 memnonis
462 4390 666 4467 criminationi,
682 4391 732 4472 qui
745 4393 818 4455 nibil
831 4393 889 4456 nisi
903 4401 1059 4473 negaverat
1068 4394 1185 4476 Ajacem
1200 4394 1359 4475 quidquam
1376 4394 1443 4457 sine
