3178 5136
691 433 747 498 191

135 618 245 683 marito
260 639 297 682 ae
308 619 409 683 liberis
423 619 583 700 pertinens,
598 618 681 701 quale
694 626 740 681 est
752 618 812 681 hoc
828 618 926 701 ipsum
945 611 1044 703 φυγή,
1059 619 1138 700 quad
1152 637 1296 701 saepenu-

136 740 222 784 mero
243 740 336 787 sensu
354 722 505 785 collective
525 721 642 797 dicium,
665 733 699 785 ut
716 714 868 808 φυγάδας
886 720 1042 801 significet,
1067 741 1092 783 e
1113 740 1138 784 c.
1165 722 1295 804 Thucyd.

137 824 213 899 l'lll,
228 825 287 888 64:
302 819 361 889 καὶ
375 818 600 911 γδρκαὶφογύ
616 815 721 887 αὐτῶν
735 814 798 903 ἔξω
813 812 852 909 ἦν
863 859 904 869 -
915 819 973 887 καὶ
988 815 1071 908 αὕτη
1085 818 1169 903 μετὰ
1183 820 1248 886 τῶν
1262 818 1296 887 δν

135 924 177 1012 τῇ
192 921 300 991 πόλει
313 918 515 1012 ἐπιτηδείων
528 917 674 1011 ἔπρασσε
687 923 755 991 cri„
783 926 856 991 Xen.
874 926 946 989 ilell.
962 926 994 987 V.
1011 945 1036 989 c
1052 926 1086 1002 2,
1106 926 1139 989 a:
1162 920 1294 1009 καὶγὰρ

137 1029 307 1111 συγγενεῖς
324 1024 446 1092 πολλοὶ
468 1019 563 1093 ἔνδον
580 1017 663 1113 ἦσαν
675 1024 741 1091 τῶν
758 1021 943 1114 φευγόντων
961 1024 1075 1091 καὶ-
1088 1065 1131 1075 -
1141 1021 1297 1111 κατάγειν

135 1126 319 1213 ἐβούλοντο
337 1127 396 1216 τήν
414 1125 526 1217 φυγήν.
568 1131 661 1194 laocr.
677 1130 713 1195 de
726 1130 788 1210 llig.
803 1149 833 1211 p.
854 1130 931 1193 351:
946 1124 1225 1216 στρατηγήσαντες
1237 1127 1297 1215 τῆς

135 1230 256 1319 φυγῆς.
301 1233 389 1297 Plura
406 1234 463 1297 rid.
489 1253 535 1314 ap.
556 1233 652 1295 Sturz.
667 1232 736 1295 lex.
751 1232 825 1295 Xon.
840 1233 870 1299 h.
889 1251 916 1293 r.
933 1232 1078 1295 Schacler.
1098 1252 1144 1314 ap.
1159 1234 1221 1296 Ast.
1242 1232 1294 1296 ad-

135 1336 225 1398 dend
242 1337 279 1399 ad
294 1335 367 1398 Plat
381 1336 469 1416 Legg.
483 1355 513 1415 p.
531 1337 604 1410 115,
628 1336 680 1409 11,
701 1336 886 1417 eumdemque
899 1334 936 1396 ud
955 1334 1101 1399 Pluterclr.
1121 1344 1193 1399 tom.
1213 1336 1246 1397 V.
1265 1356 1294 1416 p.

135 1436 209 1500 286.
226 1472 271 1484 —
285 1436 348 1501 llee
361 1436 449 1518 igitur
467 1437 581 1500 ratione
599 1437 668 1500 illud
684 1429 869 1500 ἁνδάνουσα
890 1432 979 1522 φυγή
997 1437 1186 1518 probabiliter
1203 1439 1295 1520 expli·

136 1541 195 1602 cari
209 1558 307 1621 posse
320 1539 449 1614 videtum
467 1558 660 1621 quamquam,
680 1539 783 1602 utiam
799 1547 865 1601 ante
879 1537 952 1613 dixi,
967 1558 1030 1602 non
1049 1558 1085 1602 eo
1099 1539 1171 1602 haec
1185 1558 1296 1603 nunes

136 1662 184 1705 me
198 1643 350 1724 disputata
364 1652 448 1716 sunt,
467 1662 526 1724 quo
546 1642 782 1707 commendarem
802 1642 877 1704 hanc
896 1641 1050 1703 lectionem
1064 1660 1135 1723 pme
1154 1661 1187 1704 ea
1207 1660 1293 1723 quem

137 1745 256 1808 codices
270 1744 369 1809 nostri
385 1762 487 1807 omnes
503 1745 644 1818 offerunt,
660 1744 711 1806 sed
730 1751 764 1806 ut
779 1742 895 1806 tolerari
917 1749 1015 1807 tmnen
1036 1751 1067 1805 et
1086 1743 1181 1824 ipsam
1203 1762 1295 1826 posse

138 1846 336 1910 osondesm
350 1882 394 1892 -
409 1846 466 1920 Qui
480 1847 613 1928 sequitur
626 1847 768 1928 genitivus
783 1841 940 1922 πολιτῶν,
954 1864 1010 1927 pro
1026 1865 1084 1927 quo
1100 1847 1227 1909 dativum
1242 1846 1294 1909 de-

138 1947 248 2011 derunt
261 1949 433 2023 Rammius,
447 1949 622 2025 Brocchus,
637 1950 799 2026 Portunus,
813 1948 928 2013 etiamsi
942 1947 1028 2029 plane
1038 1948 1180 2011 similibus
1195 1968 1294 2013 exem·

137 2050 193 2130 plis
207 2051 320 2114 muniti
334 2069 397 2113 non
411 2058 519 2132 potest,
532 2070 595 2117 uon
610 2060 708 2115 umen
717 2050 831 2114 ridetur
845 2057 946 2112 contra
961 2049 1103 2112 rationem
1115 2051 1294 2114 attractionis

137 2152 256 2232 positus
271 2172 348 2227 esse
361 2153 553 2234 quamobrem
568 2152 785 2215 assentiendum
800 2160 845 2213 est
859 2150 1021 2225 Matthiaeo,
1035 2150 1108 2213 nihil
1122 2153 1293 2215 mutandum

137 2254 353 2333 pronuntianti.
384 2255 479 2317 Erunt
492 2254 610 2336 quida·
626 2255 762 2326 fortasse,
782 2252 832 2333 qui
847 2253 931 2333 plane
946 2253 1070 2315 similem
1086 2253 1183 2316 dicant
1196 2254 1294 2317 locum

138 2353 299 2437 Sophoclis
325 2355 438 2419 Electr..
463 2375 491 2417 r.
511 2356 587 2419 652:
617 2347 751 2442 φίλοισί
770 2373 807 2415 τε
828 2348 984 2430 ξυνοῦσαν
1006 2341 1057 2430 οἷς
1078 2348 1207 2437 ξύνειμι
1231 2352 1292 2433 νῦν,

138 2446 375 2541 εύνγμεροῦσαν,
408 2451 467 2520 καὶ
493 2457 612 2520 τέκνων
638 2449 726 2520 ὅσων
750 2449 829 2536 ἐμοὶ
855 2448 993 2520 δύσνοια
1024 2454 1071 2542 μή
1105 2453 1293 2542 πρόσεστιν,

137 2558 378 2640 qnandoquidem
393 2559 579 2622 llermaamus
593 2559 722 2635 „hacc“‚
743 2558 837 2640 inquit
850 2559 994 2639 „proprie
1013 2558 1051 2622 ita
1069 2560 1126 2622 dici
1140 2559 1293 2635 debebant,

136 2652 194 2721 καὶ
214 2654 350 2735 τέκνοις
364 2654 559 2739 (ξυνοῦσαν),
577 2653 666 2725 ὅσων
679 2653 755 2740 ἐμοὶ
771 2652 906 2722 δύσνοια
919 2654 963 2744 μὴ
979 2653 1151 2742 πρόσεστι,
1174 2663 1226 2724 sed
1242 2681 1295 2743 per

135 2763 343 2825 munionem
361 2757 479 2826 τέκνων
493 2753 692 2826 inmolanda
707 2767 807 2825 sunt“.
850 2761 942 2824 Nobis
963 2770 1060 2826 tamen
1079 2764 1127 2826 hic
1150 2764 1294 2842 genitivus

134 2881 199 2927 non
216 2872 281 2926 mm
307 2882 361 2946 per
379 2865 581 2927 attractionem
601 2883 690 2945 quum
709 2863 843 2944 partitiva
862 2863 1073 2944 significatione
1090 2866 1207 2946 positus
1227 2886 1325 2936 essee

135 2965 268 3040 ndum,
287 2973 322 3028 ut
333 2967 421 3048 plena
435 2968 569 3048 loquutio
585 2967 680 3031 subsit
693 2967 812 3031 haecce:
832 2962 891 3029 καὶ
909 2960 1029 3030 τέκνων
1041 2960 1185 3047 τούτοις,
1204 2972 1241 3031 iis
1255 2987 1292 3031 ευ

135 3066 240 3131 liden's
253 3072 335 3145 meai,
349 3068 551 3150 potuissetque
565 3068 706 3148 genitivus
721 3067 794 3149 poni
809 3068 895 3130 etiam
910 3068 935 3130 si
949 3084 1011 3129 non
1027 3059 1113 3131 ὅσων
1127 3070 1180 3131 sed
1200 3062 1295 3145 ὅσοις

6 3252 8 3259 ⁴
134 3176 188 3231 aut
200 3161 268 3232 ὅσα
281 3178 459 3250 sequmetur,
473 3171 553 3233 velut
565 3169 597 3232 iu
611 3170 660 3232 tali
674 3168 835 3233 sententiae
847 3170 1093 3233 conformatione:
1107 3164 1166 3233 καὶ
1176 3165 1294 3235 τέκνων

136 3262 235 3346 ὅσοις
243 3264 326 3350 ἐμοῦ
336 3264 475 3335 δύσνοια
484 3267 530 3356 μὴ
542 3264 807 3357 πρόσεστι-εει
817 3261 865 3333 ld
878 3262 926 3346 εἷς
937 3263 1294 3356 dedecoramentum.

221 3372 325 3435 Paullo
339 3373 424 3447 infra,
438 3392 465 3434 r.
483 3374 532 3449 16,
547 3373 619 3437 heec
631 3372 717 3436 umbe
731 3368 789 3435 καὶ
803 3371 894 3437 νοσεῖ
905 3368 948 3435 τοὶ
962 3365 1106 3458 φίλτατα
1116 3374 1294 3439 novissimus

134 3476 243 3551 muer,
257 3475 421 3556 Prognes,
436 3477 657 3557 iuterpretatur:
676 3485 703 3538 et
717 3476 872 3539 commeo
892 3475 972 3538 adest
991 3480 1136 3539 corisuoti
1150 3480 1293 3557 pignoris.

134 3572 214 3655 ,Τὰ
229 3568 417 3662 φίλταταί,
442 3578 536 3653 addit,
562 3578 651 3654 „alibi
671 3578 776 3641 eximie
795 3577 931 3640 dicuntur
948 3578 1119 3659 parentibus
1132 3578 1230 3652 liberi,
1256 3580 1293 3641 cl.

135 3678 343 3743 Hemstarhus.
362 3679 399 3742 ad
413 3679 532 3743 Lucian.
548 3679 582 3743 Τ.
602 3682 617 3742 1
634 3699 664 3760 p.
683 3681 752 3742 177.
795 3679 892 3743 talou.
914 3679 949 3741 ad
968 3681 1081 3742 Phaon.
1101 3679 1163 3742 437
1170 3701 1178 3754 ;
1194 3680 1247 3742 sed
1266 3690 1295 3742 et

136 3781 264 3843 maritus
278 3780 375 3857 uxori,
388 3792 423 3844 ut
435 3781 520 3845 Herc
535 3782 567 3845 F.
584 3784 661 3855 5143
680 3782 804 3862 denique
818 3780 972 3862 proximus
986 3783 1111 3862 quisque
1126 3789 1156 3843 et
1168 3782 1295 3845 maxime

6 3920 7 3925 κ
136 3882 293 3946 dilectus.“
314 3902 350 3945 ex
364 3882 470 3965 quibus
483 3883 579 3947 verbis
594 3901 656 3949 non
670 3883 741 3947 satis
755 3883 884 3965 perspici
896 3889 998 3964 potest
1014 3902 1073 3963 quo
1088 3901 1181 3947 sensu
1194 3883 1223 3946 id
1239 3904 1292 3946 ro-

137 3984 276 4047 ealsnlom
290 3984 428 4049 hocloco
446 3986 539 4067 accipi
552 3985 633 4048 velit:
658 4004 728 4049 uem
747 3985 905 4051 ‹tisoimm
924 3985 1040 4065 quidem
1055 3985 1139 4048 adest
1153 3994 1182 4047 et
1195 3986 1293 4049 liberis

6 4080 8 4103 '
135 4092 166 4151 ut
182 4085 292 4148 maroa
312 4092 342 4147 ot
359 4085 418 4166 ipsi
435 4104 552 4167 quoque
565 4085 692 4151 lledeee.
736 4086 845 4150 llereor
858 4094 955 4153 autem
973 4095 1007 4149 ut
1020 4088 1126 4151 νοσεῖν
1140 4087 1177 4149 δε
1190 4087 1295 4149 disol-

6 4184 8 4239 i
136 4186 216 4250 mium
230 4194 261 4248 et
273 4186 405 4266 periculo
419 4195 499 4251 recte
513 4186 671 4267 occeperit:
701 4205 770 4251 uam
791 4207 882 4268 quum
902 4186 1009 4251 νοσεῖν
1030 4187 1085 4250 dici
1100 4188 1193 4250 soleat
1207 4188 1293 4268 quid-

135 4288 208 4371 quid
222 4287 368 4353 deteriore
381 4307 416 4352 τε
428 4306 490 4355 non
505 4308 540 4352 εο
557 4307 617 4369 quo
640 4288 763 4355 debehm
776 4296 857 4354 statu
877 4296 934 4365 est,
955 4289 1014 4353 hoc
1033 4290 1152 4371 quidem
1171 4289 1237 4350 loco
1251 4282 1295 4348 roi

135 4381 284 4476 φίλτατα
311 4390 401 4453 νοσεῖ
418 4390 660 4455 commodissime
687 4392 863 4472 accipiemus
887 4391 925 4454 de
941 4409 1034 4454 uxore
1051 4400 1080 4453 et
1098 4390 1219 4462 marito,
1245 4387 1295 4465 qui
