3190 5136
828 448 888 509 156

273 637 346 698 Cum
361 635 549 699 acerbissima
563 636 658 698 bunia
672 636 745 699 baec
757 636 833 701 dicta
848 656 916 701 esse
931 647 1065 719 apparet:
1090 638 1175 700 nolo
1189 656 1266 701 cunr
1282 635 1434 718 gloriari

272 738 363 819 apud
378 739 514 800 interos
530 738 570 800 de
585 738 662 800 tilia
681 757 767 815 mea,
786 741 986 820 Iphigenia,
1006 762 1023 805 a
1042 760 1079 804 se
1101 748 1259 802 mactata.
1304 739 1432 802 Verbum

271 837 487 922 μεγαλαυχεῖν
508 841 552 903 sic
573 859 642 903 cum
660 843 823 905 accusativo
853 843 998 924 participii
1018 850 1219 907 constructum
1238 841 1311 904 nihil
1336 842 1433 904 olion-

273 942 364 1004 sionis
378 942 473 1005 babet.
518 942 658 1023 Sequitur

472 1034 552 1119 άξια
573 1040 698 1130 δράσας
719 1036 798 1122 devo
819 1041 946 1128 πάσχει

470 1141 683 1233 ξιφοδηλήτῳ

472 1243 611 1333 θανάτῳ
634 1243 731 1326 cloec
752 1245 839 1338 άπερ
861 1240 964 1338 ἧρξεν.

271 1353 346 1415 Nam
361 1343 441 1431 άξια
453 1349 501 1436 dp.
517 1372 573 1434 pro
589 1344 709 1429 άνάξια
724 1350 773 1438 ὄρ.
790 1356 978 1418 scribendum
990 1355 1312 1431 omnesintelleremut,
1327 1363 1434 1437 estque

270 1456 330 1517 boc
355 1474 422 1518 cum
448 1455 550 1518 eudem
575 1456 687 1520 ironiae
706 1457 859 1519 acerbitate
878 1457 1003 1534 dictum,
1032 1476 1173 1539 praesens
1192 1466 1289 1521 autem
1315 1466 1433 1540 tempus

270 1552 395 1637 πάσχει
405 1566 569 1640 propterea,
584 1560 662 1639 quod
677 1579 757 1623 nunc
767 1579 884 1642 quoque
898 1563 975 1641 apud
990 1561 1101 1623 interos
1111 1562 1293 1642 Agamemno
1305 1580 1433 1642 poenam

271 1680 288 1721 a
303 1680 336 1722 se
349 1670 489 1736 exactam,
504 1663 599 1725 scelus
614 1681 676 1725 non
691 1664 816 1727 inultum
831 1682 895 1726 esse
909 1683 995 1743 aegre
1008 1666 1072 1727 tert

355 1780 387 1842 V.
406 1782 487 1845 1562
502 1790 600 1844 namat
614 1783 780 1863 Aegisthus,
800 1792 833 1845 ut
847 1783 922 1864 patri
938 1802 994 1845 suo
1010 1784 1153 1864 Thyestae
1166 1783 1203 1845 ab
1217 1785 1306 1846 Atreo
1320 1783 1433 1846 bbero-

270 1901 336 1946 rum
351 1893 543 1947 mactatarum
559 1904 661 1947 carnes
676 1885 706 1946 in
721 1885 853 1947 convivio
869 1904 924 1965 pro
940 1886 1035 1967 epulis
1050 1886 1203 1967 appositae
1221 1887 1341 1962 luerint,
1361 1886 1434 1949 abs-

271 1987 397 2048 conditis
417 1986 661 2061 extremitatibus,
687 1986 732 2049 ille
756 1996 852 2049 audem
878 1989 923 2051 sic
947 1989 1086 2068 deceptus
1112 1988 1300 2052 execrabilem
1325 1989 1432 2070 dapem

270 2089 427 2150 voraverit:

470 2187 513 2254 τά
534 2188 595 2271 μὲν
617 2187 748 2279 ποδήρη
764 2187 823 2255 καὶ
836 2188 937 2277 χερῶν
958 2182 1080 2278 decom
1101 2189 1215 2269 κτένας

470 2285 610 2379 ἔθρυπτ’
631 2286 761 2359 dvo-uo
783 2287 947 2377 άνάρακάς
967 2290 1165 2381 καθήμενος,

223 2427 253 2478 16
473 2387 586 2480 άσημα
609 2389 641 2458 d'
665 2388 772 2459 αὐτῶν
793 2389 898 2460 αὐτίκ’
920 2389 1038 2486 olyvolp
1051 2394 1162 2480 λαβών

471 2490 570 2562 ἔσθει
591 2495 694 2582 βοράν
715 2490 853 2577 άσωτον,
869 2490 915 2575 aig
937 2492 1025 2586 ὁρᾷς,
1049 2495 1143 2582 γένει.

269 2623 333 2684 Duo
344 2620 582 2684 manifestissima
596 2620 627 2681 in
642 2621 700 2683 boc
713 2619 778 2680 loco
791 2620 858 2684 vitia
872 2622 983 2682 dudum
999 2621 1035 2683 ab
1049 2621 1112 2683 aliis
1127 2629 1260 2684 correcta
1274 2629 1352 2696 sunt,
1367 2621 1434 2704 pri-

268 2743 350 2786 mum
366 2715 523 2807 ἔθρυπτε,
539 2724 620 2804 quod
635 2723 665 2784 in
678 2714 1011 2804 ihpomcemutandum,
1027 2723 1131 2785 deinde
1145 2714 1258 2807 άσημα
1270 2715 1304 2786 d'
1316 2716 1435 2786 αὐτῶν,

268 2845 322 2907 pro
344 2846 418 2908 quo,
434 2835 545 2887 mutata
565 2826 653 2888 simul
673 2825 905 2906 interpunctione
924 2826 1090 2899 verborum,
1107 2815 1219 2910 dupp'·
1240 2817 1307 2890 ὁδ’
1324 2819 1435 2889 αὐτῶν

267 2929 518 2991 —scribendum
543 2929 605 2990 luit.
650 2928 708 2989 Sed
731 2936 843 2990 restant
868 2928 927 2989 duo
947 2927 1000 2990 alia
1031 2919 1161 2990 ἄνωθεν
1185 2937 1214 2990 et
1232 2922 1434 3014 καθήμενος.

266 3033 339 3094 Nam
351 3032 431 3093 hunc
442 3031 616 3115 singularem
632 3031 673 3092 rel
688 3031 786 3110 ipsum
801 3029 968 3091 adverbium
984 3020 1149 3111 άνάρακάς
1161 3031 1276 3107 refutat,
1286 3031 1435 3112 siquidem

267 3128 433 3217 ἀνδρακάς
451 3128 632 3217 καθῆσθαι
650 3132 690 3194 dc
710 3150 781 3194 uno
796 3151 897 3213 graece
910 3150 973 3195 non
988 3133 1096 3212 magis,
1117 3150 1204 3212 quam
1223 3133 1356 3195 viritim
1371 3153 1436 3196 se-

267 3239 348 3300 dere
362 3237 451 3299 latine
466 3234 522 3297 dici
537 3236 679 3316 potest0l.
702 3235 738 3296 Et
753 3233 939 3295 Hermannus
953 3234 1073 3316 quidem
1084 3230 1291 3321 καθημένοις
1301 3237 1434 3318 scripsit,

265 3340 472 3411 accusativum,
484 3330 702 3422 καθημένους,
717 3345 872 3417 propterea
883 3337 1097 3417 repudiandum
1109 3346 1273 3415 autumans,
1288 3340 1435 3420 quianon

266 3444 295 3504 id
311 3442 418 3521 egisset
432 3442 551 3513 Atreus,
566 3449 599 3502 ut
613 3440 748 3503 convivas
765 3439 880 3512 celaret,
900 3439 952 3500 scd
968 3446 1001 3499 ut
1016 3458 1114 3503 coram
1131 3442 1258 3503 convivis
1273 3443 1433 3524 Thyesten.

266 3542 353 3623 Atqui
380 3540 507 3604 arbitror
531 3550 629 3603 umen
656 3541 742 3603 etiam
762 3540 899 3604 convivas
920 3541 1029 3621 pariter
1048 3560 1152 3604 omnes
1167 3545 1308 3607 celandos
1328 3546 1432 3620 luisse,

267 3664 393 3727 quorum
416 3645 550 3727 prolecto
565 3662 667 3718 nemo,
694 3644 719 3705 si
739 3644 861 3705 vidisset
879 3643 1024 3705 abscissas
1044 3662 1203 3724 puerorum
1223 3647 1433 3725 extremitates,

268 3747 407 3810 taciturus
430 3747 493 3809 luit.
526 3746 626 3826 ltaque
650 3745 723 3806 haec
741 3746 859 3825 quidem
879 3745 1050 3826 repudiandi
1072 3749 1226 3810 accusativi
1246 3769 1331 3812 causa
1351 3751 1433 3814 nulla

268 3851 329 3924 luit,
343 3870 439 3931 neque
453 3868 522 3911 vero
540 3848 652 3911 dativus
667 3848 715 3909 illo
732 3865 830 3923 sensu,
846 3855 878 3908 ut
891 3854 972 3909 esset
986 3865 1104 3911 coram
1125 3851 1287 3913 convivis
1302 3853 1357 3915 dici
1372 3874 1432 3935 po-

267 3953 329 4014 tuit
374 3952 484 4013 'lamen
511 3952 639 4015 dativum
660 3958 690 4012 et
714 3951 778 4031 ipse
803 3949 912 4030 probo,
937 3950 988 4012 sed
1009 3953 1240 4016 construendum
1259 3954 1340 4017 illum
1361 3976 1431 4018 cum

268 4054 403 4134 proximo
420 4053 558 4115 adiectivo
574 4042 695 4137 άσημα.
737 4042 887 4113 {roceo
902 4053 950 4133 qui
966 4054 1140 4133 probarunt,
1167 4055 1282 4120 deloco
1300 4057 1432 4134 sedendi,

266 4164 449 4236 acceperunt
484 4155 542 4217 Sed
557 4155 593 4217 ad
608 4153 735 4226 celanda,
752 4171 826 4232 quae
841 4154 926 4216 celari
941 4155 1045 4219 Atreus
1060 4157 1181 4233 volebat,
1207 4159 1279 4222 nihil
1292 4160 1432 4223 intererat

334 4420 359 4485 d)
396 4421 488 4472 Fertilis
500 4427 541 4470 cst
551 4418 680 4470 annoutio
692 4419 716 4470 in
729 4421 784 4472 cod,
796 4420 883 4472 item:
902 4415 1044 4495 ἀνδρακὰς
1054 4416 1118 4476 ent
1128 4424 1179 4475 rori
1191 4423 1254 4478 καθ’
1268 4420 1377 4479 ἑαυτόν.
