3178 5136
771 230 791 265 Ι

694 449 755 514 285

621 539 820 549 ——-—

136 634 337 715 progreditur,
362 643 393 699 ut
413 634 543 717 potuerit
561 635 649 701 etiam
668 636 781 699 Porro
800 637 845 700 rel
864 638 934 701 lam
953 655 1035 701 raro
1054 638 1120 701 dici.
1154 638 1300 705 Notarnnt

137 737 219 800 bunc
238 757 330 801 nsum
347 737 508 818 Madvigius
526 738 562 801 ad
581 738 611 801 G
633 738 668 800 de
686 737 772 801 Finn.
787 756 816 819 p.
832 739 895 803 476
914 748 943 802 et
962 739 1141 806 Goerenzius
1160 741 1241 807 adu
1262 744 1298 807 de
1315 755 1332 806 6

137 839 226 921 legg.
243 859 273 921 p.
291 841 342 903 47.
357 877 401 887 -
423 840 500 916 Quid
515 849 612 904 autem
626 840 715 904 uerbo
735 841 784 904 illo
803 841 1032 923 significetur
1051 845 1217 909 laciendum
1232 843 1299 909 esti

138 943 437 1025 interpretandumne
452 963 518 1007 cum
533 943 742 1024 Wptanbacbio
757 943 788 1007 in
802 945 879 1007 banc
897 946 1084 1023 sententiam,
1103 956 1136 1011 ut
1154 967 1214 1011 non
1233 948 1298 1030 ipsa

137 1066 172 1109 ac
184 1055 251 1109 tota
260 1065 311 1110 res
322 1047 456 1121 molesta,
473 1047 524 1110 sed
535 1047 620 1129 quasi
631 1046 771 1127 quaedam
782 1047 888 1111 umbra
898 1047 940 1110 rei
951 1057 981 1111 et
990 1049 1087 1128 imago
1099 1047 1296 1130 intelligatur?

137 1147 250 1228 Optare
268 1149 329 1211 boc
347 1149 465 1230 quidem
484 1156 542 1223 est,
564 1167 628 1211 non
647 1148 845 1229 interpretari:
869 1167 937 1212 nam
964 1150 1007 1214 sic
1029 1151 1099 1214 illud
1122 1152 1242 1215 verbum
1267 1153 1297 1215 in

136 1250 313 1314 Latinorum
333 1269 471 1314 sermone
489 1253 625 1334 usurpari
642 1269 697 1315 nec
718 1251 954 1316 demonstratum
976 1263 1023 1317 est
1040 1273 1058 1316 a
1076 1255 1297 1335 wyttenbachio

136 1371 190 1416 nec
204 1354 320 1435 poterit
333 1354 537 1417 demonstrari.
567 1353 685 1417 Rectius
696 1372 769 1435 'ergo
784 1354 916 1417 Davisius
930 1364 959 1419 et
973 1356 1161 1420 Heindorlius
1177 1357 1296 1421 verbum

137 1465 314 1538 corruptum
328 1477 396 1521 esse
408 1457 580 1531 indicarunt,
594 1475 773 1537 quamquam
784 1458 939 1521 emendare
949 1476 1012 1522 non
1023 1459 1119 1522 consti
1131 1467 1213 1522 sunt:
1228 1461 1299 1523 alter

138 1559 348 1622 tantummodo
364 1560 541 1623 sentiatur
554 1565 605 1621 aut
618 1575 727 1621 sensu
741 1559 962 1641 percipiatur
973 1563 1090 1626 auttalc
1108 1562 1176 1644 quid
1187 1563 1298 1644 requiri

136 1663 182 1724 ait
212 1661 310 1725 Nobis
327 1662 482 1743 scripsisse
496 1662 596 1725 Cicero
612 1662 725 1725 ridetur
745 1661 798 1724 sic
816 1662 1000 1728 alliciatur
1015 1664 1088 1744 (scil.
1109 1682 1220 1746 corpus
1239 1684 1297 1729 no-

136 1768 259 1843 strum).
280 1766 361 1845 quod
375 1773 404 1827 et
418 1765 454 1826 ad
469 1765 642 1828 sententiam
658 1782 784 1844 prorsus
799 1768 1053 1831 accommodatum
1068 1776 1125 1843 est,
1145 1777 1174 1830 et
1192 1769 1297 1850 depra-

136 1868 194 1929 rari
209 1867 242 1929 in
258 1866 328 1929 illud
348 1866 470 1929 alterum
491 1874 613 1947 propter
632 1866 778 1947 quandam
798 1867 1018 1932 similitudinem
1036 1868 1198 1935 litterarum
1217 1870 1298 1934 focile

137 1970 241 2049 potuit

220 2072 243 2146 1,
259 2073 310 2146 10,
320 2072 371 2133 25.
396 2071 529 2145 Velleius,
545 2079 704 2152 postquam
717 2071 844 2135 Thaletis
860 2073 1033 2137 sententiam
1049 2074 1297 2149 commemorarit,

138 2174 185 2255 qui
199 2193 319 2255 aqrmrn,
333 2182 430 2237 mente
444 2174 589 2249 adiuncta,
605 2172 719 2236 initium
734 2192 835 2237 rerum
850 2175 964 2249 locarat,
978 2173 1048 2237 lruic
1063 2176 1234 2239 contradicit
1248 2176 1296 2238 bis

136 2276 248 2339 verbis:
265 2277 302 2338 Si
314 2275 362 2338 dii
377 2285 530 2357 possunt
541 2276 709 2339 essesine
724 2295 832 2339 sensu
847 2285 881 2338 et
894 2283 1025 2349 mente,
1042 2296 1105 2340 cur
1118 2295 1228 2358 aquae
1239 2278 1296 2340 ad·

136 2379 269 2455 iunxit,
290 2380 322 2441 si
341 2379 418 2460 ipsa
438 2399 535 2443 mens
555 2389 725 2443 constare
744 2387 1008 2460 potestracans
1028 2398 1187 2460 corpore.
1222 2379 1297 2443 (lor-

136 2491 221 2563 rupta
236 2483 312 2546 baec
321 2500 397 2556 esse,
411 2481 438 2544 si
448 2480 521 2544 nibil
532 2481 619 2558 abad,
633 2482 696 2563 ipsa
707 2488 784 2544 certe
794 2481 996 2543 membrorum
1008 2482 1188 2563 comparatio
1201 2482 1295 2545 docet

135 2585 213 2648 Duae
223 2583 309 2648 enim
320 2583 503 2647 conditiones
519 2584 570 2647 uni
580 2583 742 2647 sententiae
752 2583 840 2647 altera
851 2584 994 2665 praeponi
1006 2583 1094 2647 altera
1104 2585 1246 2666 postponi
1257 2585 1296 2647 ita

136 2688 257 2751 deurnrn
271 2693 415 2767 possunt,
433 2686 473 2761 si,
488 2705 561 2767 quae
574 2685 779 2767 postponitur,
793 2685 866 2749 nibil
880 2686 937 2750 nisi
952 2686 1070 2749 alterius
1085 2687 1295 2749 accuratiorem

136 2792 284 2872 quandam
304 2790 506 2853 definitionem
525 2788 667 2853 continet:
687 2797 792 2852 nostro
812 2797 910 2852 autem
928 2789 994 2851 loco
1014 2789 1134 2851 alteram
1153 2788 1189 2851 ab
1208 2788 1295 2853 altera

136 2912 262 2972 prorsus
287 2893 431 2955 diversam
451 2912 517 2956 cese
538 2892 720 2971 ridemusil.
754 2893 883 2973 Apparet
905 2890 993 2970 igitur
1011 2890 1155 2953 excidisse
1177 2890 1295 2953 alterins

137 2995 316 3058 conditionis
331 2997 490 3076 apodosin:
510 2996 584 3059 baec
597 3003 708 3071 autem,
724 3013 798 3076 quse
812 2994 909 3067 adeat,
924 3011 985 3055 cur
999 3011 1109 3073 aquae
1123 2992 1294 3068 adiunxit,

138 3116 195 3160 non
209 3105 314 3179 potest
327 3116 388 3160 non
402 3117 506 3163 manca
519 3098 610 3162 rideri
623 3080 747 3180 propter
766 3097 908 3161 omissam
929 3094 1036 3158 obiecti
1056 3096 1295 3176 designationem,

139 3201 215 3280 quod
229 3199 365 3281 quamam
379 3208 512 3282 apertum
527 3201 565 3264 sit
579 3211 730 3263 mentem
748 3218 829 3274 ease,
849 3207 946 3261 tamen
965 3199 996 3261 in
1015 3199 1073 3261 boc
1091 3199 1207 3280 quidem
1227 3220 1293 3263 rer·
1312 3213 1344 3265 ιθ

138 3300 241 3366 borum
264 3310 402 3365 contextu
425 3304 541 3367 reticeri
559 3322 620 3366 non
640 3303 746 3366 decuit
781 3302 907 3365 Alteram
932 3319 1024 3382 porro
1049 3302 1206 3382 spodosin,
1230 3321 1294 3365 eam

140 3423 210 3485 qnae
238 3406 397 3487 posteriori
421 3406 582 3470 conditioni
611 3413 758 3479 nectatur,
786 3404 827 3466 illi
851 3401 996 3483 superiori
1024 3404 1201 3467 contrariam
1230 3424 1296 3467 esse

141 3506 240 3571 debere
254 3516 391 3590 apparet,
406 3519 452 3583 nt,
467 3509 714 3591 quemadmodum
729 3506 776 3569 illa
790 3514 918 3569 mentem
932 3523 1033 3586 aquae,
1049 3504 1092 3568 sic
1105 3506 1177 3569 baec
1190 3525 1294 3589 aquam

141 3610 226 3672 ruenti
242 3610 458 3690 adiungendam
473 3612 563 3674 luisse
577 3618 671 3692 neget
703 3607 823 3688 Singula
837 3608 925 3671 verba
938 3620 1088 3689 praestare
1102 3628 1189 3672 nemo
1204 3610 1295 3673 volet:

142 3713 304 3777 rmirersam
328 3713 500 3776 sententiam
523 3714 711 3796 probabiliter
736 3711 780 3775 sic
801 3712 914 3774 restitui
940 3731 1031 3794 posse
1054 3712 1156 3774 credo:
1186 3712 1222 3774 Si
1246 3711 1293 3775 dii

144 3825 290 3892 possunt
304 3835 385 3879 esse
398 3816 475 3879 sine
489 3825 643 3881 sensuet
657 3822 788 3891 nrents,
805 3833 867 3881 cur
879 3834 989 3897 aquae
1003 3823 1169 3891 mentem,
1184 3816 1293 3879 menti

205 4022 228 4084 b)
246 4020 406 4073 Heindordrrs
419 4023 499 4074 locum
512 4022 551 4073 sle
560 4020 663 4072 restitui
674 4035 751 4087 possa
762 4021 855 4072 credits
872 4020 904 4072 Si
920 4020 963 4072 dli
981 4029 1115 4087 possunt
1135 4037 1208 4074 esse
1225 4022 1293 4074 sine

147 4118 245 4171 sensa,
257 4121 423 4173 coraqose
434 4115 563 4160 mantem
575 4107 734 4170 adiunxit,
746 4105 772 4156 si
784 4105 947 4172 ipsameos
959 4113 1107 4160 constare
1119 4114 1294 4174 potestve-

148 4202 213 4241 rsrrs
232 4207 373 4260 corpore.
407 4192 515 4261 „Naar“
532 4191 623 4260 inquit,
636 4191 768 4259 ‚prauos
779 4191 853 4255 msc,
871 4191 897 4242 si
919 4192 962 4243 dii
981 4199 1115 4259 possunt
1133 4207 1205 4244 esse
1226 4193 1293 4242 sina

149 4284 246 4340 sensu,
257 4294 305 4345 par
315 4276 468 4346 epexegesis
480 4278 601 4345 quandam
612 4277 729 4344 deinceps
741 4274 877 4329 iterstur.“
910 4276 963 4329 Hoc
975 4276 1083 4330 redutmi
1098 4276 1159 4329 nibil
1171 4291 1233 4343 opus
1245 4281 1293 4326 est.

149 4355 198 4411 llorr
208 4364 284 4428 mgis
296 4371 386 4417 eostre
396 4379 441 4417 eos
453 4364 640 4433 disputatum,
651 4362 716 4431 qui,
728 4362 854 4415 malentis
865 4361 916 4415 loci
928 4378 977 4414 non
989 4369 1135 4430 perspecta,
1152 4367 1236 4413 moto
1248 4374 1293 4427 pro

149 4454 240 4501 neate
251 4449 327 4502 scribi
339 4448 482 4502 voluerunt
