3266 5140
804 537 819 542 ,.
838 448 934 543 ..μὲὃθ

328 652 395 697 mus
410 633 507 697 verbis
522 635 607 696 credo
622 634 697 714 quod
711 641 764 695 etc.
780 634 907 696 additam
923 653 990 699 esse
1003 642 1132 714 apparet.
1166 633 1242 708 Quid
1258 635 1345 707 enim,
1362 653 1482 713 quaeso,

328 737 386 797 troc
400 737 436 798 de
450 735 597 816 pluribus,
612 737 713 797 nescio
729 735 848 815 quibus,
864 737 914 797 uni
929 724 1013 797 iactis
1027 736 1166 814 tectisque
1185 735 1317 815 quernus
1333 736 1432 798 stratis
1447 736 1481 797 ad

328 837 404 900 iilam
424 855 550 899 coronae
568 837 788 916 impositionem
808 835 955 916 pertinet?
999 838 1060 899 Nisi
1081 837 1146 917 quis
1166 839 1244 899 sorte
1258 838 1418 899 Goerenzio
1434 858 1483 901 as·

328 939 428 1001 sentiri
454 939 534 1013 velit,
559 940 608 1018 qui
626 941 740 1020 feretro
758 958 813 1017 pro
832 939 936 1018 fierem
954 939 1140 1003 scribendum
1155 948 1249 1012 ratris,
1275 940 1303 1002 id
1324 938 1403 1019 quod
1424 939 1482 1001 iam

329 1042 399 1103 cim
420 1041 540 1103 Simeon
559 1041 666 1103 Bosius
686 1050 714 1103 et
734 1041 893 1104 Lambinus
909 1043 1104 1116 coniecerant,
1122 1042 1196 1104 haec
1215 1044 1320 1105 terena
1334 1041 1483 1120 lectosque

327 1143 426 1222 plures
442 1142 492 1207 uui
508 1151 617 1204 stratos
633 1143 677 1204 sic
691 1163 723 1204 ce
739 1143 896 1223 intelligere
910 1144 991 1217 dicit,
1011 1180 1050 1189 -
1067 1153 1134 1206 utor
1148 1152 1246 1207 autem
1261 1144 1335 1224 ipsis
1351 1143 1482 1205 Goeren-

327 1244 362 1306 zii
378 1243 481 1313 verbis.
498 1280 538 1291 -
554 1254 586 1307 ut
601 1246 697 1323 imago
713 1246 842 1307 eiusdem
858 1246 1001 1322 (hominis
1016 1247 1136 1321 mortui)
1153 1265 1235 1309 cerea
1248 1246 1278 1307 in
1294 1244 1426 1325 pluribus
1441 1244 1483 1306 le·

295 1353 309 1400 5
329 1345 383 1407 ctis
398 1346 531 1425 exposita
547 1345 768 1426 circumlataque
783 1347 830 1419 sit,
845 1365 904 1426 quo
920 1348 1036 1427 saepius
1051 1366 1160 1409 corona
1179 1346 1337 1428 promerita
1353 1355 1483 1409 ostenta·

327 1457 415 1511 retur.
432 1446 587 1527 ——itaque
603 1448 703 1510 Cicero
720 1467 755 1509 ex
772 1449 858 1510 huius
874 1448 1039 1528 interpretis
1055 1450 1198 1511 sententia
1219 1450 1276 1512 hoc
1291 1450 1379 1511 dicet:
1395 1467 1482 1511 coro—

326 1566 394 1609 nam
414 1548 519 1610 virtute
540 1557 652 1627 partam
673 1559 702 1610 et
721 1548 746 1611 ei
768 1550 816 1629 qui
837 1550 1002 1629 peperisset
1020 1562 1049 1611 et
1063 1551 1126 1612 eius
1142 1553 1254 1630 parenti
1268 1552 1381 1629 imponi
1397 1552 1483 1612 iicere

235 1687 237 1692 ·
327 1657 491 1731 propterea,
507 1651 584 1730 quod
604 1651 760 1713 factitatum
776 1660 865 1723 esset,
881 1661 913 1712 ut
927 1652 1084 1731 uniplures
1099 1653 1163 1714 lecti
1179 1661 1379 1714 sternerentur
1395 1671 1482 1715 coro-

328 1771 421 1831 naque
436 1752 537 1814 eadem
553 1753 669 1831 saepius
685 1754 932 1828 circumferretur3
946 1754 1034 1833 idque
1047 1773 1084 1816 ne
1099 1755 1189 1828 deret,
1203 1753 1266 1834 lege
1276 1762 1391 1817 cautum
1407 1773 1481 1815 esse.

327 1889 368 1901 --
385 1855 457 1917 Tam
477 1854 602 1917 absurde
627 1856 795 1919 Ciceronem
819 1856 971 1935 ioquutum
990 1875 1069 1928 esse,
1089 1856 1284 1936 paucissimos
1305 1855 1392 1918 credo
1412 1858 1483 1929 iore,

328 1957 376 2035 qui
393 1977 410 2018 a
431 1957 591 2019 Goerenzio
613 1958 669 2019 sibi
689 1957 856 2038 persuaderi
876 1959 1032 2036 patiantur.
1048 1993 1089 2003 -
1105 1958 1294 2037 Obloquitur‚
1310 1966 1343 2021 ut
1356 1956 1483 2029 decebat,

329 2059 490 2121 Goerenzio
508 2060 593 2121 etiam
615 2059 790 2137 Madvigius,
810 2059 853 2120 vir
872 2059 1171 2137 prudentissimus‚²)
1191 2059 1276 2139 isque
1295 2067 1480 2138 personatum

327 2160 425 2221 locum
441 2162 503 2222 iore
519 2168 631 2233 censet,
654 2160 679 2221 si
701 2159 785 2240 fieret
805 2160 835 2221 in
854 2161 968 2240 feretro
986 2168 1130 2233 mutetur,
1150 2160 1181 2221 id
1200 2178 1310 2240 quoque
1329 2178 1384 2240 pro
1399 2160 1483 2240 idque

328 2262 495 2341 recipiatur,
525 2262 649 2341 denique
674 2270 740 2324 ante
773 2263 858 2323 credo
885 2262 1010 2323 maxima
1035 2261 1222 2323 distinctione
1250 2262 1481 2342 interpungatur:

328 2363 442 2427 Scilicet
461 2381 567 2425 novam
587 2364 642 2427 hac
660 2362 782 2442 periodo
802 2363 893 2441 legem
914 2383 929 2423 a
950 2362 1090 2425 Cicerone
1109 2362 1221 2436 referri,
1241 2380 1301 2424 non
1322 2364 1482 2443 superioris

326 2465 470 2525 rationem
496 2464 602 2544 exponi
629 2463 738 2526 statuit.
782 2464 839 2525 Sed
866 2465 938 2525 haec
963 2463 1105 2526 sententia
1131 2463 1217 2526 nobis
1237 2465 1353 2545 quidem
1377 2483 1480 2544 perum

326 2565 616 2645 probabilioridetur.
643 2565 860 2629 Primumenim
877 2583 938 2626 non
954 2566 1030 2626 solet
1045 2566 1145 2628 Cicero
1160 2584 1255 2645 neque
1268 2567 1338 2628 alies
1352 2584 1479 2646 unquam

327 2687 421 2748 neque
441 2668 470 2729 iu
491 2668 537 2728 his
552 2667 662 2747 legibus
677 2668 887 2746 percensendis
902 2675 960 2728 tarn
977 2667 1099 2745 abrupte
1113 2667 1201 2746 loqui,
1217 2677 1250 2728 ut
1264 2668 1341 2731 nulla
1355 2669 1479 2730 coniun-

327 2770 423 2831 ctione
443 2770 595 2831 transitum
615 2769 649 2829 ad
671 2769 754 2829 aliam
777 2789 837 2829 rem
860 2768 1016 2847 significem
1037 2768 1065 2830 id
1086 2769 1163 2848 (quod
1180 2769 1266 2831 etiam
1281 2769 1388 2831 librarii
1403 2787 1479 2835 nou-

326 2872 397 2933 nuiii
413 2872 541 2933 sensisse
557 2870 698 2939 ridentur,
714 2871 763 2951 qui
779 2871 918 2949 credoque
933 2870 1123 2950 scripserunt.
1170 2871 1227 2933 Sed
1243 2888 1336 2950 neque
1347 2871 1481 2950 agnoscit

326 2975 561 3037 coniunctionem
583 2973 661 3035 ullus
678 2973 776 3035 bonus
796 2974 903 3045 codex,
919 2991 1012 3051 neque
1031 2973 1086 3033 hac
1103 2971 1199 3034 addita
1214 2972 1306 3033 multo
1327 2973 1430 3034 melior
1448 2972 1480 3031 nt

327 3077 468 3140 transitus
488 3075 640 3155 magisque
660 3094 694 3136 ex
714 3093 799 3136 more
815 3075 974 3136 Ciceronis.
1019 3074 1089 3135 Dein
1109 3074 1178 3135 illud
1197 3093 1313 3153 quoque
1333 3074 1436 3153 fierem
1449 3072 1478 3133 in

323 3181 435 3258 feretra
463 3187 606 3239 mutatum
633 3186 679 3238 est
704 3185 805 3239 contra
832 3176 962 3249 codices,
988 3183 1133 3254 quotquot
1152 3175 1246 3237 collati
1266 3186 1349 3246 sunt,
1366 3191 1477 3235 omnes.

326 3281 455 3342 Fuerunt
477 3278 692 3351 autemnam,
713 3279 761 3357 qui
781 3278 885 3358 fierent
903 3277 1100 3349 retinendum,
1120 3277 1170 3338 sed
1191 3278 1301 3357 sonmo
1314 3275 1478 3339 addendum

326 3401 390 3443 esse
406 3388 579 3452 statuerent3
594 3380 755 3442 scilicetne
769 3380 909 3442 adiectivo
921 3378 1014 3459 pluro
1028 3378 1240 3441 substantivum
1254 3396 1340 3441 suum
1357 3379 1479 3440 deesset..

325 3484 382 3546 Sed
403 3483 461 3544 hoc
480 3501 596 3562 quoque
615 3482 845 3547 additamentum
863 3482 997 3543 codicum
1013 3480 1147 3541 omnium
1163 3497 1311 3541 consensu
1325 3479 1478 3558 respuitur.

325 3585 401 3659 Quid
418 3582 528 3646 multe?
544 3584 610 3647 Sive
625 3585 700 3647 hanc
714 3584 857 3646 siveiiiam
867 3581 1300 3660 emendationememplectaris‚
1316 3581 1368 3642 alia
1383 3588 1479 3640 tamen

325 3706 416 3767 caque
431 3686 601 3766 gravissima
617 3695 707 3748 restet
721 3685 884 3757 difficultas,
899 3684 924 3745 si
940 3684 1005 3763 quis
1020 3683 1258 3763 rerumipsarum
1268 3683 1479 3745 connexionem

326 3789 477 3868 diligenter
491 3789 643 3850 intueatur.
687 3791 815 3867 Apparet
828 3787 906 3847 enim
923 3785 1092 3847 Ciceronem
1111 3785 1168 3845 hoc
1185 3785 1252 3846 ioco
1268 3785 1305 3845 de
1320 3801 1480 3846 ornamen-

326 3892 362 3951 tis
383 3899 502 3952 mortuo
529 3890 669 3952 addendis
694 3888 776 3966 ioqui
795 3887 966 3951 instituisse.
1012 3887 1073 3949 Huc
1092 3886 1170 3949 enim
1189 3887 1338 3967 pertinent
1351 3887 1478 3966 primum

325 4009 463 4063 coronae,
484 4011 556 4072 quas
571 3992 620 4071 qui
637 3990 795 4051 meruerint
814 4007 972 4067 eorumque
992 3988 1160 4069 parentibus
1176 3989 1239 4049 sine
1253 3989 1353 4050 fraude
1367 3987 1480 4067 imponi

325 4092 407 4165 dicit3
422 4092 490 4154 dein
505 4112 618 4165 aurum,
635 4092 712 4172 quod
728 4090 796 4153 eddi
811 4098 929 4153 mortuo
948 4089 993 4151 ier
1009 4098 1097 4163 vetat,
1116 4090 1173 4151 nisi
1188 4090 1215 4152 si
1230 4093 1276 4152 cui
1291 4091 1392 4153 dentes
1407 4106 1479 4151 auro

391 4335 418 4397 2)
435 4333 627 4387 Emendaticnes
639 4333 662 4381 in
672 4331 800 4383 Ciceronis
812 4331 891 4383 libror
903 4333 1094 4399 philosophicos.
1129 4331 1223 4397 Scrtpo.
1234 4332 1290 4382 ioh.
1303 4328 1356 4384 Nic.
1370 4330 1479 4395 iladvig.

325 4418 398 4471 Heia.
411 4416 616 4473 MDCCCXXVI.
629 4416 697 4473 Part
709 4414 728 4469 1.
742 4433 766 4484 p.
778 4416 820 4468 81.
