<?xml version="1.0" encoding="UTF-8"?>
<!DOCTYPE html PUBLIC "-//W3C//DTD XHTML 1.0 Transitional//EN"
    "http://www.w3.org/TR/xhtml1/DTD/xhtml1-transitional.dtd">
<html xmlns="http://www.w3.org/1999/xhtml" xml:lang="en" lang="en">
 <head>
  <title>
</title>
<meta http-equiv="Content-Type" content="text/html;charset=utf-8" />
  <meta name='ocr-system' content='tesseract 3.04.00' />
  <meta name='ocr-capabilities' content='ocr_page ocr_carea ocr_par ocr_line ocrx_word'/>
</head>
<body>
  <div class='ocr_page' id='page_1' title='image "./opusculaacademi00schogoog_0547.png"; bbox 0 0 3290 5142; ppageno 0'>
   <div class='ocr_carea' id='block_1_1' title="bbox 777 447 915 548">
    <p class='ocr_par' dir='ltr' id='par_1_1' title="bbox 777 447 915 548">
     <span class='ocr_line' id='line_1_1' title="bbox 777 447 915 548; baseline 0 -37"><span class='ocrx_word' id='word_1_1' title='bbox 777 447 915 548; x_wconf 40' lang='lat' dir='ltr'>*us-</span> 
     </span>
    </p>
   </div>
   <div class='ocr_carea' id='block_1_2' title="bbox 273 637 1437 3890">
    <p class='ocr_par' dir='ltr' id='par_1_2' title="bbox 275 637 1436 1130">
     <span class='ocr_line' id='line_1_2' title="bbox 276 637 1436 719; baseline -0.004 -16"><span class='ocrx_word' id='word_1_2' title='bbox 276 647 406 703; x_wconf 90' lang='lat' dir='ltr'>tneruut.</span> <span class='ocrx_word' id='word_1_3' title='bbox 435 639 646 702; x_wconf 88' lang='lat' dir='ltr'>intellexeruut</span> <span class='ocrx_word' id='word_1_4' title='bbox 664 639 723 701; x_wconf 89' lang='lat' dir='ltr'>boc</span> <span class='ocrx_word' id='word_1_5' title='bbox 737 638 849 701; x_wconf 91' lang='lat' dir='ltr'>dudum</span> <span class='ocrx_word' id='word_1_6' title='bbox 869 639 917 701; x_wconf 88' lang='lat' dir='ltr'>alii</span> <span class='ocrx_word' id='word_1_7' title='bbox 938 644 968 699; x_wconf 88' lang='lat' dir='ltr'>et</span> <span class='ocrx_word' id='word_1_8' title='bbox 987 637 1058 719; x_wconf 85' lang='lat' dir='ltr'>quid</span> <span class='ocrx_word' id='word_1_9' title='bbox 1072 638 1141 700; x_wconf 86' lang='lat' dir='ltr'>iude</span> <span class='ocrx_word' id='word_1_10' title='bbox 1155 643 1354 718; x_wconf 75' lang='lat' dir='ltr'><strong>consequatur</strong></span> <span class='ocrx_word' id='word_1_11' title='bbox 1368 654 1436 699; x_wconf 89' lang='lat' dir='ltr'>mo·</span> 
     </span>
     <span class='ocr_line' id='line_1_3' title="bbox 276 738 1435 822; baseline -0.004 -16"><span class='ocrx_word' id='word_1_12' title='bbox 276 749 422 817; x_wconf 90' lang='lat' dir='ltr'>uueruut,</span> <span class='ocrx_word' id='word_1_13' title='bbox 448 749 482 805; x_wconf 92' lang='lat' dir='ltr'>ut</span> <span class='ocrx_word' id='word_1_14' title='bbox 504 750 604 804; x_wconf 87' lang='lat' dir='ltr'>actum</span> <span class='ocrx_word' id='word_1_15' title='bbox 623 760 708 822; x_wconf 89' lang='lat' dir='ltr'>agere</span> <span class='ocrx_word' id='word_1_16' title='bbox 727 741 819 803; x_wconf 83' lang='lat' dir='ltr'>videri</span> <span class='ocrx_word' id='word_1_17' title='bbox 838 741 933 822; x_wconf 80' lang='lat' dir='ltr'>possit</span> <span class='ocrx_word' id='word_1_18' title='bbox 954 740 1005 822; x_wconf 91' lang='lat' dir='ltr'>qui</span> <span class='ocrx_word' id='word_1_19' title='bbox 1024 740 1122 803; x_wconf 92' lang='lat' dir='ltr'>denuo</span> <span class='ocrx_word' id='word_1_20' title='bbox 1142 758 1205 803; x_wconf 82' lang='lat' dir='ltr'>ram</span> <span class='ocrx_word' id='word_1_21' title='bbox 1225 746 1340 802; x_wconf 84' lang='lat' dir='ltr'>tractet</span> <span class='ocrx_word' id='word_1_22' title='bbox 1375 738 1435 801; x_wconf 89' lang='lat' dir='ltr'>Sed</span> 
     </span>
     <span class='ocr_line' id='line_1_4' title="bbox 276 840 1434 926; baseline -0.003 -18"><span class='ocrx_word' id='word_1_23' title='bbox 276 845 433 926; x_wconf 80' lang='lat' dir='ltr'>quoniam,</span> <span class='ocrx_word' id='word_1_24' title='bbox 453 852 487 907; x_wconf 91' lang='lat' dir='ltr'>ut</span> <span class='ocrx_word' id='word_1_25' title='bbox 506 845 538 905; x_wconf 91' lang='lat' dir='ltr'>in</span> <span class='ocrx_word' id='word_1_26' title='bbox 558 843 714 924; x_wconf 83' lang='lat' dir='ltr'>proverbio</span> <span class='ocrx_word' id='word_1_27' title='bbox 728 850 788 917; x_wconf 90' lang='lat' dir='ltr'>est,</span> <span class='ocrx_word' id='word_1_28' title='bbox 808 843 868 906; x_wconf 91' lang='lat' dir='ltr'>duo</span> <span class='ocrx_word' id='word_1_29' title='bbox 883 860 976 924; x_wconf 88' lang='lat' dir='ltr'>quum</span> <span class='ocrx_word' id='word_1_30' title='bbox 990 841 1103 905; x_wconf 84' lang='lat' dir='ltr'>iaciunt</span> <span class='ocrx_word' id='word_1_31' title='bbox 1115 843 1195 905; x_wconf 69' lang='lat' dir='ltr'>mem</span> <span class='ocrx_word' id='word_1_32' title='bbox 1210 846 1332 903; x_wconf 89' lang='lat' dir='ltr'>nonest</span> <span class='ocrx_word' id='word_1_33' title='bbox 1346 840 1434 917; x_wconf 88' lang='lat' dir='ltr'>idem,</span> 
     </span>
     <span class='ocr_line' id='line_1_5' title="bbox 276 942 1435 1028; baseline -0.003 -20"><span class='ocrx_word' id='word_1_34' title='bbox 276 965 372 1028; x_wconf 86' lang='lat' dir='ltr'>neque</span> <span class='ocrx_word' id='word_1_35' title='bbox 394 946 537 1008; x_wconf 87' lang='lat' dir='ltr'>babemus</span> <span class='ocrx_word' id='word_1_36' title='bbox 557 946 615 1008; x_wconf 92' lang='lat' dir='ltr'>boc</span> <span class='ocrx_word' id='word_1_37' title='bbox 628 952 764 1027; x_wconf 89' lang='lat' dir='ltr'>tempore</span> <span class='ocrx_word' id='word_1_38' title='bbox 778 945 860 1025; x_wconf 86' lang='lat' dir='ltr'>quod·</span> <span class='ocrx_word' id='word_1_39' title='bbox 872 963 993 1025; x_wconf 78' lang='lat' dir='ltr'>agamus</span> <span class='ocrx_word' id='word_1_40' title='bbox 1007 944 1121 1025; x_wconf 89' lang='lat' dir='ltr'>potius,</span> <span class='ocrx_word' id='word_1_41' title='bbox 1142 944 1179 1006; x_wconf 93' lang='lat' dir='ltr'>de</span> <span class='ocrx_word' id='word_1_42' title='bbox 1192 942 1342 1006; x_wconf 78' lang='lat' dir='ltr'>nonnullis</span> <span class='ocrx_word' id='word_1_43' title='bbox 1357 950 1435 1005; x_wconf 77' lang='lat' dir='ltr'>certe</span> 
     </span>
     <span class='ocr_line' id='line_1_6' title="bbox 275 1047 1213 1130; baseline -0.001 -21"><span class='ocrx_word' id='word_1_44' title='bbox 275 1048 363 1111; x_wconf 90' lang='lat' dir='ltr'>buius</span> <span class='ocrx_word' id='word_1_45' title='bbox 377 1049 529 1130; x_wconf 83' lang='lat' dir='ltr'>farraginis</span> <span class='ocrx_word' id='word_1_46' title='bbox 543 1047 676 1129; x_wconf 90' lang='lat' dir='ltr'>partibus</span> <span class='ocrx_word' id='word_1_47' title='bbox 690 1047 761 1129; x_wconf 85' lang='lat' dir='ltr'>quid</span> <span class='ocrx_word' id='word_1_48' title='bbox 776 1047 862 1110; x_wconf 93' lang='lat' dir='ltr'>uobis</span> <span class='ocrx_word' id='word_1_49' title='bbox 875 1047 1009 1109; x_wconf 84' lang='lat' dir='ltr'>videatur</span> <span class='ocrx_word' id='word_1_50' title='bbox 1022 1065 1213 1129; x_wconf 78' lang='lat' dir='ltr'>exponemus.</span> 
     </span>
    </p>

    <p class='ocr_par' dir='ltr' id='par_1_3' title="bbox 275 1147 1436 1538">
     <span class='ocr_line' id='line_1_7' title="bbox 361 1147 1436 1231; baseline -0.004 -19"><span class='ocrx_word' id='word_1_51' title='bbox 361 1151 495 1212; x_wconf 87' lang='lat' dir='ltr'>Primum</span> <span class='ocrx_word' id='word_1_52' title='bbox 515 1151 604 1230; x_wconf 85' lang='lat' dir='ltr'>igitur</span> <span class='ocrx_word' id='word_1_53' title='bbox 622 1151 733 1230; x_wconf 82' lang='lat' dir='ltr'>aliquot</span> <span class='ocrx_word' id='word_1_54' title='bbox 749 1150 879 1212; x_wconf 85' lang='lat' dir='ltr'>versibus</span> <span class='ocrx_word' id='word_1_55' title='bbox 894 1168 963 1212; x_wconf 93' lang='lat' dir='ltr'>eum</span> <span class='ocrx_word' id='word_1_56' title='bbox 978 1150 1065 1212; x_wconf 92' lang='lat' dir='ltr'>nobis</span> <span class='ocrx_word' id='word_1_57' title='bbox 1081 1150 1124 1212; x_wconf 93' lang='lat' dir='ltr'>rei</span> <span class='ocrx_word' id='word_1_58' title='bbox 1137 1149 1270 1231; x_wconf 90' lang='lat' dir='ltr'>publicae</span> <span class='ocrx_word' id='word_1_59' title='bbox 1283 1147 1436 1228; x_wconf 79' lang='lat' dir='ltr'>Megareu-</span> 
     </span>
     <span class='ocr_line' id='line_1_8' title="bbox 276 1249 1435 1334; baseline -0.001 -20"><span class='ocrx_word' id='word_1_60' title='bbox 276 1253 317 1315; x_wconf 90' lang='lat' dir='ltr'>sis</span> <span class='ocrx_word' id='word_1_61' title='bbox 338 1260 447 1316; x_wconf 85' lang='lat' dir='ltr'>statum</span> <span class='ocrx_word' id='word_1_62' title='bbox 468 1253 623 1333; x_wconf 85' lang='lat' dir='ltr'>significari</span> <span class='ocrx_word' id='word_1_63' title='bbox 642 1253 834 1327; x_wconf 81' lang='lat' dir='ltr'>arbitramur,</span> <span class='ocrx_word' id='word_1_64' title='bbox 855 1253 966 1333; x_wconf 90' lang='lat' dir='ltr'>inquo</span> <span class='ocrx_word' id='word_1_65' title='bbox 989 1271 1083 1333; x_wconf 88' lang='lat' dir='ltr'>quum</span> <span class='ocrx_word' id='word_1_66' title='bbox 1104 1253 1260 1334; x_wconf 80' lang='lat' dir='ltr'>optimates</span> <span class='ocrx_word' id='word_1_67' title='bbox 1275 1268 1309 1312; x_wconf 86' lang='lat' dir='ltr'>ac</span> <span class='ocrx_word' id='word_1_68' title='bbox 1323 1249 1435 1313; x_wconf 86' lang='lat' dir='ltr'>nobiles</span> 
     </span>
     <span class='ocr_line' id='line_1_9' title="bbox 275 1352 1436 1437; baseline -0.004 -19"><span class='ocrx_word' id='word_1_69' title='bbox 275 1356 436 1436; x_wconf 92' lang='lat' dir='ltr'>plurimum</span> <span class='ocrx_word' id='word_1_70' title='bbox 451 1364 582 1437; x_wconf 88' lang='lat' dir='ltr'>possent,</span> <span class='ocrx_word' id='word_1_71' title='bbox 598 1355 759 1416; x_wconf 90' lang='lat' dir='ltr'>verendum</span> <span class='ocrx_word' id='word_1_72' title='bbox 773 1361 873 1417; x_wconf 87' lang='lat' dir='ltr'>tamen</span> <span class='ocrx_word' id='word_1_73' title='bbox 888 1362 974 1428; x_wconf 81' lang='lat' dir='ltr'>esset,</span> <span class='ocrx_word' id='word_1_74' title='bbox 990 1371 1028 1415; x_wconf 91' lang='lat' dir='ltr'>ne</span> <span class='ocrx_word' id='word_1_75' title='bbox 1043 1355 1170 1435; x_wconf 90' lang='lat' dir='ltr'>populus</span> <span class='ocrx_word' id='word_1_76' title='bbox 1184 1352 1320 1436; x_wconf 89' lang='lat' dir='ltr'>superbia</span> <span class='ocrx_word' id='word_1_77' title='bbox 1331 1369 1436 1415; x_wconf 90' lang='lat' dir='ltr'>eorum</span> 
     </span>
     <span class='ocr_line' id='line_1_10' title="bbox 277 1453 1434 1538; baseline -0.003 -19"><span class='ocrx_word' id='word_1_78' title='bbox 277 1465 306 1519; x_wconf 90' lang='lat' dir='ltr'>et</span> <span class='ocrx_word' id='word_1_79' title='bbox 317 1457 472 1520; x_wconf 87' lang='lat' dir='ltr'>insolentia</span> <span class='ocrx_word' id='word_1_80' title='bbox 484 1458 613 1519; x_wconf 79' lang='lat' dir='ltr'>offensus</span> <span class='ocrx_word' id='word_1_81' title='bbox 624 1474 685 1518; x_wconf 93' lang='lat' dir='ltr'>nou</span> <span class='ocrx_word' id='word_1_82' title='bbox 696 1456 823 1538; x_wconf 89' lang='lat' dir='ltr'>amplius</span> <span class='ocrx_word' id='word_1_83' title='bbox 834 1456 1007 1538; x_wconf 86' lang='lat' dir='ltr'>quiesceret.</span> <span class='ocrx_word' id='word_1_84' title='bbox 1034 1456 1098 1518; x_wconf 87' lang='lat' dir='ltr'>linc</span> <span class='ocrx_word' id='word_1_85' title='bbox 1107 1457 1256 1538; x_wconf 85' lang='lat' dir='ltr'>pertinent</span> <span class='ocrx_word' id='word_1_86' title='bbox 1266 1474 1293 1517; x_wconf 88' lang='lat' dir='ltr'>v.</span> <span class='ocrx_word' id='word_1_87' title='bbox 1306 1453 1434 1535; x_wconf 64' lang='lat' dir='ltr'>aesqqc</span> 
     </span>
    </p>

    <p class='ocr_par' dir='ltr' id='par_1_4' title="bbox 375 1548 1315 1645">
     <span class='ocr_line' id='line_1_11' title="bbox 375 1548 1315 1645; baseline -0.004 -24"><span class='ocrx_word' id='word_1_88' title='bbox 375 1554 492 1641; x_wconf 96' lang='grc' dir='ltr'><strong><em>Κύρνε,</em></strong></span> <span class='ocrx_word' id='word_1_89' title='bbox 513 1552 586 1620; x_wconf 80' lang='grc' dir='ltr'><strong><em>κύει</em></strong></span> <span class='ocrx_word' id='word_1_90' title='bbox 608 1552 711 1632; x_wconf 78' lang='grc' dir='ltr'><strong><em>πόλις</em></strong></span> <span class='ocrx_word' id='word_1_91' title='bbox 731 1552 801 1642; x_wconf 54' lang='lat' dir='ltr'>ilde,</span> <span class='ocrx_word' id='word_1_92' title='bbox 825 1553 965 1622; x_wconf 81' lang='grc' dir='ltr'><strong><em>δέδοικα</em></strong></span> <span class='ocrx_word' id='word_1_93' title='bbox 987 1553 1025 1620; x_wconf 77' lang='lat' dir='ltr'>dd</span> <span class='ocrx_word' id='word_1_94' title='bbox 1044 1554 1090 1643; x_wconf 76' lang='grc' dir='ltr'>μη“</span> <span class='ocrx_word' id='word_1_95' title='bbox 1112 1554 1187 1645; x_wconf 71' lang='grc' dir='ltr'><strong><em>τύνη</em></strong></span> <span class='ocrx_word' id='word_1_96' title='bbox 1210 1548 1315 1641; x_wconf 70' lang='grc' dir='ltr'><strong><em>ἄνδρα</em></strong></span> 
     </span>
    </p>

    <p class='ocr_par' dir='ltr' id='par_1_5' title="bbox 274 1652 1437 2447">
     <span class='ocr_line' id='line_1_12' title="bbox 463 1652 1097 1744; baseline 0 -22"><span class='ocrx_word' id='word_1_97' title='bbox 463 1652 646 1744; x_wconf 68' lang='grc' dir='ltr'><strong><em>εύύοντῆρα</em></strong></span> <span class='ocrx_word' id='word_1_98' title='bbox 668 1658 771 1744; x_wconf 83' lang='grc' dir='ltr'><strong><em>κακῆς</em></strong></span> <span class='ocrx_word' id='word_1_99' title='bbox 792 1653 909 1741; x_wconf 76' lang='grc' dir='ltr'><strong><em>ύβριος</em></strong></span> <span class='ocrx_word' id='word_1_100' title='bbox 929 1652 1097 1744; x_wconf 73' lang='grc' dir='ltr'><strong><em>ἡμετέρης,</em></strong></span> 
     </span>
     <span class='ocr_line' id='line_1_13' title="bbox 277 1754 1436 1846; baseline -0.004 -18"><span class='ocrx_word' id='word_1_101' title='bbox 277 1766 308 1828; x_wconf 93' lang='lat' dir='ltr'>in</span> <span class='ocrx_word' id='word_1_102' title='bbox 327 1781 454 1846; x_wconf 85' lang='lat' dir='ltr'>quorum</span> <span class='ocrx_word' id='word_1_103' title='bbox 474 1780 613 1825; x_wconf 87' lang='lat' dir='ltr'>versuum</span> <span class='ocrx_word' id='word_1_104' title='bbox 633 1761 725 1825; x_wconf 87' lang='lat' dir='ltr'>altero</span> <span class='ocrx_word' id='word_1_105' title='bbox 745 1769 847 1825; x_wconf 90' lang='lat' dir='ltr'>utrum</span> <span class='ocrx_word' id='word_1_106' title='bbox 861 1755 1015 1846; x_wconf 75' lang='grc' dir='ltr'><strong><em>ὑμετέρης</em></strong></span> <span class='ocrx_word' id='word_1_107' title='bbox 1029 1780 1066 1825; x_wconf 94' lang='lat' dir='ltr'>an</span> <span class='ocrx_word' id='word_1_108' title='bbox 1079 1754 1239 1846; x_wconf 74' lang='grc' dir='ltr'>ἡμετέρης</span> <span class='ocrx_word' id='word_1_109' title='bbox 1252 1762 1379 1843; x_wconf 87' lang='lat' dir='ltr'>legatur,</span> <span class='ocrx_word' id='word_1_110' title='bbox 1399 1761 1436 1825; x_wconf 91' lang='lat' dir='ltr'>ad</span> 
     </span>
     <span class='ocr_line' id='line_1_14' title="bbox 276 1864 1437 1947; baseline -0.003 -18"><span class='ocrx_word' id='word_1_111' title='bbox 276 1882 339 1930; x_wconf 88' lang='lat' dir='ltr'>rem</span> <span class='ocrx_word' id='word_1_112' title='bbox 356 1866 428 1928; x_wconf 87' lang='lat' dir='ltr'>nihil</span> <span class='ocrx_word' id='word_1_113' title='bbox 442 1866 575 1926; x_wconf 87' lang='lat' dir='ltr'>interest.</span> <span class='ocrx_word' id='word_1_114' title='bbox 603 1864 678 1927; x_wconf 91' lang='lat' dir='ltr'>Nam</span> <span class='ocrx_word' id='word_1_115' title='bbox 693 1873 723 1927; x_wconf 87' lang='lat' dir='ltr'>et</span> <span class='ocrx_word' id='word_1_116' title='bbox 737 1865 879 1946; x_wconf 75' lang='lat' dir='ltr'>Cyrnum,</span> <span class='ocrx_word' id='word_1_117' title='bbox 900 1882 989 1946; x_wconf 86' lang='lat' dir='ltr'>quem</span> <span class='ocrx_word' id='word_1_118' title='bbox 1004 1872 1091 1945; x_wconf 85' lang='lat' dir='ltr'>poeta</span> <span class='ocrx_word' id='word_1_119' title='bbox 1105 1864 1277 1946; x_wconf 87' lang='lat' dir='ltr'>alloquitur,</span> <span class='ocrx_word' id='word_1_120' title='bbox 1294 1873 1324 1928; x_wconf 91' lang='lat' dir='ltr'>et</span> <span class='ocrx_word' id='word_1_121' title='bbox 1338 1864 1437 1947; x_wconf 88' lang='lat' dir='ltr'>ipsum</span> 
     </span>
     <span class='ocr_line' id='line_1_15' title="bbox 276 1959 1437 2051; baseline -0.001 -20"><span class='ocrx_word' id='word_1_122' title='bbox 276 1976 394 2051; x_wconf 88' lang='lat' dir='ltr'>poetam</span> <span class='ocrx_word' id='word_1_123' title='bbox 417 1967 448 2029; x_wconf 93' lang='lat' dir='ltr'>iu</span> <span class='ocrx_word' id='word_1_124' title='bbox 464 1967 612 2029; x_wconf 91' lang='lat' dir='ltr'>nobilibus</span> <span class='ocrx_word' id='word_1_125' title='bbox 626 1967 717 2030; x_wconf 84' lang='lat' dir='ltr'>fuisse</span> <span class='ocrx_word' id='word_1_126' title='bbox 731 1967 802 2029; x_wconf 90' lang='lat' dir='ltr'>satis</span> <span class='ocrx_word' id='word_1_127' title='bbox 817 1974 942 2030; x_wconf 89' lang='lat' dir='ltr'>constat.</span> <span class='ocrx_word' id='word_1_128' title='bbox 973 1966 1152 2047; x_wconf 87' lang='lat' dir='ltr'>Scripsimus</span> <span class='ocrx_word' id='word_1_129' title='bbox 1167 1974 1265 2030; x_wconf 87' lang='lat' dir='ltr'>autem</span> <span class='ocrx_word' id='word_1_130' title='bbox 1281 1959 1437 2051; x_wconf 77' lang='grc' dir='ltr'><strong><em>ἡμετέρης</em></strong></span> 
     </span>
     <span class='ocr_line' id='line_1_16' title="bbox 278 2069 1436 2150; baseline -0.003 -16"><span class='ocrx_word' id='word_1_131' title='bbox 278 2071 428 2144; x_wconf 65' lang='lat' dir='ltr'>codicum</span> <span class='ocrx_word' id='word_1_132' title='bbox 452 2076 487 2131; x_wconf 91' lang='lat' dir='ltr'>ut</span> <span class='ocrx_word' id='word_1_133' title='bbox 507 2069 637 2143; x_wconf 84' lang='lat' dir='ltr'>videtur,</span> <span class='ocrx_word' id='word_1_134' title='bbox 666 2070 798 2132; x_wconf 89' lang='lat' dir='ltr'>omnium</span> <span class='ocrx_word' id='word_1_135' title='bbox 821 2069 1010 2143; x_wconf 87' lang='lat' dir='ltr'>auctoritate,</span> <span class='ocrx_word' id='word_1_136' title='bbox 1031 2076 1061 2131; x_wconf 88' lang='lat' dir='ltr'>et</span> <span class='ocrx_word' id='word_1_137' title='bbox 1081 2070 1267 2150; x_wconf 80' lang='lat' dir='ltr'>agnoscimus</span> <span class='ocrx_word' id='word_1_138' title='bbox 1288 2069 1436 2150; x_wconf 86' lang='lat' dir='ltr'>quandam</span> 
     </span>
     <span class='ocr_line' id='line_1_17' title="bbox 274 2165 1435 2255; baseline 0 -20"><span class='ocrx_word' id='word_1_139' title='bbox 274 2180 379 2255; x_wconf 89' lang='lat' dir='ltr'>poetae</span> <span class='ocrx_word' id='word_1_140' title='bbox 398 2171 620 2244; x_wconf 82' lang='lat' dir='ltr'>verecundiam,</span> <span class='ocrx_word' id='word_1_141' title='bbox 641 2171 693 2251; x_wconf 88' lang='lat' dir='ltr'>qui</span> <span class='ocrx_word' id='word_1_142' title='bbox 713 2189 806 2252; x_wconf 92' lang='lat' dir='ltr'>quum</span> <span class='ocrx_word' id='word_1_143' title='bbox 829 2170 1000 2234; x_wconf 90' lang='lat' dir='ltr'>hominibus</span> <span class='ocrx_word' id='word_1_144' title='bbox 1020 2171 1067 2233; x_wconf 90' lang='lat' dir='ltr'>sui</span> <span class='ocrx_word' id='word_1_145' title='bbox 1087 2172 1198 2233; x_wconf 87' lang='lat' dir='ltr'>ordinis</span> <span class='ocrx_word' id='word_1_146' title='bbox 1218 2165 1315 2252; x_wconf 75' lang='grc' dir='ltr'><strong><em>ύβριν</em></strong></span> <span class='ocrx_word' id='word_1_147' title='bbox 1328 2189 1435 2253; x_wconf 87' lang='lat' dir='ltr'>expro-</span> 
     </span>
     <span class='ocr_line' id='line_1_18' title="bbox 274 2273 1434 2354; baseline -0.003 -16"><span class='ocrx_word' id='word_1_148' title='bbox 274 2275 382 2349; x_wconf 90' lang='lat' dir='ltr'>braret,</span> <span class='ocrx_word' id='word_1_149' title='bbox 397 2273 488 2335; x_wconf 89' lang='lat' dir='ltr'>lenire</span> <span class='ocrx_word' id='word_1_150' title='bbox 502 2273 736 2353; x_wconf 84' lang='lat' dir='ltr'>exprobrationis</span> <span class='ocrx_word' id='word_1_151' title='bbox 750 2273 888 2335; x_wconf 80' lang='lat' dir='ltr'>invidiam</span> <span class='ocrx_word' id='word_1_152' title='bbox 904 2274 1115 2336; x_wconf 85' lang='lat' dir='ltr'>commuuione</span> <span class='ocrx_word' id='word_1_153' title='bbox 1126 2274 1228 2354; x_wconf 88' lang='lat' dir='ltr'>culpae</span> <span class='ocrx_word' id='word_1_154' title='bbox 1239 2273 1385 2339; x_wconf 81' lang='lat' dir='ltr'>studusu&#39;t</span> <span class='ocrx_word' id='word_1_155' title='bbox 1394 2273 1434 2353; x_wconf 63' lang='grc' dir='ltr'>θ).</span> 
     </span>
     <span class='ocr_line' id='line_1_19' title="bbox 274 2376 661 2447; baseline -0.005 -9"><span class='ocrx_word' id='word_1_156' title='bbox 274 2410 316 2422; x_wconf 96' lang='grc'><strong>-</strong></span> <span class='ocrx_word' id='word_1_157' title='bbox 329 2376 461 2439; x_wconf 88' lang='lat' dir='ltr'>Proximi</span> <span class='ocrx_word' id='word_1_158' title='bbox 475 2376 535 2438; x_wconf 94' lang='lat' dir='ltr'>duo</span> <span class='ocrx_word' id='word_1_159' title='bbox 549 2392 661 2447; x_wconf 83' lang='lat' dir='ltr'>versus,</span> 
     </span>
    </p>

    <p class='ocr_par' dir='ltr' id='par_1_6' title="bbox 375 2466 1264 2563">
     <span class='ocr_line' id='line_1_20' title="bbox 375 2466 1264 2563; baseline -0.001 -23"><span class='ocrx_word' id='word_1_160' title='bbox 375 2470 473 2542; x_wconf 79' lang='lat' dir='ltr'>oo&#39;ocoi</span> <span class='ocrx_word' id='word_1_161' title='bbox 494 2472 555 2558; x_wconf 76' lang='grc' dir='ltr'>μὲν</span> <span class='ocrx_word' id='word_1_162' title='bbox 577 2472 638 2561; x_wconf 79' lang='grc' dir='ltr'>γὰρ</span> <span class='ocrx_word' id='word_1_163' title='bbox 660 2466 718 2540; x_wconf 72' lang='grc' dir='ltr'>ἔθ’</span> <span class='ocrx_word' id='word_1_164' title='bbox 742 2473 814 2539; x_wconf 75' lang='grc' dir='ltr'><strong><em>οἵδε</em></strong></span> <span class='ocrx_word' id='word_1_165' title='bbox 835 2469 1027 2562; x_wconf 82' lang='grc' dir='ltr'><strong><em>σαόφρονες,</em></strong></span> <span class='ocrx_word' id='word_1_166' title='bbox 1049 2468 1203 2563; x_wconf 78' lang='grc' dir='ltr'><strong><em>ἡγεμόνες</em></strong></span> <span class='ocrx_word' id='word_1_167' title='bbox 1225 2473 1264 2539; x_wconf 82' lang='lat' dir='ltr'>dd</span> 
     </span>
    </p>

    <p class='ocr_par' dir='ltr' id='par_1_7' title="bbox 273 2572 1435 3069">
     <span class='ocr_line' id='line_1_21' title="bbox 458 2572 1202 2664; baseline -0.001 -23"><span class='ocrx_word' id='word_1_168' title='bbox 458 2573 664 2664; x_wconf 76' lang='grc' dir='ltr'><strong><em>τετράφαται</em></strong></span> <span class='ocrx_word' id='word_1_169' title='bbox 686 2574 815 2663; x_wconf 64' lang='grc' dir='ltr'><strong><em>πολλὴν</em></strong></span> <span class='ocrx_word' id='word_1_170' title='bbox 836 2572 870 2654; x_wconf 70' lang='grc' dir='ltr'>ἐς</span> <span class='ocrx_word' id='word_1_171' title='bbox 890 2574 1057 2664; x_wconf 80' lang='grc' dir='ltr'><strong><em>κακότητα</em></strong></span> <span class='ocrx_word' id='word_1_172' title='bbox 1080 2580 1202 2653; x_wconf 87' lang='grc' dir='ltr'><strong><em>πεσεῖν,</em></strong></span> 
     </span>
     <span class='ocr_line' id='line_1_22' title="bbox 274 2681 1434 2765; baseline 0.002 -20"><span class='ocrx_word' id='word_1_173' title='bbox 274 2684 350 2745; x_wconf 87' lang='lat' dir='ltr'>cives</span> <span class='ocrx_word' id='word_1_174' title='bbox 380 2683 500 2765; x_wconf 87' lang='lat' dir='ltr'>quidem</span> <span class='ocrx_word' id='word_1_175' title='bbox 526 2683 622 2745; x_wconf 91' lang='lat' dir='ltr'>adbuc</span> <span class='ocrx_word' id='word_1_176' title='bbox 646 2681 703 2744; x_wconf 93' lang='lat' dir='ltr'>sibi</span> <span class='ocrx_word' id='word_1_177' title='bbox 727 2688 893 2763; x_wconf 89' lang='lat' dir='ltr'>temperare</span> <span class='ocrx_word' id='word_1_178' title='bbox 920 2689 951 2744; x_wconf 92' lang='lat' dir='ltr'>et</span> <span class='ocrx_word' id='word_1_179' title='bbox 975 2683 1108 2745; x_wconf 85' lang='lat' dir='ltr'>violentis</span> <span class='ocrx_word' id='word_1_180' title='bbox 1134 2681 1262 2745; x_wconf 85' lang='lat' dir='ltr'>consiliis</span> <span class='ocrx_word' id='word_1_181' title='bbox 1287 2682 1434 2747; x_wconf 86' lang='lat' dir='ltr'>abstinere</span> 
     </span>
     <span class='ocr_line' id='line_1_23' title="bbox 273 2783 1435 2867; baseline -0.002 -19"><span class='ocrx_word' id='word_1_182' title='bbox 273 2793 435 2860; x_wconf 85' lang='lat' dir='ltr'>testantur,</span> <span class='ocrx_word' id='word_1_183' title='bbox 451 2783 504 2847; x_wconf 88' lang='lat' dir='ltr'>sed</span> <span class='ocrx_word' id='word_1_184' title='bbox 518 2783 664 2865; x_wconf 80' lang='lat' dir='ltr'>principes</span> <span class='ocrx_word' id='word_1_185' title='bbox 678 2792 766 2866; x_wconf 79' lang='lat' dir='ltr'>atque</span> <span class='ocrx_word' id='word_1_186' title='bbox 782 2786 983 2865; x_wconf 81' lang='lat' dir='ltr'>magistratus,</span> <span class='ocrx_word' id='word_1_187' title='bbox 999 2786 1049 2867; x_wconf 89' lang='lat' dir='ltr'>qui</span> <span class='ocrx_word' id='word_1_188' title='bbox 1065 2786 1135 2865; x_wconf 89' lang='lat' dir='ltr'>quin</span> <span class='ocrx_word' id='word_1_189' title='bbox 1151 2804 1186 2847; x_wconf 91' lang='lat' dir='ltr'>ex</span> <span class='ocrx_word' id='word_1_190' title='bbox 1201 2784 1352 2848; x_wconf 90' lang='lat' dir='ltr'>nobilitate</span> <span class='ocrx_word' id='word_1_191' title='bbox 1365 2786 1435 2848; x_wconf 87' lang='lat' dir='ltr'>iue-</span> 
     </span>
     <span class='ocr_line' id='line_1_24' title="bbox 274 2886 1434 2968; baseline -0.001 -18"><span class='ocrx_word' id='word_1_192' title='bbox 274 2888 335 2950; x_wconf 92' lang='lat' dir='ltr'>rint</span> <span class='ocrx_word' id='word_1_193' title='bbox 356 2887 483 2950; x_wconf 90' lang='lat' dir='ltr'>dubitari</span> <span class='ocrx_word' id='word_1_194' title='bbox 502 2903 563 2948; x_wconf 94' lang='lat' dir='ltr'>uon</span> <span class='ocrx_word' id='word_1_195' title='bbox 583 2893 696 2967; x_wconf 90' lang='lat' dir='ltr'>potest,</span> <span class='ocrx_word' id='word_1_196' title='bbox 717 2887 761 2949; x_wconf 86' lang='lat' dir='ltr'>sic</span> <span class='ocrx_word' id='word_1_197' title='bbox 778 2905 811 2949; x_wconf 89' lang='lat' dir='ltr'>se</span> <span class='ocrx_word' id='word_1_198' title='bbox 829 2904 944 2967; x_wconf 86' lang='lat' dir='ltr'>gerere,</span> <span class='ocrx_word' id='word_1_199' title='bbox 964 2896 999 2949; x_wconf 94' lang='lat' dir='ltr'>ut</span> <span class='ocrx_word' id='word_1_200' title='bbox 1018 2888 1093 2950; x_wconf 88' lang='lat' dir='ltr'>mala</span> <span class='ocrx_word' id='word_1_201' title='bbox 1108 2888 1206 2950; x_wconf 91' lang='lat' dir='ltr'>omnia</span> <span class='ocrx_word' id='word_1_202' title='bbox 1221 2887 1293 2968; x_wconf 84' lang='lat' dir='ltr'>ipsis</span> <span class='ocrx_word' id='word_1_203' title='bbox 1308 2886 1434 2950; x_wconf 80' lang='lat' dir='ltr'>serenda</span> 
     </span>
     <span class='ocr_line' id='line_1_25' title="bbox 274 2981 1262 3069; baseline -0.002 -17"><span class='ocrx_word' id='word_1_204' title='bbox 274 2991 343 3052; x_wconf 89' lang='lat' dir='ltr'>aiut.</span> <span class='ocrx_word' id='word_1_205' title='bbox 359 3026 402 3036; x_wconf 89' lang='lat'><em>-</em></span> <span class='ocrx_word' id='word_1_206' title='bbox 416 2992 509 3053; x_wconf 90' lang='lat' dir='ltr'>Porro</span> <span class='ocrx_word' id='word_1_207' title='bbox 524 2981 620 3069; x_wconf 76' lang='grc' dir='ltr'><strong><em>ύβριν</em></strong></span> <span class='ocrx_word' id='word_1_208' title='bbox 633 2988 793 3051; x_wconf 86' lang='lat' dir='ltr'>nobilitatis</span> <span class='ocrx_word' id='word_1_209' title='bbox 808 2997 946 3052; x_wconf 77' lang='lat' dir='ltr'>acmasaut</span> <span class='ocrx_word' id='word_1_210' title='bbox 961 2990 1050 3052; x_wconf 87' lang='lat' dir='ltr'>etiam</span> <span class='ocrx_word' id='word_1_211' title='bbox 1065 3010 1092 3051; x_wconf 82' lang='lat' dir='ltr'>v.</span> <span class='ocrx_word' id='word_1_212' title='bbox 1112 2989 1202 3054; x_wconf 84' lang='lat'>1103.</span> <span class='ocrx_word' id='word_1_213' title='bbox 1217 2990 1262 3051; x_wconf 70' lang='lat' dir='ltr'>t:</span> 
     </span>
    </p>

    <p class='ocr_par' dir='ltr' id='par_1_8' title="bbox 375 3083 1242 3178">
     <span class='ocr_line' id='line_1_26' title="bbox 375 3083 1242 3178; baseline 0 -24"><span class='ocrx_word' id='word_1_214' title='bbox 375 3084 494 3174; x_wconf 75' lang='grc' dir='ltr'><strong><em>Ὕβρις</em></strong></span> <span class='ocrx_word' id='word_1_215' title='bbox 514 3085 571 3152; x_wconf 80' lang='grc' dir='ltr'>καὶ</span> <span class='ocrx_word' id='word_1_216' title='bbox 594 3084 777 3176; x_wconf 75' lang='grc' dir='ltr'><strong><em>Μάγνητας</em></strong></span> <span class='ocrx_word' id='word_1_217' title='bbox 799 3083 952 3153; x_wconf 70' lang='grc' dir='ltr'><strong><em>ἀπώλεσε</em></strong></span> <span class='ocrx_word' id='word_1_218' title='bbox 974 3087 1032 3155; x_wconf 85' lang='grc' dir='ltr'>καὶ</span> <span class='ocrx_word' id='word_1_219' title='bbox 1054 3089 1242 3178; x_wconf 75' lang='grc' dir='ltr'><strong><em>Κολοφῶνα</em></strong></span> 
     </span>
    </p>

    <p class='ocr_par' dir='ltr' id='par_1_9' title="bbox 274 3184 1435 3890">
     <span class='ocr_line' id='line_1_27' title="bbox 459 3184 1350 3276; baseline 0 -21"><span class='ocrx_word' id='word_1_220' title='bbox 459 3188 517 3255; x_wconf 81' lang='grc' dir='ltr'>καὶ</span> <span class='ocrx_word' id='word_1_221' title='bbox 538 3184 700 3276; x_wconf 82' lang='grc' dir='ltr'><strong><em>Σμύρνην·</em></strong></span> <span class='ocrx_word' id='word_1_222' title='bbox 723 3187 865 3268; x_wconf 87' lang='grc' dir='ltr'><strong><em>πύνταις,</em></strong></span> <span class='ocrx_word' id='word_1_223' title='bbox 889 3189 1002 3274; x_wconf 88' lang='grc' dir='ltr'><strong><em>Κύρνε,</em></strong></span> <span class='ocrx_word' id='word_1_224' title='bbox 1025 3189 1082 3257; x_wconf 84' lang='grc' dir='ltr'>καὶ</span> <span class='ocrx_word' id='word_1_225' title='bbox 1103 3184 1198 3273; x_wconf 80' lang='grc' dir='ltr'><strong><em>ύμμ’</em></strong></span> <span class='ocrx_word' id='word_1_226' title='bbox 1220 3184 1350 3256; x_wconf 76' lang='grc' dir='ltr'><strong><em>α’πολεῖ.</em></strong></span> 
     </span>
     <span class='ocr_line' id='line_1_28' title="bbox 275 3294 1434 3377; baseline -0.001 -18"><span class='ocrx_word' id='word_1_227' title='bbox 275 3299 360 3371; x_wconf 87' lang='lat' dir='ltr'>lios,</span> <span class='ocrx_word' id='word_1_228' title='bbox 375 3295 480 3376; x_wconf 79' lang='lat' dir='ltr'>iuquit,</span> <span class='ocrx_word' id='word_1_229' title='bbox 497 3294 526 3355; x_wconf 88' lang='lat' dir='ltr'>b.</span> <span class='ocrx_word' id='word_1_230' title='bbox 542 3312 569 3355; x_wconf 91' lang='lat' dir='ltr'>e.</span> <span class='ocrx_word' id='word_1_231' title='bbox 584 3294 707 3370; x_wconf 89' lang='lat' dir='ltr'>nobiles,</span> <span class='ocrx_word' id='word_1_232' title='bbox 722 3303 846 3377; x_wconf 90' lang='lat' dir='ltr'>propter</span> <span class='ocrx_word' id='word_1_233' title='bbox 855 3294 1022 3377; x_wconf 89' lang='lat' dir='ltr'>superbiam</span> <span class='ocrx_word' id='word_1_234' title='bbox 1033 3295 1173 3377; x_wconf 87' lang='lat' dir='ltr'>peribitis,</span> <span class='ocrx_word' id='word_1_235' title='bbox 1189 3297 1265 3359; x_wconf 88' lang='lat' dir='ltr'>sicut</span> <span class='ocrx_word' id='word_1_236' title='bbox 1276 3296 1434 3376; x_wconf 77' lang='lat' dir='ltr'>Magnetes,</span> 
     </span>
     <span class='ocr_line' id='line_1_29' title="bbox 275 3391 1435 3483; baseline 0 -22"><span class='ocrx_word' id='word_1_237' title='bbox 275 3416 404 3480; x_wconf 87' lang='lat' dir='ltr'>quorum</span> <span class='ocrx_word' id='word_1_238' title='bbox 425 3395 619 3469; x_wconf 80' lang='lat' dir='ltr'>calamitates,</span> <span class='ocrx_word' id='word_1_239' title='bbox 638 3391 681 3458; x_wconf 78' lang='lat' dir='ltr'>coi</span> <span class='ocrx_word' id='word_1_240' title='bbox 697 3391 885 3483; x_wconf 73' lang='grc' dir='ltr'><strong><em>Μαγνήτων</em></strong></span> <span class='ocrx_word' id='word_1_241' title='bbox 903 3393 1004 3472; x_wconf 80' lang='grc' dir='ltr'><strong><em>κακά,</em></strong></span> <span class='ocrx_word' id='word_1_242' title='bbox 1027 3399 1058 3459; x_wconf 94' lang='lat' dir='ltr'>iu</span> <span class='ocrx_word' id='word_1_243' title='bbox 1073 3398 1263 3479; x_wconf 87' lang='lat' dir='ltr'>proverbium</span> <span class='ocrx_word' id='word_1_244' title='bbox 1283 3398 1435 3461; x_wconf 87' lang='lat' dir='ltr'>abiemut:</span> 
     </span>
     <span class='ocr_line' id='line_1_30' title="bbox 274 3498 1434 3582; baseline -0.001 -19"><span class='ocrx_word' id='word_1_245' title='bbox 274 3518 330 3563; x_wconf 89' lang='lat' dir='ltr'>nso</span> <span class='ocrx_word' id='word_1_246' title='bbox 348 3499 496 3561; x_wconf 89' lang='lat' dir='ltr'>immerito</span> <span class='ocrx_word' id='word_1_247' title='bbox 517 3498 675 3579; x_wconf 85' lang='lat' dir='ltr'>suspiceris</span> <span class='ocrx_word' id='word_1_248' title='bbox 689 3500 844 3580; x_wconf 82' lang='lat' dir='ltr'>significari</span> <span class='ocrx_word' id='word_1_249' title='bbox 857 3503 916 3563; x_wconf 92' lang='lat' dir='ltr'>boc</span> <span class='ocrx_word' id='word_1_250' title='bbox 929 3499 1083 3582; x_wconf 83' lang='lat' dir='ltr'>proverbio</span> <span class='ocrx_word' id='word_1_251' title='bbox 1098 3500 1252 3565; x_wconf 89' lang='lat' dir='ltr'>intestinas</span> <span class='ocrx_word' id='word_1_252' title='bbox 1266 3501 1434 3574; x_wconf 78' lang='lat' dir='ltr'>discordias,</span> 
     </span>
     <span class='ocr_line' id='line_1_31' title="bbox 275 3602 1435 3684; baseline 0 -18"><span class='ocrx_word' id='word_1_253' title='bbox 275 3620 368 3684; x_wconf 82' lang='lat' dir='ltr'>quum</span> <span class='ocrx_word' id='word_1_254' title='bbox 389 3602 472 3684; x_wconf 84' lang='lat' dir='ltr'>plebs</span> <span class='ocrx_word' id='word_1_255' title='bbox 493 3602 680 3683; x_wconf 88' lang='lat' dir='ltr'>optimatium</span> <span class='ocrx_word' id='word_1_256' title='bbox 699 3604 866 3684; x_wconf 89' lang='lat' dir='ltr'>superbiam</span> <span class='ocrx_word' id='word_1_257' title='bbox 882 3610 969 3683; x_wconf 88' lang='lat' dir='ltr'>atque</span> <span class='ocrx_word' id='word_1_258' title='bbox 984 3602 1105 3666; x_wconf 85' lang='lat' dir='ltr'>iniurius</span> <span class='ocrx_word' id='word_1_259' title='bbox 1118 3603 1263 3666; x_wconf 88' lang='lat' dir='ltr'>violenter</span> <span class='ocrx_word' id='word_1_260' title='bbox 1276 3603 1435 3667; x_wconf 84' lang='lat' dir='ltr'>ulciscere-</span> 
     </span>
     <span class='ocr_line' id='line_1_32' title="bbox 274 3704 1435 3787; baseline 0.001 -20"><span class='ocrx_word' id='word_1_261' title='bbox 274 3712 325 3768; x_wconf 89' lang='lat' dir='ltr'>tur</span> <span class='ocrx_word' id='word_1_262' title='bbox 335 3706 373 3785; x_wconf 72' lang='lat' dir='ltr'>i).</span> <span class='ocrx_word' id='word_1_263' title='bbox 399 3704 584 3783; x_wconf 79' lang='lat' dir='ltr'>Quamquam</span> <span class='ocrx_word' id='word_1_264' title='bbox 600 3722 648 3766; x_wconf 89' lang='lat' dir='ltr'>res</span> <span class='ocrx_word' id='word_1_265' title='bbox 664 3704 788 3769; x_wconf 88' lang='lat' dir='ltr'>obseura</span> <span class='ocrx_word' id='word_1_266' title='bbox 802 3714 855 3780; x_wconf 82' lang='lat' dir='ltr'>est,</span> <span class='ocrx_word' id='word_1_267' title='bbox 871 3724 968 3786; x_wconf 85' lang='lat' dir='ltr'>noque</span> <span class='ocrx_word' id='word_1_268' title='bbox 983 3704 1077 3786; x_wconf 88' lang='lat' dir='ltr'>magis</span> <span class='ocrx_word' id='word_1_269' title='bbox 1092 3705 1185 3786; x_wconf 82' lang='lat' dir='ltr'>liquet</span> <span class='ocrx_word' id='word_1_270' title='bbox 1200 3706 1236 3768; x_wconf 92' lang='lat' dir='ltr'>de</span> <span class='ocrx_word' id='word_1_271' title='bbox 1247 3705 1435 3787; x_wconf 81' lang='lat' dir='ltr'>Colophoniis</span> 
     </span>
     <span class='ocr_line' id='line_1_33' title="bbox 274 3806 1434 3890; baseline 0 -20"><span class='ocrx_word' id='word_1_272' title='bbox 274 3813 305 3870; x_wconf 91' lang='lat' dir='ltr'>et</span> <span class='ocrx_word' id='word_1_273' title='bbox 331 3807 516 3886; x_wconf 76' lang='lat' dir='ltr'>Smyrnaeis,</span> <span class='ocrx_word' id='word_1_274' title='bbox 543 3806 601 3870; x_wconf 90' lang='lat' dir='ltr'>nisi</span> <span class='ocrx_word' id='word_1_275' title='bbox 624 3807 704 3889; x_wconf 86' lang='lat' dir='ltr'>quod</span> <span class='ocrx_word' id='word_1_276' title='bbox 730 3807 979 3890; x_wconf 83' lang='lat' dir='ltr'>Colophoniorum</span> <span class='ocrx_word' id='word_1_277' title='bbox 1006 3808 1150 3870; x_wconf 90' lang='lat' dir='ltr'>luxuriam</span> <span class='ocrx_word' id='word_1_278' title='bbox 1177 3806 1318 3871; x_wconf 84' lang='lat' dir='ltr'>infamem</span> <span class='ocrx_word' id='word_1_279' title='bbox 1341 3808 1434 3871; x_wconf 83' lang='lat' dir='ltr'>fuisse</span> 
     </span>
    </p>
   </div>
   <div class='ocr_carea' id='block_1_3' title="bbox 275 4008 1435 4508">
    <p class='ocr_par' dir='ltr' id='par_1_10' title="bbox 275 4008 1435 4421">
     <span class='ocr_line' id='line_1_34' title="bbox 343 4008 1434 4077; baseline 0.005 -18"><span class='ocrx_word' id='word_1_280' title='bbox 343 4009 369 4073; x_wconf 82' lang='grc'>6)</span> <span class='ocrx_word' id='word_1_281' title='bbox 388 4008 500 4063; x_wconf 70' lang='lat' dir='ltr'>Similem</span> <span class='ocrx_word' id='word_1_282' title='bbox 517 4010 694 4063; x_wconf 70' lang='lat' dir='ltr'>nreeuudiam</span> <span class='ocrx_word' id='word_1_283' title='bbox 705 4017 807 4063; x_wconf 79' lang='lat' dir='ltr'>vetem</span> <span class='ocrx_word' id='word_1_284' title='bbox 819 4010 973 4077; x_wconf 80' lang='lat' dir='ltr'>interpretes</span> <span class='ocrx_word' id='word_1_285' title='bbox 985 4018 1125 4074; x_wconf 78' lang='lat' dir='ltr'>agnoseum</span> <span class='ocrx_word' id='word_1_286' title='bbox 1136 4010 1162 4063; x_wconf 89' lang='lat' dir='ltr'>iu</span> <span class='ocrx_word' id='word_1_287' title='bbox 1174 4010 1292 4064; x_wconf 82' lang='lat' dir='ltr'>Nestoris</span> <span class='ocrx_word' id='word_1_288' title='bbox 1304 4012 1392 4065; x_wconf 82' lang='lat' dir='ltr'>verbis</span> <span class='ocrx_word' id='word_1_289' title='bbox 1403 4010 1434 4064; x_wconf 95' lang='lat' dir='ltr'>ll.</span> 
     </span>
     <span class='ocr_line' id='line_1_35' title="bbox 278 4089 1435 4168; baseline 0.002 -21"><span class='ocrx_word' id='word_1_290' title='bbox 278 4095 301 4162; x_wconf 88' lang='lat' dir='ltr'>i,</span> <span class='ocrx_word' id='word_1_291' title='bbox 313 4095 377 4146; x_wconf 78' lang='lat'><strong>260:</strong></span> <span class='ocrx_word' id='word_1_292' title='bbox 394 4089 447 4162; x_wconf 79' lang='grc' dir='ltr'>ἤδη</span> <span class='ocrx_word' id='word_1_293' title='bbox 464 4091 519 4167; x_wconf 73' lang='grc' dir='ltr'>γάρ</span> <span class='ocrx_word' id='word_1_294' title='bbox 536 4093 604 4148; x_wconf 75' lang='grc' dir='ltr'><strong><em>ποτ’</em></strong></span> <span class='ocrx_word' id='word_1_295' title='bbox 622 4092 677 4164; x_wconf 69' lang='grc' dir='ltr'>ἐμοὶ</span> <span class='ocrx_word' id='word_1_296' title='bbox 693 4096 740 4146; x_wconf 79' lang='grc' dir='ltr'>καὶ</span> <span class='ocrx_word' id='word_1_297' title='bbox 756 4090 883 4164; x_wconf 71' lang='grc' dir='ltr'><strong><em>ἀρείοσιν</em></strong></span> <span class='ocrx_word' id='word_1_298' title='bbox 899 4094 987 4165; x_wconf 75' lang='grc' dir='ltr'><strong><em>ἠέπερ</em></strong></span> <span class='ocrx_word' id='word_1_299' title='bbox 1003 4093 1072 4167; x_wconf 73' lang='grc' dir='ltr'><strong><em>ἡμῖν</em></strong></span> <span class='ocrx_word' id='word_1_300' title='bbox 1089 4090 1231 4168; x_wconf 73' lang='grc' dir='ltr'><strong><em>ἀνδράσιν</em></strong></span> <span class='ocrx_word' id='word_1_301' title='bbox 1242 4092 1379 4166; x_wconf 68' lang='grc' dir='ltr'><strong><em>ὡμίλησα,</em></strong></span> <span class='ocrx_word' id='word_1_302' title='bbox 1391 4098 1435 4149; x_wconf 89' lang='lat' dir='ltr'>ubi</span> 
     </span>
     <span class='ocr_line' id='line_1_36' title="bbox 275 4176 1434 4251; baseline 0.003 -20"><span class='ocrx_word' id='word_1_303' title='bbox 275 4194 350 4247; x_wconf 80' lang='lat' dir='ltr'>quum</span> <span class='ocrx_word' id='word_1_304' title='bbox 366 4180 522 4232; x_wconf 83' lang='lat' dir='ltr'>eZeuodotc</span> <span class='ocrx_word' id='word_1_305' title='bbox 540 4181 662 4248; x_wconf 85' lang='lat' dir='ltr'>scriptum</span> <span class='ocrx_word' id='word_1_306' title='bbox 674 4188 744 4232; x_wconf 71' lang='lat' dir='ltr'>emet</span> <span class='ocrx_word' id='word_1_307' title='bbox 755 4176 842 4247; x_wconf 76' lang='grc' dir='ltr'><strong><em>ἠέπερ</em></strong></span> <span class='ocrx_word' id='word_1_308' title='bbox 854 4177 936 4251; x_wconf 82' lang='grc' dir='ltr'><strong><em>ύμῖν,</em></strong></span> <span class='ocrx_word' id='word_1_309' title='bbox 954 4183 1119 4249; x_wconf 85' lang='lat' dir='ltr'>repudiarunt</span> <span class='ocrx_word' id='word_1_310' title='bbox 1130 4183 1178 4233; x_wconf 89' lang='lat' dir='ltr'>boc</span> <span class='ocrx_word' id='word_1_311' title='bbox 1189 4180 1354 4234; x_wconf 80' lang='lat' dir='ltr'>Aristarchus</span> <span class='ocrx_word' id='word_1_312' title='bbox 1366 4183 1434 4235; x_wconf 84' lang='lat' dir='ltr'>elus·</span> 
     </span>
     <span class='ocr_line' id='line_1_37' title="bbox 275 4260 1434 4336; baseline 0 -20"><span class='ocrx_word' id='word_1_313' title='bbox 275 4281 323 4333; x_wconf 80' lang='lat' dir='ltr'>qne</span> <span class='ocrx_word' id='word_1_314' title='bbox 339 4272 480 4318; x_wconf 71' lang='lat' dir='ltr'>sectatores</span> <span class='ocrx_word' id='word_1_315' title='bbox 497 4273 584 4333; x_wconf 88' lang='lat' dir='ltr'>utpote</span> <span class='ocrx_word' id='word_1_316' title='bbox 601 4260 779 4336; x_wconf 73' lang='grc' dir='ltr'><strong><em>ἐφύμρισεον.</em></strong></span> <span class='ocrx_word' id='word_1_317' title='bbox 802 4264 859 4319; x_wconf 77' lang='grc' dir='ltr'>Διά</span> <span class='ocrx_word' id='word_1_318' title='bbox 876 4265 908 4318; x_wconf 77' lang='lat' dir='ltr'>dl</span> <span class='ocrx_word' id='word_1_319' title='bbox 923 4269 974 4319; x_wconf 81' lang='grc' dir='ltr'>τού</span> <span class='ocrx_word' id='word_1_320' title='bbox 990 4265 1072 4336; x_wconf 79' lang='grc' dir='ltr'><strong><em>ἡμῖν,</em></strong></span> <span class='ocrx_word' id='word_1_321' title='bbox 1093 4267 1175 4334; x_wconf 84' lang='lat' dir='ltr'>inquit</span> <span class='ocrx_word' id='word_1_322' title='bbox 1191 4265 1372 4335; x_wconf 71' lang='lat' dir='ltr'>Aristonicus,</span> <span class='ocrx_word' id='word_1_323' title='bbox 1388 4267 1434 4319; x_wconf 77' lang='lat' dir='ltr'>eol</span> 
     </span>
     <span class='ocr_line' id='line_1_38' title="bbox 276 4345 1055 4421; baseline 0.001 -17"><span class='ocrx_word' id='word_1_324' title='bbox 276 4345 375 4404; x_wconf 74' lang='grc' dir='ltr'><strong><em>ἑαυτὸν</em></strong></span> <span class='ocrx_word' id='word_1_325' title='bbox 386 4355 613 4421; x_wconf 70' lang='grc' dir='ltr'><strong><em>σαγκαεαριύμεῖ</em></strong></span> <span class='ocrx_word' id='word_1_326' title='bbox 622 4352 669 4402; x_wconf 80' lang='grc' dir='ltr'>καὶ</span> <span class='ocrx_word' id='word_1_327' title='bbox 681 4346 789 4410; x_wconf 76' lang='grc' dir='ltr'><strong><em>πάντας</em></strong></span> <span class='ocrx_word' id='word_1_328' title='bbox 801 4350 866 4409; x_wconf 82' lang='grc' dir='ltr'><strong><em>τούς</em></strong></span> <span class='ocrx_word' id='word_1_329' title='bbox 877 4349 945 4405; x_wconf 73' lang='grc' dir='ltr'>καθ’</span> <span class='ocrx_word' id='word_1_330' title='bbox 960 4347 1055 4407; x_wconf 73' lang='grc' dir='ltr'><strong><em>αὐτόν.</em></strong></span> 
     </span>
    </p>

    <p class='ocr_par' dir='ltr' id='par_1_11' title="bbox 344 4434 1064 4508">
     <span class='ocr_line' id='line_1_39' title="bbox 344 4434 1064 4508; baseline 0.006 -23"><span class='ocrx_word' id='word_1_331' title='bbox 344 4435 370 4500; x_wconf 78' lang='lat'>7)</span> <span class='ocrx_word' id='word_1_332' title='bbox 388 4434 425 4487; x_wconf 82' lang='lat' dir='ltr'>Gi.</span> <span class='ocrx_word' id='word_1_333' title='bbox 439 4435 621 4488; x_wconf 75' lang='lat' dir='ltr'>Schneidewin.</span> <span class='ocrx_word' id='word_1_334' title='bbox 634 4437 665 4487; x_wconf 75' lang='lat' dir='ltr'>ad</span> <span class='ocrx_word' id='word_1_335' title='bbox 677 4435 802 4489; x_wconf 75' lang='lat' dir='ltr'>Heracliti.</span> <span class='ocrx_word' id='word_1_336' title='bbox 816 4438 888 4491; x_wconf 77' lang='lat' dir='ltr'>Paul.</span> <span class='ocrx_word' id='word_1_337' title='bbox 900 4439 974 4508; x_wconf 81' lang='lat' dir='ltr'>polit</span> <span class='ocrx_word' id='word_1_338' title='bbox 985 4455 1009 4507; x_wconf 87' lang='lat' dir='ltr'>p.</span> <span class='ocrx_word' id='word_1_339' title='bbox 1023 4438 1064 4490; x_wconf 80' lang='grc'>89.</span> 
     </span>
    </p>
   </div>
   <div class='ocr_carea' id='block_1_4' title="bbox 0 0 1650 5142">
    <p class='ocr_par' dir='ltr' id='par_1_12' title="bbox 0 0 1650 5142">
     <span class='ocr_line' id='line_1_40' title="bbox 0 0 1650 5142; baseline 0 0"><span class='ocrx_word' id='word_1_340' title='bbox 0 0 1650 5142; x_wconf 95' lang='lat' dir='ltr'> </span> 
     </span>
    </p>
   </div>
  </div>
 </body>
</html>
