3164 5138
677 464 718 529 bl

111 673 214 719 rusus
225 663 329 717 extare
339 654 418 727 dicit,
433 671 500 715 non
516 654 551 715 in
566 656 729 719 omnibus
744 662 841 716 extare
857 651 1008 732 siguificat
1042 651 1159 715 Su'lioet
1174 650 1278 714 omissi

14 784 16 839 f
111 767 194 823 eraut
208 758 247 820 ab
261 757 316 829 iis,
332 757 383 835 qui
402 775 458 817 eos
474 755 592 836 spurios
611 776 678 821 esse
695 756 873 819 iudicabant:
892 773 1019 835 quonum
1033 755 1173 817 iudicium
1191 755 1278 817 etiam

111 860 307 924 aPlutarcho
328 859 489 938 probatum
509 877 573 921 esse
592 879 627 921 ex
646 859 748 929 eodem
764 857 869 921 Prodo
889 857 1039 919 discimus.
1058 892 1100 902 -
1119 858 1279 937 interpola-

114 966 203 1027 tiouis
232 960 357 1040 vestigia
387 960 542 1023 manifesta
567 981 623 1024 nec
647 979 709 1031 non
733 981 751 1023 a
776 960 922 1023 retcubus
948 959 1054 1022 eribus
1080 959 1280 1022 animadversa

113 1065 368 1147 deprehendimus
385 1082 412 1124 r.
429 1063 491 1126 376
507 1082 571 1144 sqrp

263 1214 479 1303 Μουνογενὴς
501 1211 539 1281 δὲ
560 1210 645 1294 πάις
667 1208 719 1304 εἴη
742 1210 912 1303 πατρώιον
935 1204 1024 1280 οἶκον

239 1313 419 1407 φέρβεμεν·
440 1308 485 1393 ὣς
506 1313 568 1402 γὰρ
589 1315 731 1394 πλοῖτος
753 1311 881 1397 οἷέξεται
905 1313 940 1383 ἐν
959 1312 1144 1403 μεγάροισι.

240 1418 379 1508 γηραιὸς
400 1415 439 1484 δὲ
459 1414 583 1496 θάνοις
605 1413 713 1508 &spos
734 1413 833 1485 παῖδ’
856 1413 1112 1504 ἐγκαταλείπων,

114 1595 246 1659 quorum
271 1584 457 1657 postremum
482 1594 545 1638 nou
564 1577 655 1639 modo
675 1597 692 1639 a
710 1576 816 1641 Proclo
842 1595 949 1659 eoque,
976 1596 1062 1658 quem
1077 1576 1104 1639 is
1128 1584 1277 1639 auctorem

114 1679 199 1760 seqrd
220 1679 314 1753 solet,
337 1678 509 1753 Plutarcho,
534 1679 586 1741 sed
605 1678 693 1741 etiam
711 1679 747 1742 ab
766 1680 939 1742 Aristarcho
965 1680 1136 1742 demnatum
1161 1697 1228 1742 esse
1246 1679 1278 1740 in

113 1782 242 1844 Tactus
271 1780 393 1842 scholiis
420 1781 559 1860 legirupa:
592 1772 625 1843 ol
650 1776 731 1866 περὶ
757 1774 909 1864 Πρόκλον
938 1776 996 1844 καὶ
1013 1773 1228 1866 Ἀρίσταρχον
1253 1769 1279 1865 ἢ

112 1878 331 1965 mauranus
352 1874 549 1968 ἀδιανόητον
561 1876 659 1946 τοῦτό
673 1900 777 1970 φασιν
792 1872 878 1946 εἶναι
891 1879 950 1947 καὶ
963 1877 1134 1969 περισσόν.
1164 1886 1277 1959 Quam·

114 2006 202 2067 quam
219 1986 259 2047 de
273 1984 444 2047 Aristarcho
459 2004 509 2047 res
522 2003 585 2047 uon
598 1987 670 2048 satis
686 1994 764 2049 certa
780 1997 839 2049 est:
860 2006 928 2049 nam
949 1995 978 2049 ct
992 1987 1074 2049 deest
1088 1989 1150 2049 eius
1166 2005 1277 2049 nomen

113 2106 170 2151 uua
184 2106 259 2150 crim
273 2076 298 2171 ἤ
311 2087 519 2149 coniunctione
532 2085 563 2148 iu
578 2087 690 2168 aliquot
703 2088 870 2164 codicibus,
892 2106 988 2169 neque
1002 2089 1033 2150 in
1047 2089 1093 2165 iis,
1109 2108 1182 2169 quae
1196 2106 1277 2153 nunc

113 2192 259 2262 feruutur,
275 2189 373 2251 Procli
389 2190 508 2252 scholiis
521 2188 626 2269 legitur
636 2196 648 2234 ³
657 2193 696 2269 ⁰),
715 2199 749 2253 ut
759 2192 903 2253 conlisere
912 2189 1004 2265 liceat,
1019 2190 1141 2252 subesse
1151 2191 1275 2271 aliquem

112 2292 223 2355 thracii
246 2310 395 2366 errorem,
416 2292 467 2372 qui
492 2310 584 2372 quum
602 2292 774 2372 ambigeret,
800 2293 896 2355 utrius
920 2310 1044 2367 nomeu,
1070 2293 1217 2355 Plutarchi
1238 2311 1277 2355 au

113 2395 287 2467 Aristarchi,
301 2394 332 2455 iu
347 2413 393 2467 eo,
409 2394 488 2474 quod
500 2394 691 2467 describebat,
707 2394 840 2474 exemplo
857 2394 999 2474 scriptum
1014 2402 1102 2468 esset,
1118 2403 1277 2475 utrumque

111 2517 224 2579 ponem
239 2496 383 2559 maluerit
413 2496 485 2559 Utut
498 2504 552 2570 est,
566 2496 718 2576 indignum
734 2505 809 2558 certe
824 2497 991 2559 Aristarcho
1014 2497 1153 2560 iudicium
1168 2498 1205 2559 de
1218 2499 1278 2561 boc

111 2621 200 2665 versu
224 2619 316 2663 nemo
339 2599 458 2661 dixerit:
479 2618 546 2661 uam
569 2617 699 2679 pugnare
713 2599 787 2660 haec
800 2598 876 2661 inter
890 2618 922 2661 se
937 2600 1085 2674 ridentur,
1100 2596 1277 2684 μουνογενῆ

112 2705 181 2767 he
204 2702 392 2782 migenitum
414 2701 504 2763 lilium
528 2702 690 2781 optandum
712 2720 792 2776 esse,
813 2709 961 2763 ettamen
982 2703 1277 2784 alterumquoque

114 2815 182 2887 post
208 2814 342 2869 mortem
367 2803 605 2883 ffliupueudum:
631 2811 717 2865 erunt
742 2804 819 2865 enim
842 2803 886 2865 sic
914 2804 982 2866 duo.
1026 2804 1089 2867 Nisi
1111 2808 1185 2867 torte
1210 2807 1277 2884 quis

114 2918 222 2984 mmet,
236 2907 420 2987 unigenitum
435 2905 577 2985 tantisper
591 2906 753 2986 optandum
768 2904 841 2978 dici,
858 2905 954 2969 donec
967 2924 1016 2968 res
1031 2906 1181 2969 familiaris
1204 2906 1276 2967 satis

113 3020 195 3074 aucta
209 3010 310 3083 luem,
325 3017 359 3071 ut
371 3008 397 3069 is
412 3007 518 3070 dimitti
532 3008 650 3069 edomo
666 3014 784 3087 paterna
799 3025 928 3087 suosque
943 3006 998 3068 sibi
1010 3007 1085 3069 lares
1097 3007 1277 3069 constituere

114 3114 221 3195 possit,
237 3119 413 3176 tuucautcm
429 3110 551 3173 alterum
566 3109 790 3190 procreafflum,
806 3109 856 3188 qui
867 3116 1072 3188 postmortem
1084 3111 1176 3191 patris
1187 3110 1274 3171 lieres

117 3218 253 3279 iudomo
268 3214 456 3294 relinquatur.
479 3211 587 3274 Vereor
600 3220 708 3283 umen,
722 3229 762 3273 ne
774 3210 848 3272 haec
861 3210 997 3273 didnatio
1013 3212 1107 3291 magis
1122 3231 1208 3292 quam
1225 3212 1272 3273 iu·
1292 3218 1325 3269 20

114 3317 286 3400 perpretaho
300 3316 421 3379 dicenda
436 3315 483 3377 sit
517 3314 608 3376 Aliam
623 3312 698 3376 rum
714 3311 924 3392 hloschopolus
938 3312 1072 3374 tentaut:
1089 3307 1207 3395 ἕτερον,
1224 3313 1273 3387 ait,

114 3411 214 3505 ἤγουν
235 3410 337 3482 ἄλλον
358 3410 431 3481 ἀντὶ
453 3411 522 3478 cori.
549 3414 598 3477 Sic
609 3414 750 3478 nimirum
764 3434 827 3479 uon
841 3417 908 3497 plus
930 3434 992 3479 uuo
1008 3415 1067 3478 silio
1083 3417 1276 3492 habebimus3

182 3694 225 3758 30)
242 3692 283 3745 Nc
295 3691 443 3743 Plutarchus
455 3693 551 3759 quidem
565 3692 713 3758 nominatur,
726 3692 770 3744 scd
783 3692 874 3744 dicitur
886 3691 1045 3760 simpliciter:
1058 3690 1089 3744 rb
1104 3692 1138 3745 δέ
1147 3709 1179 3762 γε
1190 3709 1274 3762 „yu-

119 3778 212 3851 ραιὸς
224 3776 258 3829 dl
270 3770 422 3835 adcursu
434 3778 654 3849 παρέγγραπτον
665 3773 702 3834 ὡς
713 3772 891 3841 ἀδιανόητον.
906 3778 1018 3846 Apparet
1030 3780 1105 3830 etiam
1117 3782 1162 3830 hoc
1175 3780 1274 3843 indicio,

118 3880 177 3916 rere
189 3863 312 3916 Wolhuru
324 3863 445 3927 iudicare,
458 3876 532 3928 quum
544 3862 621 3926 dim,
639 3862 670 3912 ad
682 3861 752 3912 Scut.
764 3878 788 3928 p.
803 3862 849 3913 82:
861 3901 877 3930 „
885 3878 916 3912 ue
929 3862 1033 3914 Procius
1049 3866 1147 3931 quidem
1168 3864 1274 3930 integer,

120 3953 161 4002 red
171 3951 204 4001 ah
217 3949 309 4016 ineptis
322 3947 454 3999 Graeculis
466 3948 501 3998 ita
513 3953 649 4014 excerptus
662 3953 689 3998 et
700 3947 850 4014 discerptus,
861 3948 907 3999 vix
918 3955 948 3999 ut
959 3962 1064 4015 usquam
1076 3949 1125 4000 viri
1137 3950 1275 4003 doctrinam

119 4037 265 4100 agroscasf‘
277 4034 335 4084 Alia
350 4032 478 4098 exempla,
494 4032 582 4098 quihus
599 4039 731 4099 appareat,
748 4030 873 4085 a'l'aetza
889 4034 969 4085 adhuc
987 4035 1054 4085 lecta
1070 4050 1127 4086 csse
1146 4037 1170 4085 in
1191 4036 1274 4088 Procli

121 4120 304 4184 commentario,
322 4133 384 4185 qrrae
402 4119 475 4168 hodie
493 4133 541 4167 uon
557 4117 663 4183 amplius
676 4117 806 4184 leguntur,
823 4126 882 4170 suut
898 4119 929 4169 od
941 4135 966 4170 v.
983 4119 1016 4169 82
1034 4126 1062 4170 et
1077 4120 1119 4170 91.
1147 4120 1181 4171 Et
1197 4123 1275 4173 multa

121 4203 205 4256 Proclc
218 4205 375 4264 tribuuntur,
388 4218 452 4270 quae
464 4202 495 4252 ab
507 4202 552 4252 illo
565 4203 640 4252 scribi
653 4218 702 4252 uou
715 4203 827 4268 potuisse
839 4203 996 4255 menifestum
1009 4204 1051 4255 sit.
1081 4203 1160 4256 Unam
1177 4207 1273 4272 φιὶοοιο

122 4298 205 4357 rotatu,
217 4307 267 4359 qua
278 4287 411 4341 Procliaua
422 4286 534 4352 dignosci
549 4287 582 4338 ab
600 4287 689 4338 alienis
700 4286 809 4354 possint,
827 4286 938 4339 llaolius
950 4289 1080 4356 indicavit,
1094 4290 1230 4341 Commeat.
1243 4290 1274 4340 de

121 4375 175 4429 uec
187 4378 217 4430 0.
229 4385 258 4431 et
269 4377 301 4428 D.
314 4374 428 4441 Gottiuss.
448 4374 527 4441 1838,
537 4388 564 4444 p.
574 4373 605 4438 43
616 4375 664 4426 scd
674 4388 706 4427 as
718 4388 767 4426 aaa
779 4364 887 4440 cubui,
899 4389 991 4444 resque
1002 4375 1183 4428 aecurotiorem
1196 4376 1276 4428 suns

119 4460 299 4536 iaquisitionem
310 4463 433 4535 postolat
488 4534 489 4537 Ἴ
