3154 5138
643 447 706 513 297

111 652 170 714 quae
181 634 254 697 seiri
268 652 330 697 nen
346 643 470 717 possent
484 636 652 700 cohibuisse
667 634 746 712 dixit,
761 636 828 714 iam,
843 656 901 720 qno
916 641 1078 722 magirsos
1093 642 1254 724 prudenter

110 737 198 799 leusee
208 748 359 820 appareat,
374 758 409 801 er
424 741 547 803 adverso
563 741 657 820 penit,
673 740 752 820 quod
767 742 946 806 conuerinm
960 751 1020 819 est,
1040 744 1175 806 assentiri
1189 745 1253 808 eine

108 838 151 901 ute
163 841 348 904 dubitatione
360 842 451 906 rebus
465 843 585 906 incertis
601 853 630 906 et
640 844 843 923 incompertis,
859 845 947 926 idque
957 846 1108 928 iudignum
1124 847 1254 928 sapiente

109 960 160 1005 use
171 944 255 1007 dicit
300 946 395 1026 Atque
408 946 467 1008 hoc
480 947 549 1008 lacit
563 945 718 1009 bimembri
733 947 877 1011 oratione:
893 948 1022 1028 primum
1037 948 1169 1012 brevius:
1189 957 1253 1012 ttu-

107 1063 161 1124 pcm
174 1065 247 1109 esee
262 1047 470 1123 temeritatem3
485 1048 588 1110 deinde
602 1047 786 1129 explicatius:
806 1050 998 1113 temeritatem
1015 1052 1171 1114 maximam
1187 1069 1253 1114 esse

105 1147 549 1225 busensiominoonsiderata,
561 1168 684 1231 mmque
698 1150 932 1232 indignissimam
949 1171 1015 1215 esse
1030 1153 1170 1236 sapientie
1186 1171 1252 1234 gru·

106 1248 186 1313 ritate
233 1252 300 1326 Qua
313 1251 427 1313 ratione
441 1262 537 1315 autem
551 1252 623 1314 haec
641 1252 701 1314 duo
721 1254 852 1317 membre
868 1274 935 1317 eum
950 1256 1103 1337 superiore
1116 1256 1251 1318 enuntia·

105 1351 170 1415 tione
197 1354 386 1429 cohaereant,
410 1355 599 1419 manifestum
613 1354 681 1418 tacit
699 1357 823 1419 eeueme
843 1358 1011 1421 coniunctio
1031 1358 1136 1434 enim,
1158 1359 1250 1439 priori

104 1456 229 1519 membro
244 1454 363 1518 inserta.
385 1456 530 1520 Nimirum
542 1458 586 1520 sie
600 1458 699 1521 omnia
710 1458 787 1521 inter
798 1478 831 1521 se
847 1470 1075 1529 conuenerunt:
1090 1463 1253 1542 pruden-

105 1565 146 1621 ter
156 1560 326 1622 teecrunt
340 1559 551 1634 Academici,
571 1560 663 1641 quod
678 1560 714 1622 iu
728 1568 826 1623 tanta
838 1562 1098 1625 sententiarum
1114 1563 1254 1626 discre-

105 1662 216 1741 pantia
235 1662 486 1724 assensionem
506 1662 759 1737 cohibuerunt,
779 1680 893 1744 neque
912 1673 1045 1727 temere
1062 1664 1125 1727 uni
1144 1664 1252 1728 alicui

104 1763 296 1826 sententiae
314 1773 563 1827 assenserunt:
587 1782 666 1826 uam
689 1765 753 1827 bac
770 1766 975 1830 temeritate
995 1764 1086 1828 nihil
1101 1774 1155 1829 est
1169 1775 1252 1829 tur·

104 1867 183 1946 pius.
227 1867 291 1929 lem
311 1866 405 1946 cogita
424 1885 492 1931 cum
506 1866 628 1929 Wolfio:
648 1867 849 1948 prudenter
875 1870 1051 1945 iecerunt,
1070 1866 1162 1949 quod
1182 1887 1252 1932 uon

105 1976 226 2032 temere
250 1977 498 2045 assenserunt,
522 1987 601 2032 nam
627 1970 831 2032 temeritate
851 1970 942 2033 nihil
966 1978 1021 2033 est
1039 1971 1186 2033 lortius:
1206 1972 1253 2034 in·

104 2070 204 2151 telliues
231 2072 365 2152 prolecto
390 2091 556 2153 perversam
582 2080 612 2134 et
630 2071 759 2152 ineptam
780 2091 847 2136 esse
870 2073 1081 2135 sententiarum
1102 2074 1253 2154 composi·

104 2173 215 2237 louein.

22 2282 23 2289 ’
177 2277 249 2358 (hp.
262 2277 297 2351 V,
312 2276 360 2338 tt.
387 2277 462 2340 lton
477 2278 571 2341 enim
585 2294 709 2341 snmus
724 2277 763 2352 ii,
786 2275 916 2357 quibus
935 2275 1027 2339 nibil
1041 2293 1161 2340 verum
1175 2296 1255 2342 esse

22 2454 23 2467 χ
105 2381 273 2453 videatur,
293 2379 353 2441 sed
374 2379 413 2455 ii,
431 2381 491 2461 qui
511 2381 675 2443 omnibns
691 2381 787 2443 veris
805 2380 893 2443 lalsa
908 2380 1074 2461 quaedam
1091 2380 1255 2446 adiuncta

22 2476 24 2563 T
106 2481 272 2556 dicamus,
292 2490 389 2545 teuta
404 2482 655 2557 similitudine,
674 2492 713 2545 ut
731 2483 765 2543 in
780 2482 826 2544 iis
840 2483 935 2545 nulla
950 2483 1040 2546 insit
1053 2492 1147 2547 certa
1161 2483 1254 2548 iudi-

22 2594 23 2615 ³
106 2584 197 2647 candi
212 2593 247 2648 et
260 2586 484 2648 assentiendi
498 2594 594 2649 nota:
610 2605 648 2647 ex
663 2600 731 2667 que
746 2585 871 2649 existit
884 2593 920 2646 et
933 2585 1035 2661 illud,
1050 2587 1160 2650 multe
1173 2605 1255 2650 esse

106 2688 318 2767 probabilia,
348 2706 435 2769 quae
463 2706 671 2770 quamquam
699 2706 771 2751 nou
798 2688 1095 2769 perciperentur,
1124 2696 1255 2764 tamen,

22 2786 23 2807 ³
106 2790 175 2871 quia
194 2790 310 2853 visum
329 2789 502 2853 baberent
520 2791 698 2870 quendam
717 2789 896 2869 insignem
921 2799 954 2852 et
978 2790 1174 2867 illustrem,
1199 2791 1255 2854 his

22 2884 23 2891 '
106 2893 273 2975 sapientis
298 2893 371 2955 rita
396 2903 589 2975 regeretur.
616 2928 653 2939 -
687 2893 840 2957 offendere
859 2892 966 2954 debent
984 2893 1057 2955 baec
1081 2893 1256 2975 imperleote,

22 3076 23 3079 Ἴ
107 2997 382 3077 perciperentur,
410 2996 598 3071 baberent,
627 3002 824 3077 regeretur,
852 2996 998 3075 praesenti
1024 2997 1151 3079 tempori
1176 2997 1288 3061 verbis

107 3100 221 3163 existit
234 3107 338 3161 contra
352 3099 481 3180 regulam
496 3098 664 3161 subiuncta:
681 3098 887 3178 turbatumque
900 3097 1008 3179 aliquid
1022 3118 1038 3161 a
1052 3100 1176 3162 librariis
1191 3118 1257 3163 esse

109 3202 184 3264 eun
198 3202 341 3264 mrieutes
357 3202 493 3265 oudinum
507 3203 668 3285 scripurrae
682 3200 884 3282 suspicionem
899 3200 1020 3277 lanium,
1039 3220 1164 3284 quorum
1179 3221 1256 3265 unus

109 3304 252 3379 exstitit,
266 3321 345 3366 unus
360 3304 474 3379 exitit,
490 3324 545 3386 pro
559 3306 833 3387 perciperentur
847 3311 944 3366 sutem
958 3322 1037 3369 uuus
1050 3306 1257 3387 percipian-

111 3412 171 3482 tur,
194 3407 321 3487 deuique
342 3427 397 3489 pro
417 3408 589 3471 baberent
606 3408 676 3470 item
695 3424 774 3469 unus
793 3406 923 3469 babent
942 3408 1035 3471 ollert
1069 3409 1136 3471 Non
1156 3408 1257 3471 dtrbito

112 3509 242 3589 equidem,
259 3511 330 3590 quin
345 3511 465 3573 extitit
479 3530 495 3573 a
510 3510 650 3573 Cicerone
664 3510 807 3591 scripturn
822 3509 873 3586 sit,
888 3526 946 3571 nec
960 3528 1083 3572 moneor
1096 3510 1194 3573 Wolfii
1209 3530 1257 3572 ra-

112 3610 243 3687 tionibus,
266 3612 372 3693 quibus
391 3613 438 3675 ille
458 3614 598 3693 uulgatum
621 3612 796 3694 scripturam
816 3611 953 3673 defendit
963 3614 993 3689 0)
1034 3612 1108 3687 „llio
1127 3613 1257 3677 deflexus

115 3770 398 3781 *unu—‚b-

169 3855 193 3921 llt
212 3855 338 3908 boemus
351 3872 366 3908 a
379 3855 474 3908 Woldo
492 3857 566 3908 etiem
583 3856 687 3908 lieierua
704 3856 736 3907 ed
752 3855 804 3907 Cis.
816 3856 847 3906 de
859 3854 934 3907 otte
947 3862 1006 3908 ton.
1020 3854 1050 3908 ll.
1061 3873 1084 3925 p.
1099 3855 1123 3908 3.
1158 3856 1209 3909 Sed
1221 3859 1259 3910 lo·

113 3941 295 3994 mmet-rt
307 3942 398 3993 vultlu
412 3942 595 3993 buaeuodma:
612 3956 689 4009 quse
706 3954 882 4010 quanquam
903 3956 962 3992 noa
987 3942 1212 4010 percipiantur
1231 3944 1258 4007 (e
1364 3962 1370 3968 ·

113 4026 298 4095 aedbold),
315 4035 430 4093 tanen,
448 4027 519 4096 quia
534 4026 940 4091 visuulrabentlecod.01.
954 4032 993 4093 e.)
1009 4028 1162 4095 quendam
1178 4030 1259 4081 illu-

113 4115 209 4179 strat,
220 4113 269 4164 tle
282 4112 439 4179 sepientis
451 4113 518 4164 vite
531 4119 667 4178 regetur.
702 4112 855 4167 semovetur
870 4127 932 4164 saue
949 4113 986 4165 eie
998 4109 1192 4167 dmotoudto
1202 4115 1258 4165 vul-

113 4202 179 4255 gatus
194 4197 323 4262 leettems,
339 4198 372 4249 de
388 4212 437 4265 pua
454 4198 546 4250 dletuua
563 4206 630 4251 esta
644 4199 714 4250 nobie
728 4199 753 4250 ln
764 4199 926 4250 meoutiene
938 4198 998 4251 edit.
1010 4207 1127 4263 nestsear
1140 4201 1185 4252 ted
1197 4200 1259 4250 benc

114 4271 312 4336 &namnetes
325 4297 446 4351 pereunt
460 4282 630 4335 exorabilem
647 4298 706 4335 esse
723 4290 841 4352 apparet:
862 4284 1004 4336 emendatio
1018 4291 1101 4336 auten
1120 4282 1165 4335 illa
1175 4290 1206 4334 ut
1217 4297 1259 4333 su-

113 4378 258 4430 peruacanea
270 4375 325 4433 eet,
336 4368 372 4419 lta
383 4367 446 4419 allel
455 4369 576 4435 praeridit
587 4369 663 4421 babet
675 4384 707 4421 ex
719 4370 776 4421 latis
788 4368 886 4420 duabus
893 4369 1030 4434 culcibus,
1035 4382 1139 4437 quanm
1149 4367 1259 4433 ser-ipsu·

114 4464 152 4501 m
161 4468 229 4506 acme
240 4470 289 4506 neu
301 4454 443 4506 commori
454 4455 559 4522 mlpiau
571 4454 658 4507 teuent
670 4452 797 4520 tatem.
