3190 5136
706 329 767 393 119

124 512 191 602 τὴν
214 510 366 603 ἐντολὴν
387 513 560 601 παραβὰς,
581 510 750 601 ἐξόριστος
771 508 810 576 δι’
825 506 953 596 γέγονεν
967 507 1004 578 ἐκ
1023 510 1102 580 τότε
1121 515 1180 604 τῆς
1198 509 1312 601 Ἓδὲμ,

129 614 193 682 καὶ
216 655 265 666 -
289 616 354 705 τὴν
374 613 541 684 ἐπίπονον
554 614 731 705 κληροῦται
747 609 913 703 διαγωγήν
927 612 984 681 καὶ
1010 615 1068 705 τήν
1089 614 1124 696 ἐς
1144 616 1184 684 τὸ
1209 618 1310 685 κλαυ-

133 719 288 803 ephres
311 717 421 787 πέδον
442 716 648 803 κατάκρισιν,
663 756 705 767 -
721 712 784 795 ἕως
799 706 838 782 οὗ
855 711 1025 806 Ἡρκαλῆς
1045 716 1165 801 ἐλθών,
1189 716 1208 787 ὁ
1231 718 1312 805 &poc

132 817 291 910 Ἰησοῦς,
319 820 387 886 τῶν
412 820 542 904 δεσμῶν
568 816 802 911 ἠλευθέρωσεν.
846 823 1040 904 eomparatur
1069 825 1157 905 igitur
1181 826 1311 891 hominis

139 947 178 989 ex
190 927 294 990 Edem
315 927 453 1007 relegatio
475 945 544 989 oum
563 925 709 1008 supplicio
724 925 906 1001 Promethei,
931 935 1083 1007 peceatum
1105 935 1203 991 autem
1223 929 1311 991 huius

143 1049 213 1092 mm
224 1029 309 1093 iilius
320 1029 442 1092 delicto:
456 1048 512 1092 nee
532 1029 612 1110 fugit,
626 1028 742 1110 opinor,
755 1027 906 1103 loannem,
920 1029 951 1091 id
962 1030 1042 1110 qnod
1053 1030 1200 1092 neminem
1212 1033 1311 1111 fugere

144 1142 255 1214 potest,
270 1140 416 1215 ‹prantunn
436 1142 534 1195 tamen
548 1131 663 1193 differat
677 1131 753 1193 inter
767 1131 824 1194 hos
840 1132 925 1205 dnos,
940 1132 1050 1214 quippe
1064 1152 1154 1215 quum
1169 1133 1242 1196 alter
1256 1153 1309 1197 sua
1326 1148 1360 1200 22

32 1238 38 1265 ¹
143 1246 256 1318 sponte
272 1235 437 1317 deliquerit,
451 1234 592 1316 sapientia
607 1252 661 1296 sue
670 1241 698 1296 et
714 1232 817 1295 virtute
835 1232 959 1295 nimium
976 1236 1116 1309 confisus,
1135 1236 1207 1298 alter
1221 1235 1310 1299 indu-

143 1348 211 1402 etus
225 1339 303 1401 sita
323 1338 427 1400 caliido
443 1337 488 1400 dei
502 1336 716 1417 hominumque
737 1336 918 1398 adversario:
938 1336 991 1398 sed
1011 1338 1099 1400 simul
1117 1337 1186 1401 iliud
1205 1338 1309 1402 rectis·

142 1443 221 1504 sime
236 1440 452 1515 animadvortit,
466 1439 592 1521 typicam
606 1454 673 1502 esse
687 1438 857 1501 Promethei
867 1454 1027 1519 personam
1042 1440 1264 1522 exupihmquo
1279 1440 1309 1502 in

141 1565 179 1607 eo
193 1544 334 1625 proponi
349 1543 438 1607 animi
455 1539 575 1605 humani
587 1540 685 1603 divino
700 1540 814 1603 nomini
828 1539 1007 1616 reluctantis,

339 1636 394 1708 ὅθ’
417 1635 437 1729 ἦ
460 1638 624 1731 φρόνησις
643 1639 704 1707 τοῦ
724 1638 809 1706 θεοῦ
829 1637 943 1723 μεῖζον
964 1637 1098 1708 σθένειν

337 1742 436 1831 ζητεῖ,
458 1743 498 1810 τό
522 1743 640 1831 γαῦρον
663 1736 695 1807 δ’
717 1739 751 1809 ἐν
772 1739 891 1832 φρεσὶν
910 1740 1104 1833 κεκτημένοι

337 1845 498 1931 δοκοῦμεν
512 1837 598 1913 εἶναι
620 1843 789 1931 δαιμόνων
810 1841 1005 1935 σοφώτεροι.

138 1956 245 2036 itaque
265 1953 347 2017 iliius
366 1953 505 2016 adversus
524 1952 623 2016 lovem
642 1952 800 2016 eertamine
818 1956 1055 2034 repraesentatur
1075 1952 1206 2017 humana
1225 1974 1308 2018 erro-

139 2060 243 2141 gnntie
257 2066 291 2120 et
305 2056 444 2137 snperbia
458 2056 556 2119 dimne
570 2056 695 2137 irnperio
710 2054 855 2131 renitens,
869 2073 925 2117 neo
937 2054 1059 2130 mirum,
1075 2056 1125 2136 qni
1137 2057 1308 2121 Promethei

138 2162 234 2226 urrini
248 2161 381 2242 aliquam
395 2159 427 2220 in
437 2177 472 2222 se
486 2158 706 2223 similitudinem
717 2157 833 2231 hahent
844 2156 914 2219 huie
924 2157 1023 2238 potius
1035 2177 1122 2240 qnam
1132 2158 1194 2221 lori
1205 2161 1307 2223 farere.

138 2263 325 2347 nurhyhan
338 2268 439 2326 antem
451 2262 540 2343 longe
553 2262 634 2326 riiter
647 2271 677 2324 et
691 2261 728 2324 de
741 2261 810 2324 iore
824 2268 853 2323 et
866 2261 904 2322 de
917 2261 1046 2324 humana
1060 2269 1163 2325 natura
1176 2263 1308 2326 sensisse

140 2368 242 2431 omnio
256 2366 324 2429 etos
339 2364 442 2446 poesis
457 2365 569 2441 elamat,
579 2374 612 2429 ut
625 2364 813 2428 manifestem
828 2363 875 2439 sit,
889 2363 961 2426 nihil
971 2364 1034 2426 eius
1046 2364 1143 2427 animo
1154 2365 1225 2445 fingi
1237 2367 1306 2428 alie-

138 2471 209 2533 nine
228 2469 383 2551 potuisse,
403 2486 492 2550 quun
510 2469 598 2532 istan
617 2467 750 2531 solvendi
769 2466 937 2530 Promethei
956 2467 1115 2543 rationem,
1143 2476 1217 2549 tptrae
1230 2468 1307 2531 Her·

141 2591 254 2636 menno
269 2571 392 2652 placuit.

228 2675 328 2738 Serih.
345 2673 594 2755 Gryphiswaldiae
608 2694 634 2737 a.
650 2674 678 2736 d.
694 2672 740 2736 IV.
756 2672 798 2735 ld.
813 2671 865 2735 lui.
881 2670 1098 2735 nncccxhvl.
