<?xml version="1.0" encoding="UTF-8"?>
<!DOCTYPE html PUBLIC "-//W3C//DTD XHTML 1.0 Transitional//EN"
    "http://www.w3.org/TR/xhtml1/DTD/xhtml1-transitional.dtd">
<html xmlns="http://www.w3.org/1999/xhtml" xml:lang="en" lang="en">
 <head>
  <title>
</title>
<meta http-equiv="Content-Type" content="text/html;charset=utf-8" />
  <meta name='ocr-system' content='tesseract 3.04.00' />
  <meta name='ocr-capabilities' content='ocr_page ocr_carea ocr_par ocr_line ocrx_word'/>
</head>
<body>
  <div class='ocr_page' id='page_1' title='image "./opusculaacademi00schogoog_0120.png"; bbox 0 0 3190 5136; ppageno 0'>
   <div class='ocr_carea' id='block_1_1' title="bbox 14 450 1342 4299">
    <p class='ocr_par' dir='ltr' id='par_1_1' title="bbox 14 450 1342 4299">
     <span class='ocr_line' id='line_1_1' title="bbox 681 450 742 513; baseline 0.016 -1"><span class='ocrx_word' id='word_1_1' title='bbox 681 450 742 513; x_wconf 81' lang='lat' dir='ltr'>tut</span> 
     </span>
     <span class='ocr_line' id='line_1_2' title="bbox 124 636 1291 716; baseline 0.004 -20"><span class='ocrx_word' id='word_1_2' title='bbox 124 651 252 715; x_wconf 70' lang='lat' dir='ltr'>pugnare</span> <span class='ocrx_word' id='word_1_3' title='bbox 265 652 391 697; x_wconf 79' lang='lat' dir='ltr'>memrm</span> <span class='ocrx_word' id='word_1_4' title='bbox 405 636 476 716; x_wconf 87' lang='lat' dir='ltr'>ipse</span> <span class='ocrx_word' id='word_1_5' title='bbox 488 637 599 699; x_wconf 80' lang='lat' dir='ltr'>vellem.</span> <span class='ocrx_word' id='word_1_6' title='bbox 634 637 740 716; x_wconf 72' lang='lat' dir='ltr'>Negavi</span> <span class='ocrx_word' id='word_1_7' title='bbox 753 637 833 699; x_wconf 87' lang='lat' dir='ltr'>enim</span> <span class='ocrx_word' id='word_1_8' title='bbox 847 655 877 716; x_wconf 91' lang='lat' dir='ltr'>p.</span> <span class='ocrx_word' id='word_1_9' title='bbox 893 637 944 700; x_wconf 80' lang='grc'>46.</span> <span class='ocrx_word' id='word_1_10' title='bbox 960 638 1010 700; x_wconf 83' lang='lat' dir='ltr'>l&#39;l.</span> <span class='ocrx_word' id='word_1_11' title='bbox 1026 639 1070 699; x_wconf 78' lang='lat' dir='ltr'>bl</span> <span class='ocrx_word' id='word_1_12' title='bbox 1082 637 1291 701; x_wconf 73' lang='lat' dir='ltr'>Prometheum</span> 
     </span>
     <span class='ocr_line' id='line_1_3' title="bbox 126 737 1290 820; baseline 0.003 -21"><span class='ocrx_word' id='word_1_13' title='bbox 126 737 250 799; x_wconf 73' lang='lat' dir='ltr'>nihuem</span> <span class='ocrx_word' id='word_1_14' title='bbox 268 737 449 799; x_wconf 85' lang='lat' dir='ltr'>hominihus</span> <span class='ocrx_word' id='word_1_15' title='bbox 469 738 617 819; x_wconf 88' lang='lat' dir='ltr'>potuisse,</span> <span class='ocrx_word' id='word_1_16' title='bbox 637 757 745 819; x_wconf 84' lang='lat' dir='ltr'>queso</span> <span class='ocrx_word' id='word_1_17' title='bbox 763 738 832 800; x_wconf 88' lang='lat' dir='ltr'>lore</span> <span class='ocrx_word' id='word_1_18' title='bbox 850 746 964 801; x_wconf 84' lang='lat' dir='ltr'>tentum</span> <span class='ocrx_word' id='word_1_19' title='bbox 982 739 1118 820; x_wconf 88' lang='lat' dir='ltr'>lorisque</span> <span class='ocrx_word' id='word_1_20' title='bbox 1136 740 1236 803; x_wconf 77' lang='lat' dir='ltr'>amicis</span> <span class='ocrx_word' id='word_1_21' title='bbox 1254 740 1290 803; x_wconf 86' lang='lat' dir='ltr'>ed</span> 
     </span>
     <span class='ocr_line' id='line_1_4' title="bbox 127 838 1292 923; baseline 0.005 -23"><span class='ocrx_word' id='word_1_22' title='bbox 127 838 258 900; x_wconf 82' lang='lat' dir='ltr'>hommes</span> <span class='ocrx_word' id='word_1_23' title='bbox 277 849 511 919; x_wconf 71' lang='lat' dir='ltr'>permanarent:</span> <span class='ocrx_word' id='word_1_24' title='bbox 530 858 623 920; x_wconf 82' lang='lat' dir='ltr'>neqre</span> <span class='ocrx_word' id='word_1_25' title='bbox 642 841 785 922; x_wconf 74' lang='lat' dir='ltr'>postulari</span> <span class='ocrx_word' id='word_1_26' title='bbox 807 841 908 921; x_wconf 74' lang='lat' dir='ltr'>igitur,</span> <span class='ocrx_word' id='word_1_27' title='bbox 932 849 967 903; x_wconf 89' lang='lat' dir='ltr'>ut</span> <span class='ocrx_word' id='word_1_28' title='bbox 984 841 1124 904; x_wconf 76' lang='lat' dir='ltr'>tribueret</span> <span class='ocrx_word' id='word_1_29' title='bbox 1139 841 1200 918; x_wconf 91' lang='lat' dir='ltr'>ille,</span> <span class='ocrx_word' id='word_1_30' title='bbox 1217 860 1292 923; x_wconf 89' lang='lat' dir='ltr'>quee</span> 
     </span>
     <span class='ocr_line' id='line_1_5' title="bbox 16 941 1291 1026; baseline 0.005 -25"><span class='ocrx_word' id='word_1_31' title='bbox 16 1010 17 1019; x_wconf 8' lang='grc' dir='ltr'>ἵ</span> <span class='ocrx_word' id='word_1_32' title='bbox 129 957 187 1002; x_wconf 87' lang='lat' dir='ltr'>non</span> <span class='ocrx_word' id='word_1_33' title='bbox 200 948 319 1021; x_wconf 86' lang='lat' dir='ltr'>poterut</span> <span class='ocrx_word' id='word_1_34' title='bbox 329 941 472 1015; x_wconf 88' lang='lat' dir='ltr'>tribuere,</span> <span class='ocrx_word' id='word_1_35' title='bbox 488 942 540 1003; x_wconf 85' lang='lat' dir='ltr'>sed</span> <span class='ocrx_word' id='word_1_36' title='bbox 551 943 609 1004; x_wconf 93' lang='lat' dir='ltr'>hoc</span> <span class='ocrx_word' id='word_1_37' title='bbox 622 943 776 1023; x_wconf 76' lang='lat' dir='ltr'>postulavi,</span> <span class='ocrx_word' id='word_1_38' title='bbox 790 951 825 1004; x_wconf 90' lang='lat' dir='ltr'>ut</span> <span class='ocrx_word' id='word_1_39' title='bbox 836 962 875 1005; x_wconf 89' lang='lat' dir='ltr'>ne</span> <span class='ocrx_word' id='word_1_40' title='bbox 886 963 919 1005; x_wconf 85' lang='lat' dir='ltr'>ee</span> <span class='ocrx_word' id='word_1_41' title='bbox 935 943 1064 1023; x_wconf 87' lang='lat' dir='ltr'>quidem,</span> <span class='ocrx_word' id='word_1_42' title='bbox 1078 962 1153 1025; x_wconf 82' lang='lat' dir='ltr'>ques</span> <span class='ocrx_word' id='word_1_43' title='bbox 1166 952 1291 1026; x_wconf 83' lang='lat' dir='ltr'>poteret,</span> 
     </span>
     <span class='ocr_line' id='line_1_6' title="bbox 16 1036 1292 1128; baseline 0.005 -24"><span class='ocrx_word' id='word_1_44' title='bbox 16 1036 17 1057; x_wconf 64' lang='lat'>¹</span> <span class='ocrx_word' id='word_1_45' title='bbox 129 1043 297 1105; x_wconf 90' lang='lat' dir='ltr'>homiuibus</span> <span class='ocrx_word' id='word_1_46' title='bbox 315 1044 484 1125; x_wconf 88' lang='lat' dir='ltr'>impertiret</span> <span class='ocrx_word' id='word_1_47' title='bbox 506 1053 607 1107; x_wconf 83' lang='lat' dir='ltr'>contre</span> <span class='ocrx_word' id='word_1_48' title='bbox 626 1044 703 1107; x_wconf 85' lang='lat' dir='ltr'>lovis</span> <span class='ocrx_word' id='word_1_49' title='bbox 727 1046 898 1125; x_wconf 87' lang='lat' dir='ltr'>imperinm,</span> <span class='ocrx_word' id='word_1_50' title='bbox 922 1063 996 1108; x_wconf 78' lang='lat' dir='ltr'>nere</span> <span class='ocrx_word' id='word_1_51' title='bbox 1015 1047 1196 1126; x_wconf 80' lang='lat' dir='ltr'>opinemurr,</span> <span class='ocrx_word' id='word_1_52' title='bbox 1222 1047 1292 1128; x_wconf 88' lang='lat' dir='ltr'>quid</span> 
     </span>
     <span class='ocr_line' id='line_1_7' title="bbox 129 1144 1292 1229; baseline 0.001 -21"><span class='ocrx_word' id='word_1_53' title='bbox 129 1144 299 1208; x_wconf 74' lang='lat' dir='ltr'>murmiret</span> <span class='ocrx_word' id='word_1_54' title='bbox 312 1145 351 1207; x_wconf 90' lang='lat' dir='ltr'>iis</span> <span class='ocrx_word' id='word_1_55' title='bbox 362 1146 466 1219; x_wconf 79' lang='lat' dir='ltr'>tribui,</span> <span class='ocrx_word' id='word_1_56' title='bbox 487 1155 515 1207; x_wconf 90' lang='lat' dir='ltr'>et</span> <span class='ocrx_word' id='word_1_57' title='bbox 535 1147 652 1226; x_wconf 76' lang='lat' dir='ltr'>qnando</span> <span class='ocrx_word' id='word_1_58' title='bbox 668 1148 850 1221; x_wconf 84' lang='lat' dir='ltr'>conveniret,</span> <span class='ocrx_word' id='word_1_59' title='bbox 870 1166 903 1210; x_wconf 89' lang='lat' dir='ltr'>se</span> <span class='ocrx_word' id='word_1_60' title='bbox 917 1147 1020 1210; x_wconf 89' lang='lat' dir='ltr'>rnelius</span> <span class='ocrx_word' id='word_1_61' title='bbox 1035 1148 1103 1211; x_wconf 83' lang='lat' dir='ltr'>lore</span> <span class='ocrx_word' id='word_1_62' title='bbox 1117 1148 1292 1229; x_wconf 83' lang='lat' dir='ltr'>perspicere</span> 
     </span>
     <span class='ocr_line' id='line_1_8' title="bbox 130 1247 1293 1330; baseline 0.002 -20"><span class='ocrx_word' id='word_1_63' title='bbox 130 1248 185 1310; x_wconf 87' lang='lat' dir='ltr'>Sed</span> <span class='ocrx_word' id='word_1_64' title='bbox 200 1262 313 1327; x_wconf 86' lang='lat' dir='ltr'>operee</span> <span class='ocrx_word' id='word_1_65' title='bbox 327 1248 456 1328; x_wconf 84' lang='lat' dir='ltr'>pretium</span> <span class='ocrx_word' id='word_1_66' title='bbox 476 1257 522 1309; x_wconf 78' lang='lat' dir='ltr'>est</span> <span class='ocrx_word' id='word_1_67' title='bbox 535 1248 599 1328; x_wconf 84' lang='lat' dir='ltr'>ipse</span> <span class='ocrx_word' id='word_1_68' title='bbox 613 1247 772 1310; x_wconf 86' lang='lat' dir='ltr'>llermenni</span> <span class='ocrx_word' id='word_1_69' title='bbox 786 1248 872 1311; x_wconf 78' lang='lat' dir='ltr'>verbu</span> <span class='ocrx_word' id='word_1_70' title='bbox 890 1267 1077 1330; x_wconf 78' lang='lat' dir='ltr'>cognoscere</span> <span class='ocrx_word' id='word_1_71' title='bbox 1119 1249 1193 1312; x_wconf 89' lang='lat' dir='ltr'>Nem</span> <span class='ocrx_word' id='word_1_72' title='bbox 1207 1259 1293 1330; x_wconf 91' lang='lat' dir='ltr'>post·</span> 
     </span>
     <span class='ocr_line' id='line_1_9' title="bbox 130 1349 1293 1431; baseline 0.005 -20"><span class='ocrx_word' id='word_1_73' title='bbox 130 1368 214 1431; x_wconf 78' lang='lat' dir='ltr'>qum</span> <span class='ocrx_word' id='word_1_74' title='bbox 230 1349 306 1412; x_wconf 91' lang='lat' dir='ltr'>illud</span> <span class='ocrx_word' id='word_1_75' title='bbox 321 1349 359 1411; x_wconf 90' lang='lat' dir='ltr'>de</span> <span class='ocrx_word' id='word_1_76' title='bbox 373 1367 492 1412; x_wconf 81' lang='lat' dir='ltr'>monum</span> <span class='ocrx_word' id='word_1_77' title='bbox 505 1350 678 1431; x_wconf 81' lang='lat' dir='ltr'>uirtutisque</span> <span class='ocrx_word' id='word_1_78' title='bbox 693 1351 870 1431; x_wconf 73' lang='lat' dir='ltr'>praereptis,</span> <span class='ocrx_word' id='word_1_79' title='bbox 885 1351 968 1431; x_wconf 86' lang='lat' dir='ltr'>qussi</span> <span class='ocrx_word' id='word_1_80' title='bbox 983 1368 1083 1413; x_wconf 90' lang='lat' dir='ltr'>meum</span> <span class='ocrx_word' id='word_1_81' title='bbox 1097 1370 1230 1416; x_wconf 88' lang='lat' dir='ltr'>errorem</span> <span class='ocrx_word' id='word_1_82' title='bbox 1244 1372 1293 1417; x_wconf 86' lang='lat' dir='ltr'>re·</span> 
     </span>
     <span class='ocr_line' id='line_1_10' title="bbox 129 1452 1294 1537; baseline 0.004 -23"><span class='ocrx_word' id='word_1_83' title='bbox 129 1453 334 1533; x_wconf 76' lang='lat' dir='ltr'>prehendens,</span> <span class='ocrx_word' id='word_1_84' title='bbox 347 1472 380 1514; x_wconf 90' lang='lat' dir='ltr'>re</span> <span class='ocrx_word' id='word_1_85' title='bbox 395 1471 461 1516; x_wconf 81' lang='lat' dir='ltr'>sere</span> <span class='ocrx_word' id='word_1_86' title='bbox 475 1462 572 1515; x_wconf 84' lang='lat' dir='ltr'>eutem</span> <span class='ocrx_word' id='word_1_87' title='bbox 585 1452 657 1514; x_wconf 85' lang='lat' dir='ltr'>nihil</span> <span class='ocrx_word' id='word_1_88' title='bbox 671 1453 729 1514; x_wconf 89' lang='lat' dir='ltr'>nisi</span> <span class='ocrx_word' id='word_1_89' title='bbox 744 1472 831 1515; x_wconf 82' lang='lat' dir='ltr'>sunm</span> <span class='ocrx_word' id='word_1_90' title='bbox 849 1453 995 1534; x_wconf 89' lang='lat' dir='ltr'>prodens,</span> <span class='ocrx_word' id='word_1_91' title='bbox 1013 1456 1184 1534; x_wconf 87' lang='lat' dir='ltr'>proposuit,</span> <span class='ocrx_word' id='word_1_92' title='bbox 1200 1458 1294 1537; x_wconf 80' lang='lat' dir='ltr'>pergit</span> 
     </span>
     <span class='ocr_line' id='line_1_11' title="bbox 130 1553 1294 1634; baseline 0.003 -18"><span class='ocrx_word' id='word_1_93' title='bbox 130 1553 235 1616; x_wconf 86' lang='lat' dir='ltr'>deinde</span> <span class='ocrx_word' id='word_1_94' title='bbox 254 1554 287 1615; x_wconf 91' lang='lat' dir='ltr'>in</span> <span class='ocrx_word' id='word_1_95' title='bbox 307 1554 388 1616; x_wconf 88' lang='lat' dir='ltr'>hunc</span> <span class='ocrx_word' id='word_1_96' title='bbox 406 1554 543 1617; x_wconf 88' lang='lat' dir='ltr'>modum:</span> <span class='ocrx_word' id='word_1_97' title='bbox 568 1554 623 1628; x_wconf 85' lang='lat' dir='ltr'>„ld</span> <span class='ocrx_word' id='word_1_98' title='bbox 644 1573 730 1618; x_wconf 79' lang='lat' dir='ltr'>verso</span> <span class='ocrx_word' id='word_1_99' title='bbox 749 1555 775 1616; x_wconf 91' lang='lat' dir='ltr'>si</span> <span class='ocrx_word' id='word_1_100' title='bbox 796 1555 912 1617; x_wconf 75' lang='lat' dir='ltr'>fecisset</span> <span class='ocrx_word' id='word_1_101' title='bbox 929 1554 1138 1628; x_wconf 85' lang='lat' dir='ltr'>Prometheus,</span> <span class='ocrx_word' id='word_1_102' title='bbox 1164 1557 1241 1634; x_wconf 87' lang='lat' dir='ltr'>(soil.</span> <span class='ocrx_word' id='word_1_103' title='bbox 1261 1566 1294 1619; x_wconf 92' lang='lat' dir='ltr'>ut</span> 
     </span>
     <span class='ocr_line' id='line_1_12' title="bbox 14 1656 1294 1737; baseline 0.002 -18"><span class='ocrx_word' id='word_1_104' title='bbox 14 1670 16 1689; x_wconf 64' lang='lat'><em>³</em></span> <span class='ocrx_word' id='word_1_105' title='bbox 129 1675 248 1719; x_wconf 83' lang='lat' dir='ltr'>morum</span> <span class='ocrx_word' id='word_1_106' title='bbox 264 1664 423 1736; x_wconf 79' lang='lat' dir='ltr'>praecepte</span> <span class='ocrx_word' id='word_1_107' title='bbox 437 1657 589 1732; x_wconf 58' lang='lat' dir='ltr'>truderet)</span> <span class='ocrx_word' id='word_1_108' title='bbox 609 1656 707 1719; x_wconf 86' lang='lat' dir='ltr'>mireti</span> <span class='ocrx_word' id='word_1_109' title='bbox 721 1666 820 1719; x_wconf 85' lang='lat' dir='ltr'>essent</span> <span class='ocrx_word' id='word_1_110' title='bbox 832 1664 1016 1737; x_wconf 87' lang='lat' dir='ltr'>spectetores</span> <span class='ocrx_word' id='word_1_111' title='bbox 1036 1674 1250 1737; x_wconf 78' lang='lat' dir='ltr'>superremneu</span> <span class='ocrx_word' id='word_1_112' title='bbox 1264 1667 1294 1722; x_wconf 89' lang='lat' dir='ltr'>et</span> 
     </span>
     <span class='ocr_line' id='line_1_13' title="bbox 14 1758 1294 1841; baseline 0.004 -22"><span class='ocrx_word' id='word_1_113' title='bbox 14 1800 15 1819; x_wconf 62' lang='lat'><em>2</em></span> <span class='ocrx_word' id='word_1_114' title='bbox 130 1779 203 1841; x_wconf 75' lang='lat' dir='ltr'>quse</span> <span class='ocrx_word' id='word_1_115' title='bbox 226 1776 322 1821; x_wconf 84' lang='lat' dir='ltr'>nemo</span> <span class='ocrx_word' id='word_1_116' title='bbox 346 1766 528 1840; x_wconf 71' lang='lat' dir='ltr'>expectasset</span> <span class='ocrx_word' id='word_1_117' title='bbox 549 1760 756 1838; x_wconf 77' lang='lat' dir='ltr'>proferentem</span> <span class='ocrx_word' id='word_1_118' title='bbox 806 1758 953 1839; x_wconf 76' lang='lat' dir='ltr'>Exemplis</span> <span class='ocrx_word' id='word_1_119' title='bbox 976 1759 1111 1821; x_wconf 88' lang='lat' dir='ltr'>homines</span> <span class='ocrx_word' id='word_1_120' title='bbox 1135 1761 1246 1841; x_wconf 78' lang='lat' dir='ltr'>antiqui</span> <span class='ocrx_word' id='word_1_121' title='bbox 1264 1770 1294 1823; x_wconf 88' lang='lat' dir='ltr'>et</span> 
     </span>
     <span class='ocr_line' id='line_1_14' title="bbox 14 1850 1293 1943; baseline 0 -18"><span class='ocrx_word' id='word_1_122' title='bbox 14 1850 15 1889; x_wconf 57' lang='lat' dir='ltr'>l</span> <span class='ocrx_word' id='word_1_123' title='bbox 129 1863 253 1925; x_wconf 85' lang='lat' dir='ltr'>monitie</span> <span class='ocrx_word' id='word_1_124' title='bbox 268 1880 326 1941; x_wconf 89' lang='lat' dir='ltr'>pro</span> <span class='ocrx_word' id='word_1_125' title='bbox 340 1880 374 1923; x_wconf 91' lang='lat' dir='ltr'>re</span> <span class='ocrx_word' id='word_1_126' title='bbox 387 1879 422 1923; x_wconf 88' lang='lat' dir='ltr'>ec</span> <span class='ocrx_word' id='word_1_127' title='bbox 436 1869 570 1941; x_wconf 87' lang='lat' dir='ltr'>tempore</span> <span class='ocrx_word' id='word_1_128' title='bbox 583 1861 664 1923; x_wconf 77' lang='lat' dir='ltr'>iactis</span> <span class='ocrx_word' id='word_1_129' title='bbox 679 1861 717 1923; x_wconf 84' lang='lat' dir='ltr'>ed</span> <span class='ocrx_word' id='word_1_130' title='bbox 732 1860 867 1922; x_wconf 77' lang='lat' dir='ltr'>uirtutem</span> <span class='ocrx_word' id='word_1_131' title='bbox 882 1860 1117 1932; x_wconf 75' lang='lat' dir='ltr'>instituebantur,</span> <span class='ocrx_word' id='word_1_132' title='bbox 1130 1880 1192 1924; x_wconf 91' lang='lat' dir='ltr'>non</span> <span class='ocrx_word' id='word_1_133' title='bbox 1206 1882 1293 1943; x_wconf 86' lang='lat' dir='ltr'>pree-</span> 
     </span>
     <span class='ocr_line' id='line_1_15' title="bbox 130 1963 1293 2046; baseline 0.001 -19"><span class='ocrx_word' id='word_1_134' title='bbox 130 1976 214 2046; x_wconf 81' lang='lat' dir='ltr'>eepts</span> <span class='ocrx_word' id='word_1_135' title='bbox 237 1982 362 2026; x_wconf 90' lang='lat' dir='ltr'>morum</span> <span class='ocrx_word' id='word_1_136' title='bbox 380 1965 411 2025; x_wconf 90' lang='lat' dir='ltr'>in</span> <span class='ocrx_word' id='word_1_137' title='bbox 436 1963 585 2026; x_wconf 80' lang='lat' dir='ltr'>doctrines</span> <span class='ocrx_word' id='word_1_138' title='bbox 603 1966 731 2025; x_wconf 77' lang='lat' dir='ltr'>thomum</span> <span class='ocrx_word' id='word_1_139' title='bbox 749 1963 864 2025; x_wconf 79' lang='lat' dir='ltr'>redacta</span> <span class='ocrx_word' id='word_1_140' title='bbox 887 1963 1068 2039; x_wconf 69' lang='lat' dir='ltr'>ediscebant,</span> <span class='ocrx_word' id='word_1_141' title='bbox 1092 1974 1155 2039; x_wconf 88' lang='lat' dir='ltr'>eut,</span> <span class='ocrx_word' id='word_1_142' title='bbox 1179 1966 1204 2027; x_wconf 91' lang='lat' dir='ltr'>si</span> <span class='ocrx_word' id='word_1_143' title='bbox 1224 1965 1293 2046; x_wconf 89' lang='lat' dir='ltr'>quid</span> 
     </span>
     <span class='ocr_line' id='line_1_16' title="bbox 132 2065 1294 2148; baseline 0.001 -18"><span class='ocrx_word' id='word_1_144' title='bbox 132 2068 322 2143; x_wconf 90' lang='lat' dir='ltr'>huiusmodi,</span> <span class='ocrx_word' id='word_1_145' title='bbox 336 2067 365 2128; x_wconf 92' lang='lat' dir='ltr'>id</span> <span class='ocrx_word' id='word_1_146' title='bbox 380 2075 536 2147; x_wconf 79' lang='lat' dir='ltr'>poetarum</span> <span class='ocrx_word' id='word_1_147' title='bbox 550 2065 729 2128; x_wconf 77' lang='lat' dir='ltr'>carminibus</span> <span class='ocrx_word' id='word_1_148' title='bbox 748 2067 915 2148; x_wconf 79' lang='lat' dir='ltr'>expositum</span> <span class='ocrx_word' id='word_1_149' title='bbox 933 2068 1094 2129; x_wconf 84' lang='lat' dir='ltr'>memorius</span> <span class='ocrx_word' id='word_1_150' title='bbox 1108 2067 1294 2131; x_wconf 75' lang='lat' dir='ltr'>mendosam</span> 
     </span>
     <span class='ocr_line' id='line_1_17' title="bbox 131 2168 1291 2251; baseline -0.001 -18"><span class='ocrx_word' id='word_1_151' title='bbox 131 2171 173 2233; x_wconf 88' lang='lat' dir='ltr'>lte</span> <span class='ocrx_word' id='word_1_152' title='bbox 188 2169 275 2233; x_wconf 89' lang='lat' dir='ltr'>domi</span> <span class='ocrx_word' id='word_1_153' title='bbox 290 2171 397 2232; x_wconf 90' lang='lat' dir='ltr'>doctus</span> <span class='ocrx_word' id='word_1_154' title='bbox 411 2168 487 2230; x_wconf 77' lang='lat' dir='ltr'>scire</span> <span class='ocrx_word' id='word_1_155' title='bbox 501 2185 578 2230; x_wconf 79' lang='lat' dir='ltr'>uum</span> <span class='ocrx_word' id='word_1_156' title='bbox 593 2168 718 2248; x_wconf 86' lang='lat' dir='ltr'>quisque</span> <span class='ocrx_word' id='word_1_157' title='bbox 731 2169 899 2250; x_wconf 77' lang='lat' dir='ltr'>putubatur,</span> <span class='ocrx_word' id='word_1_158' title='bbox 919 2168 988 2250; x_wconf 91' lang='lat' dir='ltr'>quid</span> <span class='ocrx_word' id='word_1_159' title='bbox 1008 2169 1051 2229; x_wconf 85' lang='lat' dir='ltr'>ias</span> <span class='ocrx_word' id='word_1_160' title='bbox 1066 2171 1203 2244; x_wconf 76' lang='lat' dir='ltr'>otuelus,</span> <span class='ocrx_word' id='word_1_161' title='bbox 1222 2171 1291 2251; x_wconf 88' lang='lat' dir='ltr'>quid</span> 
     </span>
     <span class='ocr_line' id='line_1_18' title="bbox 132 2271 1291 2354; baseline -0.002 -18"><span class='ocrx_word' id='word_1_162' title='bbox 132 2274 241 2336; x_wconf 84' lang='lat' dir='ltr'>iustum</span> <span class='ocrx_word' id='word_1_163' title='bbox 257 2281 289 2334; x_wconf 88' lang='lat' dir='ltr'>et</span> <span class='ocrx_word' id='word_1_164' title='bbox 301 2272 459 2345; x_wconf 82' lang='lat' dir='ltr'>iuiusmm,</span> <span class='ocrx_word' id='word_1_165' title='bbox 472 2271 542 2350; x_wconf 89' lang='lat' dir='ltr'>quid</span> <span class='ocrx_word' id='word_1_166' title='bbox 556 2289 682 2351; x_wconf 79' lang='lat' dir='ltr'>aequum</span> <span class='ocrx_word' id='word_1_167' title='bbox 696 2280 725 2332; x_wconf 92' lang='lat' dir='ltr'>et</span> <span class='ocrx_word' id='word_1_168' title='bbox 738 2272 881 2352; x_wconf 81' lang='lat' dir='ltr'>iniqurmr,</span> <span class='ocrx_word' id='word_1_169' title='bbox 897 2271 967 2351; x_wconf 91' lang='lat' dir='ltr'>quid</span> <span class='ocrx_word' id='word_1_170' title='bbox 982 2272 1139 2334; x_wconf 88' lang='lat' dir='ltr'>honestum</span> <span class='ocrx_word' id='word_1_171' title='bbox 1154 2282 1183 2334; x_wconf 89' lang='lat' dir='ltr'>et</span> <span class='ocrx_word' id='word_1_172' title='bbox 1196 2280 1291 2354; x_wconf 82' lang='lat' dir='ltr'>turpe,</span> 
     </span>
     <span class='ocr_line' id='line_1_19' title="bbox 132 2373 1293 2454; baseline -0.001 -15"><span class='ocrx_word' id='word_1_173' title='bbox 132 2377 275 2439; x_wconf 86' lang='lat' dir='ltr'>decorum</span> <span class='ocrx_word' id='word_1_174' title='bbox 293 2386 324 2439; x_wconf 88' lang='lat' dir='ltr'>et</span> <span class='ocrx_word' id='word_1_175' title='bbox 342 2374 527 2447; x_wconf 86' lang='lat' dir='ltr'>indecorum,</span> <span class='ocrx_word' id='word_1_176' title='bbox 547 2373 658 2436; x_wconf 89' lang='lat' dir='ltr'>honum</span> <span class='ocrx_word' id='word_1_177' title='bbox 674 2382 703 2435; x_wconf 91' lang='lat' dir='ltr'>et</span> <span class='ocrx_word' id='word_1_178' title='bbox 721 2374 831 2436; x_wconf 83' lang='lat' dir='ltr'>melum</span> <span class='ocrx_word' id='word_1_179' title='bbox 846 2383 938 2448; x_wconf 88' lang='lat' dir='ltr'>esset,</span> <span class='ocrx_word' id='word_1_180' title='bbox 956 2381 1082 2436; x_wconf 80' lang='lat' dir='ltr'>streete</span> <span class='ocrx_word' id='word_1_181' title='bbox 1095 2375 1227 2454; x_wconf 88' lang='lat' dir='ltr'>quidem:</span> <span class='ocrx_word' id='word_1_182' title='bbox 1247 2388 1293 2438; x_wconf 90' lang='lat' dir='ltr'>cst</span> 
     </span>
     <span class='ocr_line' id='line_1_20' title="bbox 132 2476 1291 2556; baseline -0.001 -14"><span class='ocrx_word' id='word_1_183' title='bbox 132 2480 209 2542; x_wconf 87' lang='lat' dir='ltr'>euim</span> <span class='ocrx_word' id='word_1_184' title='bbox 228 2478 321 2541; x_wconf 86' lang='lat' dir='ltr'>huius</span> <span class='ocrx_word' id='word_1_185' title='bbox 340 2476 480 2539; x_wconf 76' lang='lat' dir='ltr'>scientim</span> <span class='ocrx_word' id='word_1_186' title='bbox 498 2477 568 2538; x_wconf 85' lang='lat' dir='ltr'>lons</span> <span class='ocrx_word' id='word_1_187' title='bbox 586 2476 676 2550; x_wconf 76' lang='lat' dir='ltr'>ratio,</span> <span class='ocrx_word' id='word_1_188' title='bbox 695 2492 769 2556; x_wconf 85' lang='lat' dir='ltr'>ques</span> <span class='ocrx_word' id='word_1_189' title='bbox 786 2494 849 2538; x_wconf 90' lang='lat' dir='ltr'>non</span> <span class='ocrx_word' id='word_1_190' title='bbox 864 2476 978 2539; x_wconf 75' lang='lat' dir='ltr'>aliunde</span> <span class='ocrx_word' id='word_1_191' title='bbox 992 2476 1146 2556; x_wconf 81' lang='lat' dir='ltr'>accipitur,</span> <span class='ocrx_word' id='word_1_192' title='bbox 1167 2478 1219 2540; x_wconf 88' lang='lat' dir='ltr'>sed</span> <span class='ocrx_word' id='word_1_193' title='bbox 1233 2496 1291 2540; x_wconf 86' lang='lat' dir='ltr'>une</span> 
     </span>
     <span class='ocr_line' id='line_1_21' title="bbox 132 2578 1290 2660; baseline -0.002 -16"><span class='ocrx_word' id='word_1_194' title='bbox 132 2601 198 2645; x_wconf 81' lang='lat' dir='ltr'>mm</span> <span class='ocrx_word' id='word_1_195' title='bbox 218 2580 344 2643; x_wconf 87' lang='lat' dir='ltr'>homine</span> <span class='ocrx_word' id='word_1_196' title='bbox 362 2578 508 2651; x_wconf 78' lang='lat' dir='ltr'>nescitur,</span> <span class='ocrx_word' id='word_1_197' title='bbox 532 2587 566 2641; x_wconf 88' lang='grc' dir='ltr'>ιιι</span> <span class='ocrx_word' id='word_1_198' title='bbox 584 2579 649 2642; x_wconf 88' lang='lat' dir='ltr'>siue</span> <span class='ocrx_word' id='word_1_199' title='bbox 667 2599 701 2642; x_wconf 86' lang='lat' dir='ltr'>ee</span> <span class='ocrx_word' id='word_1_200' title='bbox 720 2594 758 2641; x_wconf 90' lang='lat' dir='ltr'>ne</span> <span class='ocrx_word' id='word_1_201' title='bbox 777 2579 897 2658; x_wconf 76' lang='lat' dir='ltr'>cogitari</span> <span class='ocrx_word' id='word_1_202' title='bbox 918 2578 1034 2658; x_wconf 89' lang='lat' dir='ltr'>quidem</span> <span class='ocrx_word' id='word_1_203' title='bbox 1052 2579 1144 2641; x_wconf 93' lang='lat' dir='ltr'>homo</span> <span class='ocrx_word' id='word_1_204' title='bbox 1165 2580 1290 2660; x_wconf 78' lang='lat' dir='ltr'>possit“</span> 
     </span>
     <span class='ocr_line' id='line_1_22' title="bbox 133 2680 1291 2764; baseline -0.002 -17"><span class='ocrx_word' id='word_1_205' title='bbox 133 2685 224 2747; x_wconf 69' lang='lat' dir='ltr'>Vides</span> <span class='ocrx_word' id='word_1_206' title='bbox 239 2701 331 2764; x_wconf 82' lang='lat' dir='ltr'>quem</span> <span class='ocrx_word' id='word_1_207' title='bbox 350 2682 500 2763; x_wconf 75' lang='lat' dir='ltr'>dihgmter</span> <span class='ocrx_word' id='word_1_208' title='bbox 518 2699 653 2744; x_wconf 86' lang='lat' dir='ltr'>summus</span> <span class='ocrx_word' id='word_1_209' title='bbox 667 2681 711 2743; x_wconf 83' lang='lat' dir='ltr'>uir</span> <span class='ocrx_word' id='word_1_210' title='bbox 725 2681 888 2762; x_wconf 83' lang='lat' dir='ltr'>provideat,</span> <span class='ocrx_word' id='word_1_211' title='bbox 908 2698 946 2742; x_wconf 90' lang='lat' dir='ltr'>ne</span> <span class='ocrx_word' id='word_1_212' title='bbox 966 2680 1032 2761; x_wconf 90' lang='lat' dir='ltr'>quis</span> <span class='ocrx_word' id='word_1_213' title='bbox 1051 2683 1221 2761; x_wconf 78' lang='lat' dir='ltr'>persuaderi</span> <span class='ocrx_word' id='word_1_214' title='bbox 1235 2682 1291 2745; x_wconf 90' lang='lat' dir='ltr'>sihi</span> 
     </span>
     <span class='ocr_line' id='line_1_23' title="bbox 133 2783 1289 2869; baseline -0.003 -20"><span class='ocrx_word' id='word_1_215' title='bbox 133 2788 261 2869; x_wconf 76' lang='lat' dir='ltr'>putirttsr</span> <span class='ocrx_word' id='word_1_216' title='bbox 279 2784 489 2847; x_wconf 85' lang='lat' dir='ltr'>Prometheum</span> <span class='ocrx_word' id='word_1_217' title='bbox 513 2791 649 2865; x_wconf 84' lang='lat' dir='ltr'>tannem</span> <span class='ocrx_word' id='word_1_218' title='bbox 679 2784 824 2865; x_wconf 84' lang='lat' dir='ltr'>quendem</span> <span class='ocrx_word' id='word_1_219' title='bbox 845 2784 906 2845; x_wconf 91' lang='lat' dir='ltr'>ludi</span> <span class='ocrx_word' id='word_1_220' title='bbox 928 2783 1100 2863; x_wconf 78' lang='lat' dir='ltr'>magistrum</span> <span class='ocrx_word' id='word_1_221' title='bbox 1125 2792 1175 2845; x_wconf 82' lang='lat' dir='ltr'>eut</span> <span class='ocrx_word' id='word_1_222' title='bbox 1192 2803 1289 2846; x_wconf 86' lang='lat' dir='ltr'>more·</span> 
     </span>
     <span class='ocr_line' id='line_1_24' title="bbox 132 2884 1293 2970; baseline -0.005 -18"><span class='ocrx_word' id='word_1_223' title='bbox 132 2891 201 2952; x_wconf 77' lang='grc' dir='ltr'>Ιὶιιιιι</span> <span class='ocrx_word' id='word_1_224' title='bbox 219 2888 425 2970; x_wconf 74' lang='lat' dir='ltr'>professorem</span> <span class='ocrx_word' id='word_1_225' title='bbox 444 2887 542 2949; x_wconf 88' lang='lat' dir='ltr'>induci</span> <span class='ocrx_word' id='word_1_226' title='bbox 560 2885 597 2948; x_wconf 83' lang='lat' dir='ltr'>eh</span> <span class='ocrx_word' id='word_1_227' title='bbox 616 2887 757 2967; x_wconf 78' lang='lat' dir='ltr'>Aeschylo</span> <span class='ocrx_word' id='word_1_228' title='bbox 773 2884 927 2967; x_wconf 74' lang='lat' dir='ltr'>potuisse?</span> <span class='ocrx_word' id='word_1_229' title='bbox 956 2887 1029 2961; x_wconf 84' lang='lat' dir='ltr'>Quis</span> <span class='ocrx_word' id='word_1_230' title='bbox 1049 2892 1146 2947; x_wconf 83' lang='lat' dir='ltr'>autem</span> <span class='ocrx_word' id='word_1_231' title='bbox 1161 2896 1219 2957; x_wconf 88' lang='lat' dir='ltr'>est,</span> <span class='ocrx_word' id='word_1_232' title='bbox 1244 2884 1293 2965; x_wconf 93' lang='lat' dir='ltr'>qui</span> 
     </span>
     <span class='ocr_line' id='line_1_25' title="bbox 132 2987 1291 3073; baseline -0.005 -18"><span class='ocrx_word' id='word_1_233' title='bbox 132 2992 196 3055; x_wconf 77' lang='lat' dir='ltr'>talis</span> <span class='ocrx_word' id='word_1_234' title='bbox 210 2990 392 3073; x_wconf 72' lang='lat' dir='ltr'>persuadere</span> <span class='ocrx_word' id='word_1_235' title='bbox 406 2987 549 3051; x_wconf 72' lang='lat' dir='ltr'>mossur?</span> <span class='ocrx_word' id='word_1_236' title='bbox 578 2990 624 3051; x_wconf 82' lang='lat' dir='ltr'>lde</span> <span class='ocrx_word' id='word_1_237' title='bbox 640 2989 748 3051; x_wconf 87' lang='lat' dir='ltr'>scilicet</span> <span class='ocrx_word' id='word_1_238' title='bbox 762 2989 915 3068; x_wconf 77' lang='lat' dir='ltr'>putabunt,</span> <span class='ocrx_word' id='word_1_239' title='bbox 931 2988 980 3068; x_wconf 93' lang='lat' dir='ltr'>qui</span> <span class='ocrx_word' id='word_1_240' title='bbox 994 2987 1100 3050; x_wconf 88' lang='lat' dir='ltr'>librum</span> <span class='ocrx_word' id='word_1_241' title='bbox 1116 3005 1216 3049; x_wconf 89' lang='lat' dir='ltr'>meum</span> <span class='ocrx_word' id='word_1_242' title='bbox 1231 3005 1291 3050; x_wconf 91' lang='lat' dir='ltr'>non</span> 
     </span>
     <span class='ocr_line' id='line_1_26' title="bbox 131 3091 1342 3175; baseline -0.006 -18"><span class='ocrx_word' id='word_1_243' title='bbox 131 3096 280 3175; x_wconf 78' lang='lat' dir='ltr'>legerunt:</span> <span class='ocrx_word' id='word_1_244' title='bbox 307 3092 357 3172; x_wconf 91' lang='lat' dir='ltr'>qui</span> <span class='ocrx_word' id='word_1_245' title='bbox 382 3099 478 3153; x_wconf 85' lang='lat' dir='ltr'>entem</span> <span class='ocrx_word' id='word_1_246' title='bbox 503 3092 647 3170; x_wconf 73' lang='lat' dir='ltr'>legerunt,</span> <span class='ocrx_word' id='word_1_247' title='bbox 675 3100 725 3153; x_wconf 86' lang='lat' dir='ltr'>snt</span> <span class='ocrx_word' id='word_1_248' title='bbox 753 3091 937 3153; x_wconf 81' lang='lat' dir='ltr'>mhshuntur</span> <span class='ocrx_word' id='word_1_249' title='bbox 959 3099 1019 3152; x_wconf 84' lang='lat' dir='ltr'>tem</span> <span class='ocrx_word' id='word_1_250' title='bbox 1048 3107 1291 3170; x_wconf 73' lang='lat' dir='ltr'>supervacaneum</span> <span class='ocrx_word' id='word_1_251' title='bbox 1311 3099 1342 3151; x_wconf 79' lang='grc' dir='ltr'>ιι</span> 
     </span>
     <span class='ocr_line' id='line_1_27' title="bbox 130 3192 1294 3274; baseline -0.006 -13"><span class='ocrx_word' id='word_1_252' title='bbox 130 3196 294 3261; x_wconf 78' lang='lat' dir='ltr'>llermenni</span> <span class='ocrx_word' id='word_1_253' title='bbox 309 3194 550 3274; x_wconf 72' lang='lat' dir='ltr'>disputationem,</span> <span class='ocrx_word' id='word_1_254' title='bbox 568 3203 619 3255; x_wconf 82' lang='lat' dir='ltr'>eut</span> <span class='ocrx_word' id='word_1_255' title='bbox 637 3194 738 3266; x_wconf 81' lang='lat' dir='ltr'>etiem,</span> <span class='ocrx_word' id='word_1_256' title='bbox 759 3194 784 3253; x_wconf 92' lang='lat' dir='ltr'>si</span> <span class='ocrx_word' id='word_1_257' title='bbox 803 3193 902 3254; x_wconf 90' lang='lat' dir='ltr'>minus</span> <span class='ocrx_word' id='word_1_258' title='bbox 921 3193 1021 3255; x_wconf 83' lang='lat' dir='ltr'>norim</span> <span class='ocrx_word' id='word_1_259' title='bbox 1034 3192 1087 3254; x_wconf 87' lang='lat' dir='ltr'>riri</span> <span class='ocrx_word' id='word_1_260' title='bbox 1108 3193 1211 3273; x_wconf 89' lang='lat' dir='ltr'>optimi</span> <span class='ocrx_word' id='word_1_261' title='bbox 1230 3193 1294 3255; x_wconf 87' lang='lat' dir='ltr'>eni·</span> 
     </span>
     <span class='ocr_line' id='line_1_28' title="bbox 127 3295 1294 3376; baseline -0.007 -12"><span class='ocrx_word' id='word_1_262' title='bbox 127 3319 224 3375; x_wconf 90' lang='lat' dir='ltr'>mum,</span> <span class='ocrx_word' id='word_1_263' title='bbox 239 3297 368 3360; x_wconf 86' lang='lat' dir='ltr'>subesse</span> <span class='ocrx_word' id='word_1_264' title='bbox 381 3297 482 3358; x_wconf 90' lang='lat' dir='ltr'>nescio</span> <span class='ocrx_word' id='word_1_265' title='bbox 497 3296 566 3376; x_wconf 86' lang='lat' dir='ltr'>quid</span> <span class='ocrx_word' id='word_1_266' title='bbox 582 3295 694 3358; x_wconf 88' lang='lat' dir='ltr'>consilii</span> <span class='ocrx_word' id='word_1_267' title='bbox 710 3295 943 3375; x_wconf 82' lang='lat' dir='ltr'>suspicabuntur.</span> <span class='ocrx_word' id='word_1_268' title='bbox 976 3296 1110 3357; x_wconf 82' lang='lat' dir='ltr'>Ceterum</span> <span class='ocrx_word' id='word_1_269' title='bbox 1125 3295 1162 3357; x_wconf 92' lang='lat' dir='ltr'>de</span> <span class='ocrx_word' id='word_1_270' title='bbox 1175 3313 1294 3358; x_wconf 87' lang='lat' dir='ltr'>morum</span> 
     </span>
     <span class='ocr_line' id='line_1_29' title="bbox 128 3397 1294 3483; baseline -0.005 -18"><span class='ocrx_word' id='word_1_271' title='bbox 128 3401 288 3483; x_wconf 84' lang='lat' dir='ltr'>discipline</span> <span class='ocrx_word' id='word_1_272' title='bbox 304 3398 381 3479; x_wconf 82' lang='lat' dir='ltr'>apud</span> <span class='ocrx_word' id='word_1_273' title='bbox 396 3406 508 3461; x_wconf 85' lang='lat' dir='ltr'>veteres</span> <span class='ocrx_word' id='word_1_274' title='bbox 524 3399 659 3472; x_wconf 81' lang='lat' dir='ltr'>Graecos,</span> <span class='ocrx_word' id='word_1_275' title='bbox 673 3406 703 3459; x_wconf 83' lang='lat' dir='ltr'>et</span> <span class='ocrx_word' id='word_1_276' title='bbox 718 3416 774 3477; x_wconf 85' lang='lat' dir='ltr'>qua</span> <span class='ocrx_word' id='word_1_277' title='bbox 789 3397 827 3459; x_wconf 93' lang='lat' dir='ltr'>illi</span> <span class='ocrx_word' id='word_1_278' title='bbox 843 3398 958 3459; x_wconf 82' lang='lat' dir='ltr'>ratione</span> <span class='ocrx_word' id='word_1_279' title='bbox 972 3398 1109 3460; x_wconf 89' lang='lat' dir='ltr'>homines</span> <span class='ocrx_word' id='word_1_280' title='bbox 1123 3397 1159 3460; x_wconf 83' lang='lat' dir='ltr'>ed</span> <span class='ocrx_word' id='word_1_281' title='bbox 1175 3416 1294 3459; x_wconf 89' lang='lat' dir='ltr'>omnem</span> 
     </span>
     <span class='ocr_line' id='line_1_30' title="bbox 128 3499 1295 3581; baseline -0.004 -14"><span class='ocrx_word' id='word_1_282' title='bbox 128 3506 295 3567; x_wconf 82' lang='lat' dir='ltr'>humanam</span> <span class='ocrx_word' id='word_1_283' title='bbox 312 3500 480 3580; x_wconf 76' lang='lat' dir='ltr'>civilemque</span> <span class='ocrx_word' id='word_1_284' title='bbox 493 3500 628 3563; x_wconf 83' lang='lat' dir='ltr'>uirtutem</span> <span class='ocrx_word' id='word_1_285' title='bbox 643 3500 842 3561; x_wconf 79' lang='lat' dir='ltr'>efficacissime</span> <span class='ocrx_word' id='word_1_286' title='bbox 856 3499 1007 3562; x_wconf 84' lang='lat' dir='ltr'>inlommri</span> <span class='ocrx_word' id='word_1_287' title='bbox 1022 3499 1209 3575; x_wconf 85' lang='lat' dir='ltr'>crediderint,</span> <span class='ocrx_word' id='word_1_288' title='bbox 1224 3499 1295 3581; x_wconf 86' lang='lat' dir='ltr'>quid</span> 
     </span>
     <span class='ocr_line' id='line_1_31' title="bbox 128 3602 1294 3688; baseline -0.005 -20"><span class='ocrx_word' id='word_1_289' title='bbox 128 3626 183 3688; x_wconf 81' lang='lat' dir='ltr'>ego</span> <span class='ocrx_word' id='word_1_290' title='bbox 200 3604 328 3667; x_wconf 69' lang='lat' dir='ltr'>mutiero</span> <span class='ocrx_word' id='word_1_291' title='bbox 345 3621 406 3665; x_wconf 89' lang='lat' dir='ltr'>non</span> <span class='ocrx_word' id='word_1_292' title='bbox 421 3603 538 3683; x_wconf 89' lang='lat' dir='ltr'>quidem</span> <span class='ocrx_word' id='word_1_293' title='bbox 553 3621 587 3663; x_wconf 84' lang='lat' dir='ltr'>ex</span> <span class='ocrx_word' id='word_1_294' title='bbox 603 3602 649 3676; x_wconf 86' lang='lat' dir='ltr'>iis,</span> <span class='ocrx_word' id='word_1_295' title='bbox 665 3620 739 3683; x_wconf 81' lang='lat' dir='ltr'>quoe</span> <span class='ocrx_word' id='word_1_296' title='bbox 753 3603 789 3664; x_wconf 88' lang='lat' dir='ltr'>de</span> <span class='ocrx_word' id='word_1_297' title='bbox 803 3602 936 3683; x_wconf 74' lang='lat' dir='ltr'>Aeschyli</span> <span class='ocrx_word' id='word_1_298' title='bbox 952 3602 1128 3665; x_wconf 89' lang='lat' dir='ltr'>Prometheo</span> <span class='ocrx_word' id='word_1_299' title='bbox 1143 3619 1294 3663; x_wconf 90' lang='lat' dir='ltr'>commen·</span> 
     </span>
     <span class='ocr_line' id='line_1_32' title="bbox 130 3702 1294 3784; baseline -0.006 -13"><span class='ocrx_word' id='word_1_300' title='bbox 130 3716 213 3771; x_wconf 85' lang='lat' dir='ltr'>tutus</span> <span class='ocrx_word' id='word_1_301' title='bbox 233 3724 320 3779; x_wconf 84' lang='lat' dir='ltr'>sum,</span> <span class='ocrx_word' id='word_1_302' title='bbox 338 3704 389 3769; x_wconf 87' lang='lat' dir='ltr'>uhi</span> <span class='ocrx_word' id='word_1_303' title='bbox 407 3705 484 3768; x_wconf 80' lang='lat' dir='ltr'>nulle</span> <span class='ocrx_word' id='word_1_304' title='bbox 504 3714 564 3767; x_wconf 84' lang='lat' dir='ltr'>eret</span> <span class='ocrx_word' id='word_1_305' title='bbox 583 3705 673 3767; x_wconf 86' lang='lat' dir='ltr'>huius</span> <span class='ocrx_word' id='word_1_306' title='bbox 692 3704 735 3766; x_wconf 88' lang='lat' dir='ltr'>rei</span> <span class='ocrx_word' id='word_1_307' title='bbox 749 3704 933 3784; x_wconf 79' lang='lat' dir='ltr'>explicendee</span> <span class='ocrx_word' id='word_1_308' title='bbox 949 3704 1080 3774; x_wconf 89' lang='lat' dir='ltr'>occesio,</span> <span class='ocrx_word' id='word_1_309' title='bbox 1100 3703 1205 3783; x_wconf 79' lang='lat' dir='ltr'>seder</span> <span class='ocrx_word' id='word_1_310' title='bbox 1219 3702 1294 3765; x_wconf 91' lang='lat' dir='ltr'>lihro</span> 
     </span>
     <span class='ocr_line' id='line_1_33' title="bbox 128 3802 1294 3891; baseline -0.004 -18"><span class='ocrx_word' id='word_1_311' title='bbox 128 3809 339 3891; x_wconf 77' lang='lat' dir='ltr'>antiquitatum</span> <span class='ocrx_word' id='word_1_312' title='bbox 351 3805 526 3869; x_wconf 80' lang='lat' dir='ltr'>llmecernm</span> <span class='ocrx_word' id='word_1_313' title='bbox 542 3816 610 3869; x_wconf 83' lang='lat' dir='ltr'>unte</span> <span class='ocrx_word' id='word_1_314' title='bbox 622 3809 680 3869; x_wconf 93' lang='lat' dir='ltr'>hos</span> <span class='ocrx_word' id='word_1_315' title='bbox 696 3815 763 3868; x_wconf 88' lang='lat' dir='ltr'>octo</span> <span class='ocrx_word' id='word_1_316' title='bbox 779 3824 872 3868; x_wconf 90' lang='lat' dir='ltr'>ennos</span> <span class='ocrx_word' id='word_1_317' title='bbox 887 3804 964 3867; x_wconf 88' lang='lat' dir='ltr'>edito</span> <span class='ocrx_word' id='word_1_318' title='bbox 979 3804 1137 3883; x_wconf 75' lang='lat' dir='ltr'>intelligere</span> <span class='ocrx_word' id='word_1_319' title='bbox 1151 3802 1294 3868; x_wconf 85' lang='lat' dir='ltr'>ilemnen·</span> 
     </span>
     <span class='ocr_line' id='line_1_34' title="bbox 128 3906 1294 3990; baseline -0.005 -14"><span class='ocrx_word' id='word_1_320' title='bbox 128 3932 187 3976; x_wconf 89' lang='lat' dir='ltr'>nns</span> <span class='ocrx_word' id='word_1_321' title='bbox 204 3912 233 3974; x_wconf 91' lang='lat' dir='ltr'>si</span> <span class='ocrx_word' id='word_1_322' title='bbox 248 3911 325 3972; x_wconf 85' lang='lat' dir='ltr'>uolet</span> <span class='ocrx_word' id='word_1_323' title='bbox 340 3911 455 3990; x_wconf 82' lang='lat' dir='ltr'>poterit,</span> <span class='ocrx_word' id='word_1_324' title='bbox 469 3926 563 3990; x_wconf 83' lang='lat' dir='ltr'>neque</span> <span class='ocrx_word' id='word_1_325' title='bbox 578 3910 703 3972; x_wconf 86' lang='lat' dir='ltr'>inveniet</span> <span class='ocrx_word' id='word_1_326' title='bbox 717 3906 747 3970; x_wconf 91' lang='lat' dir='ltr'>in</span> <span class='ocrx_word' id='word_1_327' title='bbox 763 3928 798 3970; x_wconf 92' lang='lat' dir='ltr'>eo</span> <span class='ocrx_word' id='word_1_328' title='bbox 814 3908 985 3988; x_wconf 88' lang='lat' dir='ltr'>quidquem,</span> <span class='ocrx_word' id='word_1_329' title='bbox 1003 3906 1082 3988; x_wconf 89' lang='lat' dir='ltr'>quod</span> <span class='ocrx_word' id='word_1_330' title='bbox 1098 3906 1215 3987; x_wconf 85' lang='lat' dir='ltr'>culpare</span> <span class='ocrx_word' id='word_1_331' title='bbox 1228 3915 1294 3970; x_wconf 81' lang='lat' dir='ltr'>tun-</span> 
     </span>
     <span class='ocr_line' id='line_1_35' title="bbox 129 4008 1294 4098; baseline -0.006 -21"><span class='ocrx_word' id='word_1_332' title='bbox 129 4034 221 4098; x_wconf 84' lang='lat' dir='ltr'>quem</span> <span class='ocrx_word' id='word_1_333' title='bbox 244 4033 280 4075; x_wconf 84' lang='lat' dir='ltr'>ex</span> <span class='ocrx_word' id='word_1_334' title='bbox 300 4031 374 4074; x_wconf 78' lang='lat' dir='ltr'>reno</span> <span class='ocrx_word' id='word_1_335' title='bbox 393 4013 532 4074; x_wconf 79' lang='lat' dir='ltr'>haustum</span> <span class='ocrx_word' id='word_1_336' title='bbox 550 4010 655 4092; x_wconf 89' lang='lat' dir='ltr'>possit.</span> <span class='ocrx_word' id='word_1_337' title='bbox 701 4011 786 4087; x_wconf 84' lang='lat' dir='ltr'>Quod</span> <span class='ocrx_word' id='word_1_338' title='bbox 807 4021 901 4073; x_wconf 82' lang='lat' dir='ltr'>autem</span> <span class='ocrx_word' id='word_1_339' title='bbox 923 4011 958 4072; x_wconf 90' lang='lat' dir='ltr'>de</span> <span class='ocrx_word' id='word_1_340' title='bbox 974 4011 1086 4071; x_wconf 81' lang='lat' dir='ltr'>ratione</span> <span class='ocrx_word' id='word_1_341' title='bbox 1100 4008 1182 4083; x_wconf 87' lang='lat' dir='ltr'>dicit,</span> <span class='ocrx_word' id='word_1_342' title='bbox 1197 4008 1294 4071; x_wconf 90' lang='lat' dir='ltr'>omnis</span> 
     </span>
     <span class='ocr_line' id='line_1_36' title="bbox 130 4111 1296 4196; baseline -0.007 -16"><span class='ocrx_word' id='word_1_343' title='bbox 130 4116 256 4180; x_wconf 82' lang='lat' dir='ltr'>moralis</span> <span class='ocrx_word' id='word_1_344' title='bbox 278 4112 447 4196; x_wconf 82' lang='lat' dir='ltr'>disciplinae</span> <span class='ocrx_word' id='word_1_345' title='bbox 466 4116 560 4189; x_wconf 83' lang='lat' dir='ltr'>sonte,</span> <span class='ocrx_word' id='word_1_346' title='bbox 580 4134 641 4178; x_wconf 89' lang='lat' dir='ltr'>non</span> <span class='ocrx_word' id='word_1_347' title='bbox 663 4114 777 4177; x_wconf 86' lang='lat' dir='ltr'>aliunde</span> <span class='ocrx_word' id='word_1_348' title='bbox 796 4121 925 4194; x_wconf 82' lang='lat' dir='ltr'>accepte,</span> <span class='ocrx_word' id='word_1_349' title='bbox 946 4113 996 4174; x_wconf 86' lang='lat' dir='ltr'>sed</span> <span class='ocrx_word' id='word_1_350' title='bbox 1017 4131 1074 4174; x_wconf 85' lang='lat' dir='ltr'>uns</span> <span class='ocrx_word' id='word_1_351' title='bbox 1091 4130 1156 4174; x_wconf 89' lang='lat' dir='ltr'>cum</span> <span class='ocrx_word' id='word_1_352' title='bbox 1176 4111 1296 4174; x_wconf 89' lang='lat' dir='ltr'>homine</span> 
     </span>
     <span class='ocr_line' id='line_1_37' title="bbox 131 4216 1295 4299; baseline -0.007 -16"><span class='ocrx_word' id='word_1_353' title='bbox 131 4231 214 4294; x_wconf 76' lang='lat' dir='ltr'>ncta,</span> <span class='ocrx_word' id='word_1_354' title='bbox 239 4227 273 4281; x_wconf 88' lang='lat' dir='ltr'>ut</span> <span class='ocrx_word' id='word_1_355' title='bbox 293 4218 357 4280; x_wconf 88' lang='lat' dir='ltr'>sinc</span> <span class='ocrx_word' id='word_1_356' title='bbox 376 4237 410 4280; x_wconf 82' lang='lat' dir='ltr'>ea</span> <span class='ocrx_word' id='word_1_357' title='bbox 434 4235 472 4279; x_wconf 89' lang='lat' dir='ltr'>ne</span> <span class='ocrx_word' id='word_1_358' title='bbox 487 4217 616 4298; x_wconf 44' lang='lat' dir='ltr'>,cogitari</span> <span class='ocrx_word' id='word_1_359' title='bbox 641 4218 759 4299; x_wconf 88' lang='lat' dir='ltr'>quidem</span> <span class='ocrx_word' id='word_1_360' title='bbox 783 4216 874 4277; x_wconf 89' lang='lat' dir='ltr'>homo</span> <span class='ocrx_word' id='word_1_361' title='bbox 899 4216 1009 4296; x_wconf 87' lang='lat' dir='ltr'>possit,</span> <span class='ocrx_word' id='word_1_362' title='bbox 1036 4223 1082 4277; x_wconf 87' lang='lat' dir='ltr'>est</span> <span class='ocrx_word' id='word_1_363' title='bbox 1100 4232 1171 4277; x_wconf 88' lang='lat' dir='ltr'>sene</span> <span class='ocrx_word' id='word_1_364' title='bbox 1194 4232 1295 4275; x_wconf 87' lang='lat' dir='ltr'>verum</span> 
     </span>
    </p>
   </div>
   <div class='ocr_carea' id='block_1_2' title="bbox 133 4315 1297 4501">
    <p class='ocr_par' dir='ltr' id='par_1_2' title="bbox 133 4315 1297 4501">
     <span class='ocr_line' id='line_1_38' title="bbox 133 4315 1297 4403; baseline -0.006 -21"><span class='ocrx_word' id='word_1_365' title='bbox 133 4340 229 4403; x_wconf 84' lang='lat' dir='ltr'>neque</span> <span class='ocrx_word' id='word_1_366' title='bbox 244 4319 392 4382; x_wconf 75' lang='lat' dir='ltr'>veteribus</span> <span class='ocrx_word' id='word_1_367' title='bbox 411 4319 560 4399; x_wconf 78' lang='lat' dir='ltr'>ignotum:</span> <span class='ocrx_word' id='word_1_368' title='bbox 578 4339 681 4383; x_wconf 85' lang='lat' dir='ltr'>vereor</span> <span class='ocrx_word' id='word_1_369' title='bbox 701 4330 799 4382; x_wconf 88' lang='lat' dir='ltr'>temen</span> <span class='ocrx_word' id='word_1_370' title='bbox 818 4335 1010 4398; x_wconf 77' lang='lat' dir='ltr'>magnopere,</span> <span class='ocrx_word' id='word_1_371' title='bbox 1031 4325 1064 4380; x_wconf 89' lang='lat' dir='ltr'>ut</span> <span class='ocrx_word' id='word_1_372' title='bbox 1082 4315 1152 4395; x_wconf 89' lang='lat' dir='ltr'>quid</span> <span class='ocrx_word' id='word_1_373' title='bbox 1171 4315 1227 4377; x_wconf 89' lang='lat' dir='ltr'>illis</span> <span class='ocrx_word' id='word_1_374' title='bbox 1242 4315 1297 4375; x_wconf 86' lang='lat' dir='ltr'>hec</span> 
     </span>
     <span class='ocr_line' id='line_1_39' title="bbox 135 4413 1296 4501; baseline -0.01 -15"><span class='ocrx_word' id='word_1_375' title='bbox 135 4423 171 4485; x_wconf 87' lang='lat' dir='ltr'>de</span> <span class='ocrx_word' id='word_1_376' title='bbox 184 4442 217 4485; x_wconf 87' lang='lat' dir='ltr'>re</span> <span class='ocrx_word' id='word_1_377' title='bbox 226 4424 325 4485; x_wconf 89' lang='lat' dir='ltr'>risum</span> <span class='ocrx_word' id='word_1_378' title='bbox 340 4422 388 4497; x_wconf 87' lang='lat' dir='ltr'>sit,</span> <span class='ocrx_word' id='word_1_379' title='bbox 401 4422 588 4484; x_wconf 84' lang='lat' dir='ltr'>llermsnnus</span> <span class='ocrx_word' id='word_1_380' title='bbox 603 4428 681 4483; x_wconf 85' lang='lat' dir='ltr'>recte</span> <span class='ocrx_word' id='word_1_381' title='bbox 695 4429 882 4501; x_wconf 79' lang='lat' dir='ltr'>perspecmm</span> <span class='ocrx_word' id='word_1_382' title='bbox 896 4420 1010 4482; x_wconf 79' lang='lat' dir='ltr'>heheet</span> <span class='ocrx_word' id='word_1_383' title='bbox 1035 4419 1080 4479; x_wconf 83' lang='grc' dir='ltr'>Αιι</span> <span class='ocrx_word' id='word_1_384' title='bbox 1096 4418 1170 4477; x_wconf 89' lang='lat' dir='ltr'>lorte</span> <span class='ocrx_word' id='word_1_385' title='bbox 1185 4413 1296 4477; x_wconf 76' lang='lat' dir='ltr'>lucilius</span> 
     </span>
    </p>
   </div>
   <div class='ocr_carea' id='block_1_3' title="bbox 0 0 1610 5136">
    <p class='ocr_par' dir='ltr' id='par_1_3' title="bbox 0 0 1610 5136">
     <span class='ocr_line' id='line_1_40' title="bbox 0 0 1610 5136; baseline 0 0"><span class='ocrx_word' id='word_1_386' title='bbox 0 0 1610 5136; x_wconf 95' lang='lat' dir='ltr'> </span> 
     </span>
    </p>
   </div>
  </div>
 </body>
</html>
