3164 5138
856 472 898 538 58

301 665 456 748 superiore
471 662 567 727 fabula
581 663 619 725 de
632 662 768 726 Pandora
783 664 929 727 conciliari
943 662 1021 727 nulla
1035 681 1104 727 sana
1115 664 1228 728 ratione
1237 661 1356 746 ροεσίῑ2
1365 664 1403 741 ⁸).
1425 662 1461 726 ln

300 769 380 831 huuc
398 786 457 831 uua
478 773 659 828 memoratur
679 775 809 829 retemm
832 767 999 830 cnticomm
1013 767 1142 839 nomae,
1162 764 1400 838 adv.1dtl,ubi
1423 765 1461 827 de

301 878 420 951 quartae
435 868 496 931 sive
511 869 644 930 heroicae
656 869 756 931 aetatis
768 876 848 930 sorte
863 868 1026 950 exponitur.
1070 868 1216 930 Heroibus
1231 869 1323 944 enim,
1342 876 1460 949 postea-

300 993 388 1055 quam
403 973 449 1035 alii
466 972 542 1052 apud
559 970 674 1033 Thebas
691 970 737 1033 alii
752 971 829 1051 apud
846 971 965 1034 Troiam
978 971 1111 1044 obierint,
1127 972 1225 1033 sedem
1249 990 1265 1033 a
1283 971 1350 1032 lore
1364 969 1460 1050 assip-

300 1084 399 1139 natam
413 1094 481 1137 esse
495 1074 526 1136 in
541 1074 682 1135 extremis
698 1073 778 1134 orbis
793 1084 937 1136 terramm
953 1074 1070 1149 linibus,

367 1279 437 1341 170.
484 1274 542 1341 καὶ
563 1273 616 1341 vol
637 1273 696 1358 μὲν
716 1271 865 1341 ναίουσιν
887 1269 1016 1365 άκηδέα
1037 1275 1148 1358 θυμὸν
1170 1268 1296 1356 ἔχοντες

366 1381 436 1442 171.
482 1374 516 1443 ἐν
537 1374 694 1464 μακάρων
714 1374 848 1464 νήσοισι
871 1373 949 1467 παρ’
969 1373 1121 1443 Ὠκεανὸν
1142 1371 1342 1464 βαθυδίνην,

368 1483 436 1544 172.
482 1474 596 1563 άλβιοι
618 1474 731 1566 ἥρωες,
753 1483 859 1546 ταῖσιν
880 1477 1040 1568 μελιηδέα
1061 1478 1191 1566 καρπὸν

368 1584 437 1646 173.
481 1580 553 1668 τρὶς
573 1575 664 1659 ἔτεος
684 1578 853 1648 θάλλοντα
875 1577 969 1671 φέρεὶ
993 1581 1148 1668 ζείδωρος
1169 1574 1301 1670 άροσρα.

305 1682 431 1750 Τοῦτον
445 1681 503 1748 καὶ
517 1682 575 1748 τὸν
589 1678 671 1772 ἑξῆς,
695 1688 735 1749 ait
749 1688 871 1750 Procius
887 1689 922 1750 ad
936 1708 963 1749 r.
979 1687 1048 1759 169,
1064 1680 1110 1762 ὥς
1124 1680 1358 1771 φληναφάδεις
1373 1679 1463 1762 ἐξοι-

301 1782 430 1865 κίζουσι
457 1786 521 1850 τῶν
539 1780 703 1852 Ἡσιάόοα
724 1784 767 1851 τά
788 1810 825 1852 τε
847 1781 932 1852 dita
953 1781 1179 1874 φαυλίζοντες,
1202 1782 1320 1850 καὶτὸ
1341 1781 1463 1851 ἐνθου-

301 1888 476 1955 σιαστικὸν
500 1889 559 1977 τῆς
586 1885 740 1975 εἰσβολῆς
765 1889 831 1954 τῶν
851 1885 925 1972 μετ’
947 1882 1066 1966 αὐτοὺς
1087 1882 1207 1969 στίχων
1229 1880 1386 1974 ἀφαιρεῖν
1406 1883 1463 1952 tt-

137 2024 142 2032 ·
253 2003 285 2055 11
303 2014 421 2076 yones.
467 1995 597 2055 Fuerunt
622 1994 723 2074 igitur,
750 1995 798 2073 qui
825 1996 941 2055 inanem
962 1993 1108 2073 quandam
1133 1991 1337 2071 loquacitatem
1357 1990 1388 2051 in
1413 1991 1462 2053 his

293 2095 432 2173 uversibus
444 2114 510 2157 esse
521 2096 755 2167 criminarentur,
771 2114 875 2177 pamm
888 2095 1139 2157 accommodatam
1152 2094 1359 2155 vehementiori
1371 2093 1461 2156 animi

302 2198 504 2272 commotioni,
521 2216 608 2278 quam
624 2200 784 2278 proderent
798 2216 868 2259 mox
883 2216 983 2260 versus
999 2197 1068 2257 174.
1085 2197 1114 2268 5,
1129 2196 1180 2258 ubi
1195 2204 1282 2277 poeta
1296 2216 1329 2259 se
1344 2197 1463 2276 qnintm

300 2302 410 2375 aetatis,
428 2320 485 2382 qua
501 2301 563 2381 ipse
577 2301 661 2378 vivat,
679 2311 759 2363 tanto
772 2300 866 2362 taedio
878 2301 1012 2362 affectum
1028 2317 1094 2360 esse
1108 2299 1255 2371 exclamat
1277 2307 1309 2360 ut
1323 2308 1373 2361 aut
1394 2308 1462 2361 ante

301 2422 365 2467 earn
381 2412 530 2477 mortuus,
545 2411 595 2465 aut
609 2412 712 2484 postea
727 2402 845 2463 demum
861 2400 1027 2463 naseitums
1042 2418 1108 2460 esse
1129 2400 1220 2461 malit
1265 2400 1347 2474 Quae
1362 2409 1462 2463 antem

302 2523 394 2585 porro
410 2506 487 2585 apud
503 2505 639 2567 Proetum
657 2505 806 2583 leguntur:
830 2495 875 2578 ὦς
890 2498 950 2586 γάρ
971 2492 1174 2587 ἀποβλέψας
1188 2493 1236 2577 εἷς
1257 2497 1296 2563 τὸ
1312 2494 1387 2563 κατ’
1402 2495 1463 2564 αι’·-

300 2602 357 2668 τὸν
377 2602 443 2668 τῶν
465 2598 655 2692 ἀνθρώπων
677 2599 767 2689 γένος
787 2600 871 2686 μετά
891 2600 950 2689 τὴν
971 2598 1143 2688 ἐξάμνησιν
1157 2601 1216 2689 τῆς
1229 2604 1295 2665 τῶν
1308 2596 1463 2688 ἡμιθέων

299 2702 424 2793 λήξεως
446 2702 581 2790 ἐπάγει·

346 2811 416 2871 174.
460 2801 575 2894 μηκέτ’
597 2801 705 2874 ἔπειτ’
727 2800 871 2894 ὄφειλον
892 2804 957 2891 ἐγώ
978 2804 1167 2890 πέμπτοισι
1187 2807 1344 2889 μετεῖναι,

347 2912 416 2973 175.
461 2903 628 2995 άνδράσιν,
652 2902 726 2973 ἄλλ’
747 2899 771 2997 ἢ
791 2905 927 2996 πρόσθε
947 2913 1064 2975 θανεῖν
1084 2901 1108 2996 ἢ
1128 2903 1248 2973 ἔπειτα
1269 2905 1437 2993 γενέσθαι.

301 3013 375 3076 lraec
389 3013 432 3076 sic
446 3033 508 3077 non
523 3022 601 3075 recte
617 3014 763 3093 superiori
778 3015 960 3077 annotationi
976 3015 1128 3076 subiuncta
1140 3032 1207 3075 esse
1221 3022 1349 3092 apparet.
1385 3014 1459 3076 Nam

301 3125 424 3198 propter
436 3116 581 3179 causalem
594 3117 830 3178 coniunctionem
846 3110 908 3199 γάρ
922 3125 1109 3197 expectamus
1121 3115 1264 3177 rationem
1277 3116 1340 3177 eius
1352 3116 1460 3191 iudicii,

302 3219 381 3300 quod
406 3219 444 3280 ibi
471 3227 734 3281 commemoratum
754 3226 814 3291 est,
840 3220 957 3281 allatum
982 3220 1033 3293 iri3
1058 3219 1087 3282 id
1111 3226 1208 3279 antem
1230 3235 1291 3279 non
1311 3218 1387 3291 lieri,
1406 3219 1459 3280 sed

302 3321 415 3402 opponi
430 3320 791 3401 potiusaliquidridemus‚
810 3340 869 3400 qno
884 3330 970 3401 poeta
986 3330 1086 3383 contra
1102 3320 1221 3399 iniquos
1231 3319 1339 3382 iudices
1356 3321 1458 3382 delen·

302 3424 400 3485 datur:
426 3423 503 3483 lranc
523 3421 634 3502 ipsam,
661 3440 748 3501 quam
772 3421 810 3483 illi
834 3423 1069 3495 criminarentur,
1095 3422 1340 3502 praedicationem
1360 3423 1461 3485 beatae

301 3524 390 3586 sortis
401 3523 527 3586 heroum
542 3517 612 3607 (cria
633 3515 807 3607 ἐξάμνησιν
820 3518 879 3606 τῆς
891 3519 957 3584 τῶν
971 3515 1127 3607 ἡμιθέων
1140 3517 1282 3608 λήξεως),
1292 3525 1460 3605 horumque

302 3625 501 3688 conditionem
524 3632 585 3687 tam
605 3623 748 3686 diversam
770 3624 806 3686 ab
833 3624 878 3686 sui
904 3623 1047 3705 temporis
1067 3625 1184 3687 miseria
1204 3634 1308 3705 poetae
1327 3628 1458 3689 animum

301 3725 503 3789 vehementius
518 3725 729 3799 commovisse,
747 3734 780 3787 ut
793 3725 823 3788 in
838 3727 910 3789 haec
925 3726 1010 3788 rerba
1030 3737 1208 3808 emmperet‚
1222 3720 1332 3813 μηκέτ’
1354 3717 1459 3792 ἔπειτ’

301 3819 451 3916 ὄφειλον,
466 3836 495 3890 et
510 3846 584 3907 quae
602 3834 773 3908 sequuntur.
816 3827 1000 3890 Manifestum
1014 3836 1060 3890 est
1079 3829 1166 3909 igitur
1185 3830 1214 3892 in
1230 3831 1326 3894 Procli
1345 3831 1459 3894 scholio

300 3941 370 4014 post
385 3938 646 4005 commemoratum
662 3929 786 3992 afiorum
802 3928 940 3990 iudicium
954 3930 1061 4009 aliquid
1076 3931 1227 4007 excidisse,
1243 3951 1301 4015 quo
1318 3932 1374 3995 sibi
1389 3932 1461 3996 illud

300 4034 461 4115 improbari
476 4034 661 4113 signiticaret,
677 4031 767 4092 velut:
797 4020 866 4092 ἄλλ’
889 4022 947 4093 οὐκ
970 4022 1083 4115 ὀρθῶς
1103 4026 1331 4119 ὑπειλήφασιν
1343 4035 1388 4096 rel
1402 4035 1459 4097 tale

301 4137 379 4217 quid.
424 4136 476 4198 Est
491 4143 588 4197 antem
603 4135 657 4196 alia
671 4133 794 4213 insuper
809 4133 974 4212 corruptela
988 4134 1123 4197 tollenda.
1158 4136 1271 4218 Nempe
1285 4130 1462 4221 ἐξάμνησις

300 4239 360 4311 illa,
382 4257 469 4317 qnam
489 4235 622 4299 nonnulli
643 4242 677 4297 ut
690 4233 779 4295 nimis
794 4235 945 4314 loquacem
967 4236 1056 4297 deleri
1071 4237 1213 4310 volebant,
1229 4240 1459 4320 haudquaquam

370 4461 411 4526 211)
430 4458 500 4513 Gaul.
513 4458 573 4510 diss.
586 4460 617 4511 tle
629 4466 705 4513 aetat
717 4476 775 4526 pan.
789 4462 854 4513 husu.
868 4477 893 4531 p.
908 4461 946 4514 ta.
972 4461 1074 4530 (opusc.
1085 4461 1115 4515 ΙΙ.
1127 4479 1152 4533 p.
1164 4463 1234 4529 tlt.)
