3190 5136
667 417 727 484 103

104 605 247 688 tomenti,
263 622 323 668 neo
339 606 450 687 puniat
461 612 584 687 propter
598 605 696 686 ignem
712 605 786 667 oium
797 614 966 687 surreptum
977 604 1276 687 datumquehomini·

107 706 183 771 bue?
212 706 397 770 Donhutor
411 707 515 769 mundi
534 714 581 769 est
599 707 744 787 luppiter,
763 726 819 788 pro
833 707 953 771 ntimo
969 727 1026 771 ouo
1042 715 1144 771 nunde
1163 724 1277 788 regens,

111 800 187 893 παρ’
202 801 315 893 ἑαυτῷ
328 805 371 871 τὰ
382 801 516 872 δίκαιον
526 801 616 889 ἔχων,
629 827 716 890 oeper
725 808 854 872 novitate
864 810 990 890 imperii,
1006 801 1097 886 ἅπας
1111 803 1150 872 dd
1159 804 1279 895 τραχύς

8 840 10 989 ἶ
113 906 207 987 ὅστις
235 901 279 972 ἂν
299 905 372 974 νέον
393 908 510 998 κρατῇ,
536 930 630 992 eoque
643 912 838 986 inexorabilis,
864 903 1005 997 ἀκίχητα
1026 908 1088 996 γὰρ
1108 901 1199 996 iera
1220 905 1278 973 καὶ

8 1004 9 1097 p
113 1008 189 1095 einp
211 1002 446 1095 ἀπαράμυθον
473 1004 555 1092 ἔχετε
586 1020 714 1074 ueterum
738 1030 795 1075 neo
820 1013 880 1075 into
907 1013 1002 1076 maior
1031 1031 1086 1075 neo
1111 1015 1277 1077 futurorum

117 1115 250 1178 omnium
267 1132 389 1195 gnarue.
434 1113 543 1177 Similia
557 1114 681 1194 legimus
696 1115 726 1177 in
740 1114 952 1178 Eumenidihus
967 1135 993 1178 u.
1005 1114 1079 1178 620.

519 1211 563 1277 τὰ
585 1205 687 1277 diti
709 1208 776 1278 ἅνω
797 1236 836 1279 τε
855 1212 915 1280 καὶ
937 1211 1028 1279 κάτω

319 1313 470 1403 στρέφων
489 1310 630 1403 τίθησιν
651 1308 753 1395 οὐδέν,
777 1309 908 1403 ἀσμένῳ
930 1312 1070 1400 μέντιθ).

112 1421 273 1485 Fiuemodi
291 1420 441 1501 ingenium
461 1420 569 1482 durum
595 1419 714 1500 quidem
732 1429 825 1483 estet
843 1422 1017 1496 violentum,
1038 1422 1091 1485 sed
1106 1421 1179 1484 nihil
1192 1421 1280 1485 hebet

112 1524 257 1604 igneriee,
273 1521 347 1584 nihii
361 1522 440 1602 qnod
454 1522 608 1603 indignum
622 1532 671 1585 aut
685 1522 857 1587 indeoorum
871 1525 910 1586 eit
919 1525 980 1604 regi
992 1525 1124 1588 deorum.
1153 1525 1278 1587 Seuerus

112 1634 171 1688 rut:
198 1623 470 1698 mediaetatem,
490 1626 547 1687 etei
566 1642 628 1688 non
648 1632 775 1701 amatur,
794 1634 893 1689 umen
911 1646 965 1708 per
983 1645 1016 1690 ue
1030 1645 1068 1689 ne
1087 1626 1147 1688 odii
1161 1626 1278 1708 quidem

111 1746 234 1791 museto
249 1726 347 1789 hehet.
390 1726 444 1788 Cui
459 1726 596 1789 traditum
615 1735 663 1789 eet
676 1745 776 1790 rerum
796 1728 929 1791 omniurn
952 1730 1121 1805 arbitrium,
1141 1730 1204 1792 iure
1223 1748 1278 1792 suo

112 1830 244 1911 poetniet
259 1836 295 1891 ut
308 1827 365 1890 eibi
379 1827 545 1903 ohediutur;
560 1829 622 1892 iure
636 1848 692 1892 ouo
708 1830 794 1893 etiarn
810 1849 873 1894 non
887 1831 1072 1895 obedientem
1086 1833 1184 1913 punit:
1199 1833 1278 1913 quood

112 1933 140 1995 ei
149 1931 335 1995 Prometheo
350 1930 565 1997 emdeiiesimee
575 1932 728 2014 imponere
737 1951 849 2013 poenae
859 1934 1014 2010 ridebitur,
1029 1953 1091 1997 non
1102 1934 1278 1998 obiirieoen·

39 2055 51 2078 ·
114 2036 186 2098 drun
200 2044 249 2096 eet
264 2033 446 2096 immortales
460 2053 528 2096 eeee
542 2035 631 2116 etqui
646 2036 731 2116 punit
744 2046 774 2097 et
788 2036 839 2117 qui
853 2038 984 2118 punitur,
999 2046 1032 2099 ut
1046 2037 1149 2119 poenis
1161 2054 1280 2118 quoque

113 2136 332 2219 nou-potnerit
348 2136 544 2199 Prometheus
559 2137 694 2218 qualibus
711 2138 787 2201 iuter
805 2140 943 2201 mortales
961 2141 1065 2201 effid.“
1110 2139 1188 2202 Sunt
1207 2157 1278 2201 eene

111 2242 185 2303 he
199 2239 304 2301 omniu
317 2238 479 2313 reneeimu,
494 2239 548 2301 eod
562 2250 633 2303 eunt
646 2241 816 2305 coenabo
831 2241 917 2323 plum
929 2250 958 2303 et
971 2242 1141 2323 perspicua,
1159 2249 1192 2304 ut
1206 2240 1278 2303 nihii

112 2361 218 2406 eornm
231 2359 299 2404 non
313 2340 353 2403 eit
371 2360 388 2404 e
403 2360 452 2403 me
465 2359 583 2422 quoqne
598 2343 836 2406 mmarversum
851 2352 881 2407 et
895 2345 1070 2427 expositum.
1107 2344 1181 2407 Num
1196 2343 1275 2424 quod

114 2447 251 2526 npetu
270 2443 381 2525 Iupiter
398 2443 575 2507 Prometheo
595 2444 738 2519 videuttu,
758 2463 821 2509 non
839 2446 948 2509 mirum
963 2465 1038 2520 esee,
1054 2464 1149 2528 neque
1163 2445 1192 2508 id
1207 2463 1277 2526 per-

113 2565 234 2610 moroee
248 2563 308 2608 noe
323 2563 414 2625 poene
427 2552 461 2608 ut
474 2546 552 2608 idem
566 2545 738 2621 indidemne,
750 2548 854 2611 monui
869 2548 933 2611 libri
947 2549 1005 2611 mei
1019 2568 1048 2629 p.
1065 2547 1115 2621 30,
1131 2548 1201 2610 etin
1213 2547 1277 2628 ipsu

95 2642 253 2731 ‘inrupi
279 2646 430 2726 tragoedia
450 2664 489 2709 ne
513 2666 565 2709 eoe
588 2649 719 2729 quidem,
745 2650 795 2730 qui
809 2650 977 2712 Promethei
997 2649 1172 2730 eupplioium
1192 2668 1278 2729 aegre

114 2755 225 2827 ierant,
251 2749 426 2812 iniustitiam
445 2749 506 2811 iovi
526 2751 704 2831 exprobrare
723 2751 837 2814 oetendi
852 2770 881 2831 p.
899 2752 949 2813 31.
992 2751 1105 2813 Durum
1124 2751 1205 2814 illum
1221 2751 1278 2813 dici

115 2851 377 2934 etimpiueebiem
396 2850 538 2913 adversus
557 2871 624 2927 coe,
651 2853 702 2934 qui
723 2852 849 2934 imperio
876 2872 931 2915 ouo
957 2853 1141 2927 obnituntur3
1159 2852 1189 2914 id
1208 2870 1278 2915 vero

113 2974 242 3019 neoeeee
257 2953 350 3016 tonse
359 2952 391 3016 in
405 2971 483 3015 novo
497 2953 632 3035 imperio,
644 2954 724 3035 quod
738 2954 873 3017 debuerit
886 2965 988 3019 eontra
999 2955 1130 3035 quemuis
1141 2954 1278 3018 rebeliem

115 3060 233 3121 fortiter
258 3055 393 3119 etubiiiri:
414 3074 468 3136 pro
494 3056 614 3119 arbitrio
641 3075 697 3120 ruo
717 3066 820 3120 ounotu
838 3076 953 3138 regere3
976 3058 1028 3120 sed
1050 3057 1189 3121 iniustum
1210 3056 1279 3119 iliud

115 3160 274 3223 arbitrium
288 3165 404 3239 praeter
418 3158 627 3221 Prometheum
644 3167 732 3239 etque
746 3159 778 3221 io
793 3159 904 3221 nemini
918 3159 1022 3222 rideri:
1042 3178 1134 3240 porro
1150 3178 1205 3222 neo
1218 3160 1279 3221 into

116 3264 264 3326 maiorem
290 3277 387 3340 noque
413 3261 579 3323 futurorum
601 3261 734 3323 omnium
756 3279 893 3340 gnorunt,
919 3261 1167 3341 quemadmodum
1189 3279 1280 3342 supro

114 3366 176 3429 dixi
192 3383 223 3445 p.
240 3363 272 3435 6,
289 3362 328 3424 ite
343 3362 429 3424 σείσω
440 3363 472 3424 in
485 3362 561 3424 iihro
575 3361 625 3424 ilio
641 3362 774 3444 exposui.
800 3362 842 3425 Iie
854 3364 916 3425 eoie
933 3362 1101 3426 erudelitate
1115 3380 1281 3444 poenorum

113 3467 208 3542 honi,
228 3463 340 3546 qnippe
359 3481 446 3544 qune,
465 3465 491 3526 ui
510 3480 574 3526 non
588 3473 666 3526 eeeet
686 3464 827 3527 aiuutr'tia
841 3467 981 3539 retinete,
997 3465 1044 3526 vir
1057 3465 1202 3528 videretur
1216 3465 1278 3529 eul-
1298 3488 1329 3538 10

113 3568 180 3650 peri
207 3568 239 3629 in
263 3567 319 3629 deo
340 3574 442 3629 oontru
463 3567 551 3629 deum
569 3585 675 3648 poeee3
699 3566 751 3629 sed
776 3584 839 3629 non
857 3585 941 3647 aegre
960 3568 1022 3628 iero
1037 3566 1122 3628 etium
1136 3567 1224 3630 huiue
1239 3568 1281 3629 rei

114 3667 342 3733 amariorem
361 3667 398 3729 eb
411 3668 582 3732 Hermenno
601 3686 665 3731 non
689 3669 941 3750 praetermissum.
984 3667 1060 3743 Quid
1080 3668 1168 3750 igitur
1187 3669 1283 3732 uiuere

116 3774 200 3836 inter
221 3789 271 3832 me
285 3778 372 3849 utque
386 3767 489 3831 illumi
514 3770 593 3835 Nihil
606 3772 751 3852 protento,
764 3771 824 3834 niei
836 3773 916 3853 quod
931 3771 977 3834 iiie
992 3790 1080 3835 suum
1094 3772 1192 3834 lovem
1208 3790 1280 3833 oon·

115 3875 219 3937 venire
232 3871 409 3952 Aeeobyieae
423 3873 597 3951 unguedine,
611 3892 667 3954 ogo
682 3891 743 3937 non
762 3875 917 3937 convenire
932 3874 1037 3937 iudioo.
1081 3874 1175 3937 Huius
1194 3874 1283 3954 igitur

114 3973 319 4039 dieeeudonio
344 3991 461 4047 mures,
488 3976 630 4055 quonium
650 3975 834 4039 Hermmnue
860 3983 990 4038 autnon
1016 3976 1216 4039 animadvertit
1234 3983 1284 4039 rut

114 4076 325 4150 dissimum
340 4076 398 4138 iem
414 4095 467 4157 ugo
483 4079 622 4159 aperiam.

186 4323 268 4390 biit·
289 4322 396 4374 refinxit
411 4318 567 4374 Hemennne
583 4321 710 4387 vulgatum
731 4321 879 4387 lectionem,
898 4317 983 4375 οὐδὲν
1002 4316 1172 4390 ἀσθμαίνων
1191 4316 1282 4388 μένετε

117 4425 206 4478 perun
217 4409 392 4478 probabiliter,
404 4423 461 4460 neo
473 4407 573 4475 quidem
584 4407 684 4459 iuditio.
