3178 5136
835 419 899 485 214

768 511 849 519 ----
877 509 964 517 -·-—·-

286 613 363 675 hone
378 630 496 674 ornnem
511 610 771 692 reprehensionem
786 608 840 671 niti
855 608 925 671 lelsa
939 607 986 671 ills
1000 605 1131 669 vocabuli
1151 596 1334 691 ἅνθρωπος
1351 605 1445 668 iuter-

285 714 459 796 pretatione,
480 714 629 794 mirorque
643 714 702 776 hoc
715 733 733 775 e
747 711 922 792 Goettlingio
937 729 999 775 non
1017 719 1216 792 perspeottun,
1237 709 1288 790 ptri
1307 727 1398 791 quum
1416 718 1447 770 et

287 818 351 898 ipse
371 807 553 900 ἄνθρωπον
571 825 685 898 petrem
704 815 828 879 familias
848 814 906 877 diei
927 813 1038 889 eolat,
1057 820 1204 876 ettamen
1222 810 1447 875 mnuarhite-
1584 870 1585 889 ,

240 928 270 979 12
288 920 407 982 demum
418 916 557 1000 disputet,
568 926 679 999 pugnet
689 919 821 999 proleoto
834 934 934 978 secum
946 916 1019 997 ipse,
1031 916 1108 978 etad
1119 914 1335 978 defendendum
1346 913 1448 975 Theo·
1584 986 1585 989 Ἴ

287 1024 441 1104 phrestum
460 1040 495 1084 ee
513 1023 639 1102 profert,
659 1039 733 1101 quae
752 1019 826 1083 nihil
844 1018 1012 1101 pertineant
1030 1017 1067 1079 ed
1085 1036 1159 1081 rem.
1198 1017 1258 1081 Sed
1276 1016 1349 1080 haee
1366 1032 1449 1079 nune

287 1124 448 1188 eoouretius
463 1124 606 1203 exagitare
620 1122 741 1203 longum
756 1131 810 1184 est.

371 1225 510 1289 Proxime
531 1225 727 1306 Theophrasti
749 1223 835 1287 verhe
856 1224 886 1285 in
908 1224 989 1286 huno
1015 1224 1138 1286 modum
1164 1218 1334 1302 rehugende
1361 1228 1447 1283 sunt:

287 1323 373 1392 ὥστε
388 1323 457 1393 δέοι
473 1318 513 1391 ὃν
526 1323 569 1391 τὰ
584 1322 662 1411 περὶ
676 1323 737 1412 τήν
754 1324 814 1411 τῆς
832 1321 986 1408 γυναικὸς
1005 1316 1140 1407 ὁμιλλαν
1158 1316 1450 1409 οἰκονομήσασθαι

288 1427 411 1505 καλῶς·
440 1426 539 1493 τοῦτο
559 1424 598 1494 δέ
616 1424 717 1508 ἐστιν,
737 1420 884 1493 ὁποίαν
906 1424 981 1491 τινὰ
1007 1424 1059 1491 dei
1081 1421 1202 1512 ταύτην
1227 1416 1314 1489 εἶναι
1338 1447 1451 1508 παρα-
1585 1482 1586 1499 ,

289 1526 464 1597 οκευάσαιε
490 1551 601 1595 heremo
622 1544 663 1595 est
689 1532 922 1594 cosuetudinem
947 1549 1014 1593 eum
1039 1530 1161 1593 οοαῑίαο
1186 1539 1264 1593 reete
1289 1532 1450 1601 mutuare,
1585 1578 1586 1617 3

288 1636 316 1698 h.
340 1655 363 1697 e.
387 1635 486 1707 telem,
513 1634 627 1716 postem
649 1653 714 1697 eom
734 1652 792 1696 esse
815 1644 937 1715 oportet,
963 1634 1088 1715 efficere.
1123 1631 1218 1712 Vulgo
1240 1626 1450 1695 suihitured
1584 1682 1587 1721 p

289 1730 410 1800 ποίαν
423 1732 497 1799 τινὰ
509 1734 575 1799 dei:
591 1737 642 1799 sed
658 1736 896 1817 interrogativum
911 1753 1079 1817 pronomen
1091 1726 1195 1798 ποίαν
1205 1735 1237 1797 in
1251 1735 1301 1798 teli
1311 1742 1452 1798 contextu
1584 1788 1587 1826 4

289 1840 361 1922 poni
372 1857 434 1902 non
444 1839 549 1920 potuit,
564 1839 593 1901 in
606 1857 665 1920 quo
676 1839 754 1902 nulla
767 1849 813 1902 est
826 1856 921 1920 neque
935 1838 1043 1901 directe
1057 1856 1152 1919 neque
1167 1837 1309 1901 indirecto
1322 1837 1451 1900 interro-
1586 1892 1587 1925 ,

289 1942 380 2022 gotio,
400 1942 452 2005 sed
471 1941 571 2003 reletio
591 1942 794 2004 tantummodo
814 1942 851 2006 ed
866 1941 1100 2005 subaudiendum
1121 1958 1287 2022 pronomen
1304 1938 1452 2022 quditefis

289 2045 566 2119 demonstrativum,
581 2045 664 2126 quasi
679 2045 757 2108 dims
771 2039 929 2128 τοιαύτην
941 2037 1026 2121 τινά,
1042 2039 1117 2106 οἵαν
1132 2040 1192 2106 dei.
1586 2030 1587 2033 ¹

376 2147 514 2228 Sequitur
528 2146 610 2209 loeus
626 2147 662 2208 de
677 2140 804 2231 κτήσειε
819 2146 902 2209 eidus
918 2146 1038 2226 quidem
1053 2145 1337 2228 praestantissimum
1354 2162 1452 2225 penus

290 2270 358 2313 esse
372 2250 477 2313 dieitur
491 2269 526 2312 ex
540 2250 602 2330 egri
616 2249 740 2325 mltum,
754 2250 823 2313 huie
837 2248 1006 2330 proximum
1018 2249 1215 2330 quodeunque
1225 2266 1261 2313 ex
1273 2255 1366 2311 terroe
1375 2266 1452 2328 pro-
1587 2312 1588 2325 ,

290 2361 378 2415 ventu
392 2352 499 2415 vietum
515 2351 644 2431 praehet,
663 2351 750 2413 veluti
765 2343 784 2435 ἦ
799 2345 1046 2436 μεταλλοοοική.
1076 2352 1283 2432 vituperantur
1297 2357 1375 2414 artes
1391 2349 1452 2413 sel·

290 2455 419 2529 hderiae,
434 2463 468 2517 ut
481 2472 555 2534 quae
570 2472 680 2536 eorpus
695 2453 885 2535 animumque
902 2463 1101 2537 corrumpent,
1115 2455 1248 2518 laudetur
1264 2453 1326 2534 egri
1337 2454 1453 2517 oulturu

291 2566 428 2638 tunquam
448 2557 568 2620 rohoris
588 2566 618 2619 et
636 2555 813 2619 tortitudinis
833 2558 1020 2639 procreauix.
1059 2557 1135 2621 lluie
1155 2557 1264 2619 mundes
1290 2555 1452 2621 sententies

291 2679 383 2741 quum
398 2661 475 2741 opud
494 2660 567 2723 elios
586 2659 705 2733 multos,
727 2669 790 2722 tum
809 2661 887 2741 opud
903 2660 1087 2723 Aristotelem
1107 2660 1251 2723 invenies:
1271 2658 1324 2723 sed
1343 2666 1453 2722 nostro

290 2763 426 2843 scriptori
447 2763 573 2825 maxime
591 2763 797 2845 Xenophontis
817 2764 1041 2826 oeconomicum
1062 2762 1248 2826 obversatum
1267 2780 1334 2825 esse
1352 2762 1454 2837 medo,

291 2885 353 2946 oop.
370 2866 399 2939 4,
416 2865 445 2926 2.
462 2867 491 2938 5,
512 2866 622 2928 t-17.
639 2866 668 2939 6,
684 2867 713 2926 5.
730 2865 848 2939 8-10;
863 2873 892 2927 et
906 2866 986 2946 quod
1001 2865 1050 2927 hie
1063 2866 1093 2939 6,
1112 2866 1150 2927 10
1171 2856 1235 2943 ἔξω
1249 2862 1314 2928 τῶν
1327 2857 1453 2947 ἐρυμά-

290 2987 355 3029 των
368 2962 410 3028 τὰ
425 2960 606 3050 ἐπιτήδεια
620 2966 753 3045 egrioolis
768 2984 835 3029 esse
851 2966 929 3040 dicit,
947 2966 1053 3030 iisdem
1068 2969 1128 3031 lere
1141 2968 1236 3031 verhis
1255 2968 1334 3050 epud
1349 2967 1452 3030 'l'heo-

290 3070 444 3150 phrestum
464 3068 602 3148 legimus,
627 3060 736 3146 μόνων
756 3063 817 3149 γὰρ
836 3060 960 3131 τούτων
978 3062 1021 3129 τὰ
1039 3063 1191 3153 κτήματα
1210 3062 1274 3148 ἔξω
1291 3066 1356 3133 τῶν
1374 3063 1453 3154 dpv-

289 3164 403 3253 μάτων
417 3162 515 3234 ἐστίν.

375 3274 539 3354 Exponitur
553 3271 658 3335 deinde
672 3272 769 3354 paullo
783 3272 956 3348 eoouretius,
969 3273 1120 3354 quomodo
1136 3276 1305 3341 hominihus
1316 3276 1347 3339 in
1357 3276 1452 3341 domo

291 3378 435 3458 agendum
450 3377 496 3452 sit,
510 3376 685 3456 apprimum
696 3376 813 3456 quidem
825 3395 892 3438 oum
904 3395 1003 3439 uxore.
1028 3376 1123 3441 Huius
1134 3397 1252 3459 quoque
1263 3380 1300 3442 do
1312 3377 1452 3458 ooniugio

291 3480 497 3561 disputationis
511 3478 589 3541 hone
605 3497 672 3560 pers
688 3478 922 3560 ellenophontie
933 3481 1123 3544 oeconomico
1136 3481 1222 3544 duete
1232 3490 1288 3556 est,
1302 3481 1452 3563 imprimis

290 3602 364 3665 quoe
377 3602 407 3664 p.
429 3585 458 3656 5,
480 3582 521 3645 26
537 3590 566 3645 et
580 3581 718 3662 deinoeps
733 3581 877 3661 leguntur,
892 3601 908 3642 e
924 3582 1058 3663 Xenoph.
1073 3602 1098 3645 e.
1115 3585 1144 3658 7,
1167 3583 1300 3648 19-30.
1334 3584 1396 3647 tha
1415 3603 1452 3647 ex

289 3685 446 3749 Aristotele
460 3697 539 3759 sunt,
562 3686 599 3747 de
612 3686 736 3748 naturali
751 3685 847 3748 studio
868 3685 1007 3749 similium
1027 3687 1074 3749 sni
1092 3687 1351 3767 procreandorum,
1370 3705 1400 3767 p.
1419 3688 1451 3749 5.

291 3790 310 3850 5
326 3808 382 3868 sq,
402 3787 518 3851 ePolit.
532 3788 554 3861 l,
576 3789 589 3847 1
608 3807 637 3868 p.
651 3788 680 3862 2,
704 3789 756 3861 143
779 3789 815 3849 de
836 3788 947 3850 diverse
965 3790 1079 3853 ratione
1098 3789 1294 3871 coniungendi
1313 3788 1403 3852 meris
1422 3798 1453 3853 st

290 3891 416 3953 feminee
438 3891 513 3952 inter
534 3890 670 3952 homines
693 3909 780 3971 quem
802 3891 879 3971 epud
900 3891 1023 3967 bestius,
1051 3913 1081 3974 p.
1105 3894 1133 3967 5,
1159 3894 1196 3956 10
1212 3911 1272 3972 etp,
1300 3911 1335 3955 ex
1354 3891 1451 3955 Ethio.

289 3995 403 4057 Nioom.
419 3993 490 4067 l'lll,
514 3992 552 4055 14
567 4013 596 4074 p.
615 3993 685 4066 148,
707 3993 801 4073 3sq.;
821 3993 947 4074 denique
961 3996 997 4058 de
1011 3994 1204 4077 perpetuitate
1223 3993 1391 4059 enimelium
1411 3985 1451 4057 οὔ

290 4088 364 4159 κατ’
384 4088 546 4183 ἀριθμόν,
571 4085 656 4157 ἀλλὰ
675 4089 760 4156 κατὰ
778 4090 819 4157 ed
837 4082 941 4172 εἶδος,
965 4118 994 4179 p.
1016 4100 1049 4173 5,
1073 4098 1129 4171 22,
1156 4097 1265 4160 elihro
1291 4098 1328 4159 de
1350 4114 1450 4177 gener.

290 4198 455 4271 animelll,
478 4200 490 4259 1
509 4217 539 4278 p.
557 4198 615 4259 731
633 4204 704 4258 extr.
720 4196 808 4258 Bell.
823 4232 865 4243 -
894 4198 927 4259 ln
947 4199 994 4261 his
1015 4201 1153 4263 omnihus
1168 4201 1360 4264 Philodemus
1379 4200 1451 4262 nihil

289 4302 409 4373 noterit,
430 4300 486 4362 uisi
502 4299 582 4380 quod
598 4299 680 4361 initio
701 4298 806 4361 dicitur
825 4296 889 4361 τῶν
908 4296 988 4385 περὶ
1005 4299 1082 4377 τοὺς
1102 4294 1304 4388 ἀνθρώπους
1322 4293 1343 4386 ἡ
1364 4297 1450 4364 κατὰ

291 4403 427 4486 γυναῖκα
441 4394 554 4486 πρώτη
571 4394 760 4479 ἐπιμέλειαι
780 4403 968 4482 nequeenim
984 4425 1061 4486 opus
1077 4425 1143 4467 esse
1157 4405 1193 4467 ed
1213 4404 1290 4469 hene
1308 4404 1451 4485 heroque
