3178 5136
780 426 970 530 Ψ.

298 616 422 678 stautim
438 624 467 677 et
480 614 621 679 adiectivo
636 615 773 677 adiuncto
788 623 962 696 temperata,
977 616 1028 680 sed
1044 620 1248 681 tmnrmmodo
1263 618 1299 681 ab
1313 620 1455 683 adiectivo

297 719 462 800 qualitatem
476 718 554 781 iiiam
569 717 722 791 indicante,
738 725 771 780 ut
784 718 870 798 plane
882 718 1031 782 diversum
1045 720 1085 783 sit
1097 720 1258 801 hocgenus
1270 722 1307 784 ab
1318 741 1351 785 ea
1362 723 1456 801 figura

298 822 333 883 de
352 839 409 901 qua
428 839 519 902 supra
538 821 741 901 exposuimus.
789 820 882 883 Veluti
901 821 928 882 si
948 820 1058 884 dictum
1079 823 1154 884 toret
1173 822 1209 885 ab
1223 823 1363 905 Euripide
1378 823 1453 901 πῶς

240 956 252 975 ·
297 915 418 1002 βιώσει
445 912 589 1007 ἄδακρυς
617 916 674 986 τὸν
700 916 816 1008 φόνον,
849 941 951 998 nemo,
977 924 1099 1004 opinor,
1125 925 1229 988 dixerit
1256 928 1453 991 accusativum

298 1034 452 1107 propterca
466 1024 597 1106 positum
617 1043 696 1099 esse,
716 1025 782 1106 quia
801 1019 923 1108 βιώσοι
946 1015 1089 1111 ἄδακρυς
1110 1027 1188 1090 idem
1208 1028 1351 1108 significet
1374 1031 1455 1111 quod

299 1121 338 1191 od
359 1122 546 1210 δακρύσας,
568 1128 621 1190 sed
639 1128 763 1190 rcrbum
783 1138 812 1191 et
830 1127 1001 1207 adjectivum
1020 1129 1196 1210 seiungcuda
1210 1150 1278 1195 esea
1292 1131 1411 1207 ridebit,
1426 1141 1456 1195 et

297 1233 495 1295 accusativum
514 1232 719 1293 tantummodo
745 1232 781 1294 ab
806 1232 945 1295 adiectivo
971 1232 1099 1313 pendere
1123 1241 1280 1314 propterea
1304 1236 1372 1316 quia
1397 1237 1457 1297 hoc

297 1337 396 1417 ipsum
409 1335 487 1397 idem
501 1333 645 1414 significet
664 1336 744 1413 quod
762 1326 800 1398 cci
823 1329 1019 1419 δακρύουσα.
1048 1336 1132 1398 Hanc
1150 1337 1189 1399 cir
1208 1355 1327 1401 causam
1347 1339 1374 1401 si
1387 1337 1456 1419 quis

298 1439 431 1501 veihane
445 1445 621 1500 structuram
636 1430 756 1517 βιώσοι
779 1427 923 1522 ἄδακρυς
944 1429 1044 1521 φόνον
1066 1438 1110 1499 vei
1128 1438 1207 1501 iliam
1221 1432 1356 1524 σχήσεις
1375 1440 1456 1521 μοῖ-

297 1562 357 1625 ραι
379 1531 522 1623 ἄδακρυν
543 1532 645 1624 φόνον
666 1539 792 1620 probare
817 1540 897 1615 velit,
912 1540 940 1603 ei
955 1540 1027 1603 nihil
1040 1540 1099 1603 nisi
1113 1540 1173 1603 hoc
1185 1542 1373 1621 probandum
1388 1542 1456 1615 erit

297 1643 470 1706 adiectivum
486 1632 631 1722 ἄδακρυς
646 1659 713 1705 urm
728 1643 892 1705 accusativo
908 1643 1047 1705 construi.
1076 1643 1110 1704 ld
1124 1662 1178 1723 ego
1192 1645 1307 1707 etiamsi
1321 1644 1458 1724 pauisse

297 1747 359 1808 fieri
378 1763 441 1807 nou
459 1763 534 1825 nego
549 1778 591 1790 -
606 1745 853 1825 quemadmodum
869 1737 1009 1830 ἀνήκοος
1019 1763 1233 1826 nountmquam
1249 1764 1317 1809 cum
1331 1765 1457 1810 accersa·

297 1850 355 1912 tiro
372 1849 502 1911 construi
517 1856 621 1909 notum
636 1858 738 1910 est-
757 1856 856 1911 umen
875 1856 908 1910 ut
927 1850 1036 1911 tactum
1060 1848 1213 1912 aGraeca's
1237 1866 1302 1911 esse
1329 1848 1457 1923 crociam,

301 1960 379 2015 certa
403 1951 534 2031 exempla
559 1960 694 2031 expecto,
720 1950 813 2031 qualia
839 1951 933 2015 donec
951 1953 1151 2032 proterantur,
1166 1951 1260 2013 nolim
1274 1951 1304 2013 in
1318 1950 1458 2029 ambigua

297 2055 353 2117 ioci
367 2054 516 2134 Euripidei
533 2055 675 2134 scriptura
691 2054 886 2117 accusativum
901 2054 1026 2134 genitivo
1040 2056 1195 2135 praeferre.
1230 2053 1330 2134 Neque
1342 2053 1458 2117 hianrrn

297 2158 412 2239 aegrius
427 2157 608 2221 toleraverim
624 2172 711 2236 quarn
727 2163 904 2219 structuram
918 2157 1093 2219 inauditam:
1110 2155 1160 2236 qui
1174 2165 1272 2219 nmen
1285 2157 1312 2220 si
1327 2155 1367 2219 sit
1381 2155 1457 2221 adeo

297 2260 502 2333 intolerabilis,
522 2258 605 2321 leniri
624 2259 731 2338 poterit
749 2259 776 2320 si
799 2278 867 2321 curn
891 2258 1057 2338 idusgrario
1081 2266 1110 2321 et
1129 2259 1269 2323 iiimslcic
1292 2248 1314 2343 ἤ
1334 2277 1390 2340 pro
1417 2249 1458 2322 οὐ

297 2364 451 2428 scribetur.

383 2467 455 2528 Vere
474 2465 564 2528 1052.
767 2453 851 2524 ἀλλὰ
873 2456 935 2545 γάρ
956 2457 1048 2525 ἐστιν

596 2560 707 2649 μοῦσα
727 2559 787 2627 καὶ
808 2556 886 2648 ἡμῖν
906 2554 930 2648 οἳ
951 2561 1149 2648 προσομιλεῖ

598 2660 722 2753 σοφίας
742 2660 863 2731 ἕνεκα·
885 2660 1034 2730 πάσαισι
1054 2660 1114 2747 μὲν
1135 2659 1188 2731 οὔ.

599 2767 727 2854 παῦροι
747 2765 809 2853 γὰρ
833 2766 875 2854 δή
898 2764 988 2851 γένος
1009 2763 1043 2833 ἐν
1065 2765 1205 2845 πολλαῖς

698 2867 806 2955 εὕροις
826 2862 868 2933 dv
888 2864 971 2947 ἴσως

599 2967 680 3039 κούκ
702 2966 898 3054 ἄπόμοοσον
917 2970 957 3036 cd
980 2969 1150 3056 γυναικῶν.

383 3081 425 3142 ita
444 3081 524 3143 hunc
541 3080 639 3142 lecum
659 3077 843 3139 Hermanuus
862 3076 949 3139 scribi
969 3076 1049 3140 iuhct
1072 3095 1108 3139 er
1131 3075 1260 3139 Porsoni
1276 3077 1456 3153 coniectura,

299 3183 356 3245 uisi
371 3184 450 3263 quod
464 3173 559 3258 κούκ,
574 3202 592 3243 a
606 3181 742 3242 Pcrsono
757 3178 788 3239 in
803 3169 863 3241 oda
877 3187 1035 3253 mutatum,
1054 3178 1229 3241 serrandum
1249 3179 1309 3260 ipsi
1327 3180 1456 3243 ridetur:

300 3286 462 3348 certissime
486 3286 579 3359 enirn,
602 3283 710 3362 inquit,
738 3280 839 3343 cadem
869 3282 982 3344 ratione
1007 3277 1135 3365 παῦρον
1156 3272 1239 3342 κούκ
1259 3271 1458 3362 andooccos

300 3390 409 3451 dictum
435 3395 494 3461 est,
514 3405 572 3465 qua
590 3384 814 3447 usitatissimum
833 3384 902 3447 iilud
927 3379 1038 3446 πολλὰ
1059 3380 1118 3446 καὶ
1138 3379 1275 3466 μεγάλα.
1312 3384 1350 3445 tt
1367 3384 1457 3447 nobis

300 3492 372 3553 haec
390 3489 479 3561 ratic,
498 3506 556 3568 qua
574 3482 684 3551 πολλοὶ
706 3482 764 3549 καὶ
784 3482 912 3569 μεγάλα
933 3488 989 3550 dici
1010 3488 1099 3560 solet,
1115 3485 1151 3549 ab
1166 3504 1213 3559 ea,
1239 3504 1328 3566 quam
1352 3496 1458 3551 noster

299 3594 381 3654 locus
396 3591 534 3672 posttdat,
548 3608 671 3671 prorsus
685 3590 798 3653 diversa
812 3609 877 3652 esse
892 3591 1012 3651 videtur.
1042 3589 1117 3651 Nam
1131 3583 1242 3651 πολλὰ
1256 3583 1315 3651 καὶ
1327 3583 1458 3670 μεγάλα

300 3696 437 3758 dicuntur
456 3713 530 3774 quac
548 3693 636 3755 simui
654 3701 684 3755 et
702 3693 793 3756 multa
811 3702 841 3755 et
860 3712 964 3773 magua
984 3693 1029 3755 vei
1041 3691 1133 3755 multa
1151 3710 1243 3771 caque
1256 3707 1362 3770 magna
1376 3701 1457 3766 sunt,

299 3800 335 3860 ad
351 3797 431 3877 quod
446 3798 610 3876 exemplum
625 3795 651 3858 si
665 3796 702 3856 de
719 3795 875 3858 mulierum
894 3814 1001 3876 genero
1018 3793 1173 3874 Euripides
1193 3792 1314 3855 dixisset
1328 3790 1458 3877 παῦρον

299 3893 379 3963 κούκ
401 3892 596 3978 αἰιόμουσον
616 3893 655 3960 cd
678 3893 853 3979 γυναικῶν,
876 3917 984 3979 paucas
1010 3917 1118 3979 casque
1142 3899 1290 3979 sapientes
1315 3897 1456 3961 mulieres

299 4022 366 4065 esse
379 4002 509 4064 dixisset.
540 4002 608 4064 Non
622 4009 719 4063 autem
734 4001 792 4064 hoc
805 4009 856 4063 aut
869 4002 959 4063 voluit
977 4010 1027 4065 aut
1040 4001 1149 4083 potuit,
1166 4003 1218 4064 sed
1233 4020 1268 4063 ex
1281 3999 1456 4063 mulieribus

299 4105 431 4186 quarraria
446 4104 545 4167 mutis
560 4122 667 4186 paucas
682 4103 888 4165 tantummodo
904 4103 1050 4184 sapientes
1071 4122 1143 4165 esse.
1173 4104 1274 4184 itaque
1288 4121 1350 4165 non
1365 4121 1455 4166 ocor-

299 4206 396 4271 diuata
411 4208 485 4270 iuter
500 4226 533 4269 se
548 4216 617 4268 sunt
631 4206 679 4268 iila
692 4204 845 4279 adiectira‚
861 4206 1108 4286 quemadmodum
1128 4225 1162 4268 ea
1176 4224 1249 4286 quae
1263 4205 1371 4286 copula
1385 4206 1453 4268 iun·

297 4320 420 4390 guntur,
439 4310 492 4372 sed
511 4308 738 4372 subordinatum
752 4307 876 4370 aiterum
895 4307 989 4379 alteri,
1008 4327 1099 4389 quum
1123 4304 1249 4391 παῦρον
1268 4328 1304 4370 ax
1319 4308 1456 4371 universa

297 4413 453 4475 mulierum
468 4411 651 4474 multitudine
665 4419 778 4493 partem
793 4411 917 4491 aliquam
932 4409 1063 4489 exiguam
1076 4412 1190 4485 eximat,
1206 4430 1281 4492 quae
1296 4402 1356 4474 οὐκ
1368 4402 1453 4473 ἀπό·
