3164 5138
628 522 671 584 77

555 609 751 618 ..—-—--——-

38 746 43 765 .
156 703 295 793 κίβδηλον
314 701 474 791 ιῦρίσκιον
493 703 576 790 βίον,

38 850 40 895 t
156 806 250 874 πολλὰ
268 806 326 890 μὲν
346 806 381 874 ἐν
404 806 498 895 δουρὶ
519 805 633 886 τιθεὶς
654 803 782 891 αὐχένα,
807 808 917 879 πολλὰ
939 808 971 876 d'
994 808 1029 877 ἐν
1049 810 1164 899 τροχῷ,

154 908 248 976 bollai
267 908 304 976 δὲ
323 910 430 977 νῶτον
448 908 580 999 σκυτίνη
602 908 743 995 μάστιγι
763 911 967 996 θωμιχθείς,
989 908 1095 1000 κόμην

154 1009 279 1097 πώγωνά
299 1007 331 1076 r’
353 1010 591 1096 ἐκτετιλμένος·

38 1106 40 1117 ’
152 1115 197 1178 νῦν
215 1111 245 1181 d’
265 1110 436 1200 ἐπιβαίνει
458 1112 623 1193 σατινέων,
645 1112 766 1200 χρύσεα
787 1113 916 1203 φορέων
937 1115 1135 1202 καθέρματα

38 1222 40 1249 “
153 1215 223 1296 ridie
241 1216 402 1305 Kaixp9⁵),
423 1215 481 1283 καὶ
503 1213 699 1305 σκιαδίσκην
712 1214 924 1307 ἐλεφαντίνην
944 1218 1072 1308 φορέει,

152 1318 279 1403 mergis
299 1315 409 1398 οὕτως
431 1316 604 1408 [ἐμφερήςῙ.

168 1424 275 1487 Undnis
288 1425 402 1487 inclusa
412 1426 587 1500 addidimus,
603 1445 677 1507 qrrae
688 1426 808 1488 bonnus
822 1426 1010 1506 probabiliter
1024 1427 1139 1515 explere
1148 1428 1228 1493 ride-

103 1536 189 1588 rmtnr.
208 1520 326 1603 Αίτως
336 1546 426 1590 versu
436 1536 589 1607 postremo
601 1536 858 1608 cumcomtemptu
868 1536 898 1590 et
907 1528 1108 1609 indignatione
1119 1530 1227 1593 dietum

104 1628 258 1693 llusuabunt
270 1630 403 1710 exempla
416 1649 433 1691 a
446 1629 627 1692 Buttmanuo
642 1630 727 1692 citata
741 1630 868 1711 herilog.
883 1632 941 1713 lp.
958 1631 1008 1694 37.
1025 1631 1075 1699 38.
1105 1632 1228 1706 Qualem

103 1741 177 1794 antem
189 1733 332 1797 hominem
347 1733 440 1794 istum
454 1734 644 1794 Artemonem
659 1731 751 1794 luisse
764 1733 942 1814 putabimus,
957 1742 987 1795 et
1000 1752 1088 1815 quarn
1104 1734 1142 1797 ob
1158 1753 1227 1797 ceu·

101 1853 149 1897 cam
165 1830 381 1921 περιφόρητον
401 1833 535 1898 dotum?
571 1834 645 1897 Nam
660 1834 888 1910 Chanracleonti,
910 1836 961 1916 qni
979 1837 1038 1901 hoc
1056 1837 1096 1899 illi
1116 1854 1228 1917 cogno-

104 1947 209 2000 mentum
221 1938 345 2002 inditum
361 1958 429 2001 esse
443 1937 514 1999 dicit
528 1932 587 1999 deci
601 1931 641 1999 τὸ
654 1933 822 2021 τρυφερῶς
842 1934 979 2019 βιοῦντα
999 1935 1227 2026 περιφέροθαι

103 2032 148 2102 lsi
163 2033 274 2127 κλίνης,
297 2042 388 2103 lidern
403 2039 505 2102 haberi
520 2048 595 2101 vetat
608 2038 777 2103 wolckerus
796 2040 828 2101 in
842 2058 966 2103 censura
983 2041 1050 2104 libri
1063 2042 1225 2121 berghiaui,

100 2139 248 2205 llnsllben
268 2161 328 2205 ann
350 2142 433 2206 1835
454 2142 525 2203 lasc
544 2142 558 2201 1
576 2161 605 2222 p.
623 2141 697 2215 156,
718 2141 902 2221 etberghius
921 2162 1038 2225 quoqne
1057 2163 1087 2224 p.
1111 2145 1170 2206 111
1190 2145 1227 2207 de

100 2244 191 2307 reice
205 2244 405 2325 explicationis
420 2243 532 2306 dubitat
545 2251 714 2324 propterea,
729 2245 809 2325 quod
829 2244 865 2309 de
882 2244 983 2307 lectica
1002 2246 1075 2309 nihil
1089 2254 1135 2308 est
1148 2246 1226 2327 apud

99 2346 288 2423 lmumnnm,
308 2348 364 2410 sed
383 2354 522 2427 carpento
536 2345 657 2407 Artemo
677 2346 742 2408 rebl
762 2346 875 2409 dieitur.
919 2347 1006 2410 Esset
1024 2348 1083 2410 boc
1101 2350 1227 2413 torneae

99 2448 187 2528 nque
199 2451 380 2530 silutegrum
392 2466 519 2524 carmen,
534 2465 595 2510 non
608 2449 803 2527 fragmentum
817 2447 1006 2513 haberemus:
1025 2452 1134 2514 mirum
1147 2452 1227 2515 euim

98 2560 157 2613 nae
167 2553 222 2616 eius
233 2555 288 2631 rei,
310 2554 392 2616 unde
405 2569 570 2633 cognomen
584 2551 698 2613 bomini
712 2552 827 2627 datum,
846 2552 955 2616 nullam
970 2573 987 2616 a
1001 2561 1087 2634 poeta
1100 2554 1227 2619 mentio·

98 2670 150 2716 uem
160 2656 227 2735 herb
238 2675 324 2721 nunc
338 2664 436 2720 autern
450 2654 521 2736 quid
535 2652 665 2735 impedit,
680 2654 840 2734 quominus
855 2654 1108 2718 Chamaeleontem
1123 2675 1225 2721 verum

98 2754 171 2820 dicem
181 2760 261 2841 inque
275 2768 332 2824 ant
344 2778 380 2821 ex
393 2760 452 2821 boe
464 2759 531 2838 ipso
546 2756 740 2819 Auameoulis
756 2758 897 2833 carmine,
911 2758 1026 2839 integro
1042 2759 1162 2834 scilicet,
1176 2767 1228 2821 aut

96 2876 123 2920 ex
137 2862 188 2925 aliis
204 2862 365 2946 deperditis
383 2862 415 2923 in
434 2861 560 2924 eundern
578 2859 768 2922 Artemonem
787 2860 905 2942 scriptis
926 2861 1100 2941 cognovisse
1122 2861 1224 2923 creda-
1243 2875 1274 2928 12

95 2961 165 3025 unt
182 2967 235 3028 nisi
249 2968 330 3029 lorte
343 2964 392 3045 qni
407 2964 578 3045 plerumque
592 2961 694 3024 lectica
709 2964 815 3043 gestari
830 2963 949 3038 soleret,
971 2982 1038 3027 eum
1053 2982 1115 3026 non
1130 2965 1225 3038 etiam,

95 3064 133 3126 ubi
151 3086 191 3133 rea
212 3070 318 3145 ferret,
343 3076 483 3148 carpento
504 3064 571 3129 vehi
596 3064 730 3143 pounsse
751 3065 922 3128 iudicamus.
965 3067 1057 3130 ldaior
1079 3076 1156 3130 certe
1180 3074 1227 3129 est

95 3165 316 3247 hamaucorum,
335 3171 386 3252 qui
403 3170 471 3233 data
489 3186 578 3249 opera
597 3167 633 3229 de
650 3167 842 3230 Anacreontis
860 3169 917 3231 ritu
935 3178 964 3231 et
982 3171 1099 3253 scriptis
1118 3177 1225 3251 egerat,

95 3286 161 3347 tuan
175 3273 353 3337 smohmue
375 3272 476 3335 nescio
500 3270 583 3333 cuius
602 3270 773 3345 auotoritas,
798 3271 848 3350 qui
871 3272 907 3333 ad
927 3273 1076 3354 Aristopb,
1100 3274 1224 3335 Acbam.

94 3388 113 3432 r.
128 3372 179 3437 815
200 3369 426 3463 περιφόρητον
442 3366 631 3457 Ἀρτέμωνα
650 3373 682 3437 io
704 3373 859 3454 prouerbio
881 3374 991 3439 dictum
1010 3394 1076 3438 esse
1094 3383 1227 3439 autumat

94 3465 139 3536 ἐπὶ
154 3474 251 3543 colob
273 3473 332 3541 καὶ
352 3470 584 3561 ἁρπαζομένου
610 3470 697 3560 πρὸς
717 3468 850 3538 πάντων
871 3470 1008 3553 παιδός.
1052 3478 1086 3541 ln
1104 3497 1227 3560 prover·

93 3573 156 3640 bium
171 3581 337 3644 Artemonis
356 3598 467 3643 nomen
485 3578 594 3642 abiisse
611 3578 693 3641 laclle
712 3579 813 3659 credo,
830 3579 920 3660 idque
940 3581 965 3642 is
983 3581 1064 3661 ipse,
1083 3582 1118 3644 ad
1138 3599 1227 3661 quem

94 3676 149 3742 haec
164 3683 292 3766 scripsit,
317 3682 521 3764 Aristophanis
546 3681 630 3744 locus
650 3681 738 3744 fldem
757 3681 837 3755 lacit,
865 3682 1016 3745 &atinum
1035 3683 1084 3745 illo
1104 3685 1228 3747 nomine

93 3785 232 3862 aronam
247 3787 300 3848 sed
310 3786 345 3848 de
355 3786 485 3867 pulchris
496 3784 606 3865 pueris,
622 3802 697 3865 quos
710 3803 814 3848 omnes
826 3793 993 3864 expeterent
1003 3787 1079 3849 etad
1094 3806 1128 3850 se
1140 3805 1227 3868 rape-

92 3894 153 3956 rent,
171 3888 238 3951 illud
258 3897 432 3970 compotum
452 3907 518 3951 esse
532 3905 627 3967 neque
646 3895 768 3966 propter
781 3887 1008 3968 Aristophanem
1024 3889 1160 3953 credibile
1173 3898 1227 3965 est

93 3987 282 4064 tullmtinum
297 3991 384 4054 nobis
400 4008 462 4053 nou
482 4009 551 4053 seme
565 3989 722 4070 pulchrum
738 3999 767 4051 et
785 3990 945 4069 expetitum
959 4003 1082 4072 propter
1095 3993 1228 4073 pulchri·

38 4162 39 4165 ρ
93 4088 200 4155 udinem
214 4094 361 4174 proponit,
374 4111 472 4174 neque
484 4086 729 4177 πιριφσρήτοος
747 4093 805 4155 hoc
819 4111 909 4156 sensu
924 4093 1019 4156 dictm
1033 4113 1098 4156 csse
1112 4094 1228 4157 aliunde

93 4191 213 4271 numus,
226 4204 277 4259 aut
290 4195 346 4259 diei
360 4195 496 4277 potuisse
515 4194 690 4259 arbitremur
699 4199 740 4272 ⁶).
770 4196 859 4270 Quod
870 4204 968 4259 autern
983 4197 1019 4258 de
1034 4197 1151 4260 duobus
1166 4197 1226 4260 Po-

38 4500 39 4503 ,
146 4437 168 4501 ὁ)
183 4438 303 4508 Praestat,
315 4443 412 4510 opinor,
425 4456 481 4493 enm
493 4440 632 4492 Hermanno
645 4440 732 4505 legere
744 4443 813 4497 noir
824 4434 840 4492 d
852 4436 953 4508 Κύκης.

38 4552 39 4615 η
146 4523 334 4592 illachahlllor
346 4536 388 4581 est
403 4527 510 4582 alterius
526 4526 682 4579 Scholiastac
698 4527 847 4595 explicatio,
864 4522 1066 4600 πολοφόρητον
1083 4537 1142 4575 case
1154 4537 1222 4593 enm,
