3178 5136
832 467 895 537 212

289 654 392 731 circei
405 666 478 746 (scil
494 661 553 729 τοῦ
567 655 688 740 οἴκου)Ι
700 663 730 738 0)
748 652 809 722 cdo
822 655 937 744 πρᾶτα
951 654 1010 721 καὶ
1024 651 1175 739 μέγιστα,
1191 647 1374 738 ἅνθρωπος
1388 647 1450 717 καί

287 765 413 844 κτᾶοις,
428 764 468 832 τὸ
483 759 723 852 κυβερνώμενον
737 755 796 824 καὶ
809 756 871 823 τᾶν
882 758 1000 844 χρᾶσιν
1014 751 1291 845 ἔμπαριχόμενον·
1307 765 1336 819 et
1350 755 1450 837 paullo

288 879 372 951 post:
387 867 453 933 τῶν
468 864 506 933 δὲ
519 860 798 952 σομπλαρούνιων
810 859 868 927 τὸν
883 850 976 926 οἶκον
990 854 1178 947 ἀνθρώπων
1191 855 1245 924 τοί
1259 854 1320 941 μὲν
1333 876 1452 941 συγχε-

288 968 359 1049 νέες
370 967 426 1035 τοὶ
442 966 479 1035 δὲ
494 962 614 1057 οἶκῆοι

372 1075 541 1153 Sequuntur
556 1072 693 1151 deinceps
705 1070 783 1150 apud
795 1068 1033 1148 Theophrastum
1048 1070 1150 1131 haece:
1170 1061 1247 1131 ἐπεὶ
1263 1060 1301 1129 δὲ
1317 1060 1452 1148 πρῶτον

289 1169 324 1239 ἐν
344 1177 417 1252 τοῖς
437 1167 625 1256 ἐλαχίστοις
646 1165 667 1257 ῆ
695 1166 798 1258 φύσις
819 1161 960 1233 ἑκάστου
981 1171 1176 1252 θεωρεῖται,
1202 1165 1261 1232 καὶ
1287 1164 1366 1251 περὶ
1391 1163 1453 1250 τῆς

286 1270 397 1353 οἰκίας
411 1267 451 1341 th
466 1268 589 1357 ὁμοίως
604 1269 691 1357 ἔχοι·
707 1266 792 1337 ὥστε
806 1264 889 1336 καθ’
902 1264 1060 1336 Ἡσίοδον
1071 1269 1143 1337 δέοι
1156 1261 1198 1334 ἂν
1210 1262 1371 1355 ὑπάρχειν

502 1377 582 1431 οἷκον
591 1375 645 1447 μὲν
657 1370 802 1447 πρώτιστα
813 1369 933 1441 γυναῖκα
946 1390 976 1426 τε
985 1373 1055 1441 βοῦν
1065 1369 1090 1424 τ’
1104 1369 1236 1447 ἀροτῆρα

286 1477 327 1546 τὸ
340 1477 401 1563 μὲν
415 1476 476 1565 γὰρ
490 1478 549 1566 τῆς
562 1475 687 1565 τροφῆς
700 1474 841 1560 πρῶτον,
856 1471 896 1539 ud
912 1471 950 1540 δὲ
962 1474 1028 1538 τῶν
1038 1470 1230 1560 ἐλευθέραν.
1244 1510 1285 1522 -
1307 1475 1393 1550 Quod
1407 1474 1451 1537 sit

288 1584 534 1665 uniuscuiusque
553 1583 596 1645 rei
614 1589 748 1644 natruam
768 1579 864 1659 primo
883 1577 915 1640 in
935 1578 1065 1641 minimis
1089 1579 1153 1643 eius
1177 1578 1307 1659 pertibus
1334 1596 1450 1657 cogno-

288 1686 425 1749 sccndam
445 1705 520 1759 esse,
538 1683 689 1764 conspirat
707 1701 775 1744 cum
789 1680 836 1755 iis,
851 1698 925 1761 quae
938 1681 1108 1744 Aristoteles
1129 1681 1282 1763 aliquoties
1301 1679 1451 1762 praecepit

289 1789 357 1867 (vid.
374 1788 530 1869 Goettling.
545 1795 645 1850 annot
660 1786 690 1865 p.
706 1784 787 1859 cum
807 1783 885 1863 quod
901 1791 997 1845 autem
1012 1784 1143 1864 adiungit
1157 1778 1244 1846 ὥστε
1258 1818 1300 1828 -
1314 1776 1387 1846 δίοι
1408 1771 1451 1843 ἂν

287 1881 455 1975 ὑπάρχειν,
468 1909 539 1954 sane
548 1887 702 1953 obscurius
710 1886 820 1949 dictum
833 1894 878 1947 est
888 1894 1011 1966 propter
1020 1886 1144 1949 nimium
1154 1886 1334 1949 brevitatem.
1349 1883 1450 1945 Voluit

289 2002 385 2055 autem
401 1994 459 2056 hnc
474 1993 552 2055 haud
569 1990 668 2055 dubie:
688 1993 793 2070 itaque,
813 1991 883 2068 quio
897 1988 998 2050 domus
1013 2007 1124 2071 quoque
1142 1999 1254 2052 κοιιινο
1271 1991 1303 2049 ic
1321 1990 1451 2049 νιίιιικιιε

290 2098 351 2157 nus
364 2095 502 2176 pertidus
521 2093 717 2175 ccqocscecdc
736 2101 790 2161 ιιι,
810 2089 1041 2169 peramoenus,
1065 2110 1137 2172 quos
1154 2089 1298 2153 Hesiodus
1322 2107 1450 2151 comoro-

288 2207 394 2268 otorct,
415 2207 554 2278 tunquam
573 2198 717 2257 minimos.
753 2191 811 2254 Scd
834 2208 926 2270 quum
945 2191 999 2252 tria
1019 2191 1166 2255 Hesiodus
1185 2191 1326 2265 nominet,
1348 2178 1449 2266 οἶκον,

289 2298 431 2381 γυναῖκα,
447 2296 527 2379 βοῦν
542 2289 695 2382 οίροτῆρα,
712 2294 949 2374 Theophrastum
965 2312 1044 2357 nunc
1058 2294 1098 2356 ita
1111 2294 1193 2375 loqui
1204 2294 1347 2369 ridemus,
1363 2294 1449 2373 quasi

287 2403 347 2465 duo
362 2410 477 2465 tantum
491 2402 564 2463 sint:
583 2395 623 2463 τὰ
635 2392 696 2479 μὲν
709 2392 771 2480 γὰρ
786 2392 845 2479 τῆς
857 2391 981 2480 τροφῆς
995 2393 1135 2478 πρῶτον,
1153 2392 1193 2459 τὸ
1215 2390 1252 2459 δὲ
1271 2392 1337 2457 τῶν
1355 2388 1450 2457 ἐλιν-

287 2498 412 2587 θέρωνε
433 2503 462 2565 id
480 2502 560 2583 quod
576 2502 634 2565 iam
650 2521 666 2563 e
680 2498 824 2562 veteribus
838 2497 998 2559 nonnullos
1012 2499 1168 2580 permovit,
1188 2507 1222 2562 ut
1235 2498 1364 2580 priorem
1379 2507 1450 2561 tan·

288 2615 350 2666 tum
365 2604 499 2667 versiculi
514 2610 627 2684 partem
642 2620 658 2663 a
673 2599 879 2680 Theophrasto
894 2600 1022 2679 positam
1038 2603 1129 2665 luisse
1143 2602 1306 2673 crederent,
1326 2601 1451 2663 omissis

288 2707 384 2770 verbis
398 2704 479 2788 βοῦν
491 2697 523 2768 τ’
538 2697 692 2790 ἀροτῆρα,
712 2721 786 2783 quae
800 2701 917 2781 quidem
932 2703 1020 2765 ctiam
1035 2724 1052 2765 a
1066 2704 1231 2766 Philodcmi
1245 2702 1378 2783 exemplo
1394 2703 1450 2764 ah-

287 2809 378 2872 ruisse
389 2809 487 2872 statim
498 2808 669 2870 videbimus.
693 2806 800 2867 Verum
813 2811 935 2882 poterat
952 2805 1068 2884 opinor,
1084 2806 1232 2869 Hesiodus
1240 2806 1449 2887 Theophrasto

287 2911 381 2973 tribus
401 2911 458 2973 illis
476 2909 649 2973 nominihus
668 2909 742 2970 duas
764 2914 879 2968 tantum
902 2924 950 2967 res
972 2908 1152 2989 significasse
1173 2908 1278 2980 videri,
1301 2909 1450 2989 siquidem

288 2998 381 3075 οἶκον
394 3011 532 3074 intellexit
545 3030 593 3073 res
608 3011 646 3073 ad
661 3010 769 3071 dotum
783 3006 976 3083 necessarias,
991 3028 1052 3090 quo
1066 3011 1215 3091 pertinent
1226 3011 1367 3074 hahitatio
1380 3030 1450 3073 crim

288 3132 358 3194 agro
373 3132 460 3195 quem
476 3112 556 3176 colas
568 3113 711 3192 cuiusque
723 3116 866 3190 proventu
877 3107 975 3185 alaris,
992 3111 1038 3174 cui
1049 3114 1091 3175 rei
1106 3132 1196 3193 quum
1209 3110 1290 3195 βοῦν
1301 3104 1450 3197 ἀροτῆρα

288 3215 419 3277 adhiberi
434 3233 553 3276 necesse
572 3214 619 3287 sit,
641 3213 744 3275 licebat
763 3231 834 3275 sane
853 3220 1008 3293 utrumque
1026 3212 1150 3300 τροφῆς
1169 3214 1289 3278 nomine
1309 3233 1449 3294 compre-

288 3316 385 3379 hendi.
410 3316 509 3395 ltaque
522 3335 576 3395 eqo
591 3315 737 3395 integrum
752 3313 927 3376 versiculum
942 3314 1129 3379 retinendum
1143 3336 1210 3379 esse
1225 3335 1341 3380 censeo.

373 3417 459 3479 Nunc
472 3416 634 3478 Philodemi
649 3434 804 3479 censuram
820 3416 983 3479 audiemus.
1008 3418 1119 3481 Prohat
1132 3420 1158 3482 is
1172 3419 1302 3501 primunr
1318 3418 1398 3499 quod
1410 3420 1449 3481 de

287 3518 419 3601 partibus
436 3519 553 3594 domus,
573 3519 700 3599 itemque
714 3518 793 3598 quod
810 3519 846 3579 dc
860 3519 1027 3598 cognitione
1040 3539 1139 3583 rerum
1154 3522 1186 3583 in
1205 3521 1336 3583 minimis
1353 3521 1448 3601 parti-

286 3623 343 3685 hus
363 3622 474 3686 uicum
494 3632 553 3684 est:
572 3618 637 3683 τῶν
657 3613 688 3684 d'
708 3612 795 3703 ὑπὲρ
813 3617 872 3705 τῆς
891 3612 1112 3708 οἰκονομικῆς,
1131 3623 1178 3699 ait,
1197 3615 1289 3686 ἴδιον
1304 3619 1345 3685 τὸ
1362 3616 1448 3706 μέρη

287 3718 394 3806 λέγειν
406 3721 465 3809 τῆς
479 3715 588 3798 οἰκίας
603 3713 854 3807 ἄνθρωπονκαὶ
868 3718 997 3805 κτῆσιν,
1018 3715 1108 3788 ἴδιον
1122 3719 1160 3788 δὲ
1173 3719 1232 3788 καὶ
1245 3719 1285 3787 τὸ
1298 3720 1356 3809 τῆν
1369 3716 1449 3785 ἑκά-

287 3842 367 3888 στου
382 3820 484 3910 φύσιν
497 3818 531 3887 ἐν
543 3824 615 3900 τοῖς
628 3816 813 3903 ἐλαχίστοις
826 3823 1046 3908 θεωρεῖσθαι,
1062 3822 1117 3890 διὸ
1132 3821 1261 3911 καὶτῆς
1276 3815 1449 3905 οἰκονομι-

240 3945 267 3996 11
289 3924 362 4012 κῆς,
387 3921 445 3990 καί
468 3917 563 4003 ι’ίξιον
590 3920 768 4013 ἐπιζητεῖν.
811 3926 876 3987 Ηοο
896 3925 985 4006 igitur
1008 3937 1037 3990 et
1058 3929 1213 4011 pmprium
1237 3928 1448 3992 oeconomicus

286 4029 364 4105 dicit,
390 4038 419 4091 et
437 4029 559 4109 dignum
579 4030 660 4111 quod
680 4038 845 4112 quaeratur.
885 4029 919 4091 ln
942 4030 1084 4111 proximis
1104 4051 1174 4097 roro
1194 4031 1330 4095 offendit:
1356 4039 1448 4109 [πῶς

289 4201 590 4212 ..η-...ῳ-

357 4290 397 4355 10)
415 4288 491 4355 ang.
504 4297 563 4341 ante
575 4288 654 4341 Gaisl.
667 4285 757 4355 αὐτῆς,
770 4289 835 4356 qnod
847 4287 909 4339 farri
922 4306 971 4340 non
982 4306 1057 4358 posse
1069 4293 1227 4345 manifestum
1239 4301 1287 4355 cst,
1303 4309 1379 4360 quum
1390 4294 1447 4346 nni·

285 4376 336 4427 lun
348 4376 415 4427 uliud
427 4391 475 4442 qno
487 4374 615 4425 referatur
626 4390 714 4426 nomen
731 4377 902 4442 praecesserit
918 4392 991 4444 quam
1008 4374 1158 4448 συγγενικὰ
1175 4383 1317 4432 κοινωνία.
1340 4374 1447 4434 Αὗτιῖν

285 4468 376 4523 sotem,
387 4461 451 4527 quod
465 4459 544 4512 Golas.
558 4477 572 4512 e
584 4461 680 4513 duohns
693 4461 764 4513 codd.
778 4461 853 4525 dedit,
866 4460 939 4526 plane
952 4477 1001 4513 non
1013 4462 1147 4529 habetque
1160 4462 1296 4514 referatur.
