3154 5138
469 1404 534 1495 tu
566 1400 764 1496 clutton.
796 1403 856 1494 DE
886 1401 1015 1495 LEGG.
1047 1406 1091 1517 ll,
1126 1418 1195 1497 24.

223 1731 239 1780 3
330 1706 428 1796 (loom
445 1721 476 1784 iu
490 1721 671 1800 colligendis,
690 1720 876 1783 restituendis
896 1739 930 1783 ac
948 1719 1139 1800 disponendis
1154 1720 1309 1784 duodecim
1323 1720 1415 1783 tabu-

255 1824 347 1886 larum
368 1824 536 1904 fragmentis
556 1824 750 1904 plurimorum
771 1823 842 1885 olim
862 1840 896 1885 ec
916 1822 1155 1887 doctissimorum
1174 1823 1304 1886 virorum
1324 1822 1415 1885 indu·

255 1926 324 1989 stria
336 1926 469 1988 sollerter
482 1934 594 1989 versata
609 1927 657 2002 sit,
673 1938 735 1989 tum
750 1925 1015 1989 lruetuosissimam
1030 1926 1099 1989 huic
1112 1925 1210 1989 studio
1219 1944 1338 2007 operam
1354 1943 1415 1989 nu·

256 2049 310 2110 per
323 2028 467 2109 impendit
481 2028 665 2101 Dirksenius‚
681 2029 725 2091 vir
739 2029 932 2102 clarissimus,
941 2030 968 2104 ¹)
987 2046 1049 2089 non
1065 2027 1138 2108 ipsis
1153 2028 1251 2091 solum
1264 2030 1416 2109 fragmen·

256 2131 301 2205 tis,
316 2150 389 2211 quae
404 2130 514 2210 passim
528 2132 606 2212 apud
621 2141 733 2195 veteres
747 2132 907 2212 scriptores
922 2138 1030 2203 entant,
1046 2131 1196 2212 diligenter
1203 2131 1332 2194 collectis
1340 2150 1415 2212 pro-

255 2233 444 2313 habiliterque
459 2232 601 2295 restitutis
616 2241 646 2295 et
659 2233 901 2297 commodissimo
918 2233 1021 2296 ordine
1035 2234 1204 2314 dispositis,
1219 2233 1353 2296 indicatis
1369 2234 1416 2296 si·

256 2337 318 2399 mul
328 2335 444 2415 ubique
464 2335 594 2397 lontibus
614 2336 819 2417 explicatisque
836 2335 933 2398 iudicii
952 2336 999 2399 sui
1018 2335 1049 2397 in
1063 2336 1247 2398 emendando
1262 2354 1297 2397 ac
1309 2335 1416 2415 dispo·

255 2438 352 2500 nendo
375 2436 550 2513 rationibus,
573 2436 730 2499 sedetiam
750 2455 825 2517 quae
845 2456 862 2499 a
882 2437 1029 2517 prioribus
1049 2437 1108 2499 hoc
1131 2438 1161 2499 in
1180 2456 1285 2518 genero
1311 2437 1416 2500 ellectu

256 2548 346 2614 erant,
362 2539 501 2603 omnibus
517 2540 548 2602 in
563 2540 641 2602 brevi
657 2548 818 2619 conspectu
833 2540 1011 2621 propositis3
1030 2558 1104 2621 qnae
1123 2560 1172 2603 res
1187 2540 1288 2620 quanti
1303 2539 1415 2602 loboris

256 2642 342 2703 luerit
357 2650 556 2723 quantumque
571 2641 702 2705 utilitatis
716 2643 818 2705 afferre
839 2642 948 2723 possit,
967 2642 991 2704 si
1012 2643 1078 2723 quis
1096 2643 1221 2723 posthac
1234 2643 1264 2705 in
1280 2642 1326 2705 lris
1340 2642 1416 2723 legi·

255 2744 310 2806 bus
331 2744 488 2806 tractandis
508 2763 627 2825 operam
648 2764 731 2808 suam
751 2745 893 2808 collocare
912 2745 990 2818 velit,
1009 2764 1071 2807 non
1088 2764 1162 2825 opus
1179 2754 1224 2808 est
1239 2744 1415 2825 praedicare.

256 2847 383 2909 Tantum
410 2855 507 2909 autem
534 2867 550 2909 a
576 2849 638 2908 viro
665 2847 837 2909 doctissimo
857 2849 1031 2929 praestitum
1052 2854 1111 2920 est,
1138 2856 1281 2928 quantum
1296 2865 1417 2910 summa

256 2949 343 3011 unius
363 2948 493 3010 hominis
514 2948 658 3028 diligentia
679 2960 826 3030 praestare
840 2951 999 3030 plurimum
1014 2950 1124 3031 potuit,
1140 2968 1235 3031 neque
1250 2949 1416 3030 quisquam,

257 3050 306 3132 qui
321 3050 419 3131 operis
435 3050 509 3112 illius
525 3050 685 3113 taediosam
700 3053 959 3139 saepemolestiam
969 3073 1003 3116 ac
1013 3053 1209 3116 difficultatem
1218 3052 1416 3134 perpenderit,

258 3153 490 3216 succensendum
499 3152 652 3215 Dirlsenio
664 3153 784 3234 putabit,
795 3154 821 3216 si
832 3157 907 3217 lorte
915 3156 1049 3218 nonnihil
1060 3156 1146 3217 etiam
1157 3155 1193 3217 ol)
1202 3155 1260 3217 hoc
1269 3162 1319 3217 aut
1327 3173 1416 3234 prae-

257 3255 428 3318 termissum
438 3264 487 3317 aut
497 3256 595 3318 minus
605 3264 682 3318 recte
692 3256 927 3320 animadversum
937 3257 1168 3337 deprehenderit
1193 3257 1287 3319 liuius
1297 3258 1417 3338 generis

259 3359 421 3439 exemplum
432 3358 562 3421 invenire
576 3359 662 3420 nobis
678 3360 731 3421 visi
746 3378 851 3423 sumus
867 3360 896 3421 in
908 3359 1075 3439 fragmentis
1086 3359 1199 3422 unctae
1209 3359 1352 3434 decimae3
1363 3359 1417 3421 de-

258 3460 422 3522 sideramus
432 3461 509 3522 enim
519 3460 557 3523 ibi
568 3462 761 3535 ocumanius
771 3461 857 3522 nobis
867 3461 983 3540 qeddem
993 3460 1064 3523 satis
1074 3460 1225 3523 manifesta
1235 3460 1354 3541 vestigia
1364 3480 1417 3523 ex-

259 3571 321 3626 tare
332 3564 466 3626 videntur
475 3565 551 3645 apud
561 3564 730 3626 Ciceronem
746 3562 781 3624 de
795 3561 906 3641 legibus
922 3560 969 3623 lib.
978 3561 1012 3622 ll.
1023 3580 1085 3643 cap.
1098 3562 1148 3623 25.
1160 3567 1189 3638 ξ.
1204 3562 1259 3625 62:
1273 3558 1419 3638 „Nostrae

259 3665 377 3746 quidem
393 3665 464 3745 legis
479 3665 663 3745 interpretes,
680 3684 738 3744 quo
754 3664 846 3744 capite
853 3663 990 3726 iubentur
1000 3672 1137 3745 sumptos
1152 3673 1182 3726 et
1192 3664 1301 3727 luctum
1316 3682 1418 3726 remo·

258 3786 359 3830 nerea
381 3769 503 3829 deorum
527 3767 658 3829 manium
681 3766 758 3840 iure,
780 3767 837 3829 hoc
858 3764 1021 3845 intelligunt
1038 3765 1197 3846 imprimis,
1212 3766 1430 3846 sepulcrorum.

258 3869 500 3949 magnificentiam
517 3888 582 3931 esse
596 3869 812 3931 minuendam.“
842 3867 971 3931 Dubitari
985 3867 1064 3929 enim
1079 3884 1141 3928 non
1155 3875 1262 3947 potest,
1278 3866 1348 3948 quin
1361 3867 1419 3928 hoc

260 3972 359 4051 ipsum
374 3971 410 4033 de
426 3979 545 4052 sumptu
561 3990 595 4033 ac
609 3971 688 4033 luctu
703 3970 862 4034 minuendo
878 3976 1066 4051 praeceptum
1081 3968 1184 4041 iisdem
1201 3977 1252 4031 aut
1273 3969 1419 4032 similibus

260 4073 355 4136 verbis
375 4073 517 4155 scriptum
538 4072 624 4134 luerit
642 4073 672 4133 in
687 4072 749 4152 lege
763 4071 918 4135 duodecim
933 4071 1111 4147 tabularum3
1126 4071 1213 4151 idque
1228 4081 1418 4155 praeceptum

330 4319 353 4384 1)
372 4318 520 4371 Uelrersielrt
534 4317 580 4368 dor
597 4315 737 4380 bichengen
753 4316 882 4369 Versuelc
895 4331 941 4367 zor
958 4314 1041 4367 Kritik
1053 4316 1104 4366 und
1115 4314 1281 4381 llerotellong
1292 4317 1337 4368 des
1350 4314 1421 4367 Teu·

264 4410 305 4455 tes
317 4404 364 4456 der
375 4401 698 4469 dell·Talel·Goseteo,
708 4417 757 4453 von
775 4401 806 4451 ll.
818 4400 849 4453 li.
861 4399 979 4453 [liriaco.
1015 4400 1083 4468 lips.
1098 4400 1171 4453 1824.
