3290 5142
725 498 877 594 *rs—

223 679 421 761 oomperimus
431 682 470 763 ⁸),
483 684 561 763 qnod
573 684 686 748 ccimen
696 684 788 766 magis
799 685 830 747 in
841 684 954 748 nobiles
966 705 1001 750 ac
1011 687 1114 751 divites
1125 707 1213 769 quam
1225 688 1256 750 in
1266 689 1383 771 plebem

222 781 412 846 humiliorem
426 785 566 849 cecidisse
582 795 813 852 consentaneum
827 797 882 850 est.
910 788 1043 871 benique
1057 810 1084 853 v.
1101 791 1173 853 541.
1189 791 1224 853 2:

323 884 494 967 Δειμοίνω
515 885 560 974 μή
582 884 680 976 τήνδε
700 885 810 965 πόλιν,
833 886 1045 976 Πολυπαίδη,
1067 886 1164 975 ὕβρις

404 981 490 1074 ἥπερ
512 985 718 1075 Κενταύρους
740 984 950 1078 ὠμοφάγους,
974 985 1085 1079 ὀλέσῃ.

221 1108 291 1153 oum
305 1090 458 1154 Centauris
481 1093 566 1175 longe
588 1096 683 1177 aptius
703 1096 839 1159 homines
860 1096 975 1159 nobiles
994 1099 1141 1180 equestris
1160 1099 1270 1162 ordinis
1291 1117 1381 1181 quam

220 1193 371 1256 tenuiores
386 1203 417 1258 et
430 1197 562 1278 plebeios
577 1199 742 1279 comparari
756 1200 947 1263 manifestum
963 1207 1016 1263 est.

305 1294 373 1357 Non
393 1298 504 1361 mirum
527 1310 626 1364 autem
646 1302 678 1362 in
700 1301 751 1364 tali
770 1320 872 1365 rerum
892 1310 973 1369 statu
991 1303 1122 1367 extitisse
1140 1303 1230 1367 etiem
1245 1302 1382 1365 homines

218 1402 374 1479 factiosos,
403 1405 528 1467 fortasse
549 1423 585 1466 ex
603 1403 668 1485 ipso
690 1402 834 1466 nobilium
855 1405 972 1479 ordine,
998 1407 1050 1487 qui
1071 1405 1243 1487 popularem
1264 1423 1382 1467 causam

219 1506 402 1587 susciperent
413 1507 588 1589 plebemque
600 1506 739 1569 adversus
750 1507 935 1571 nobilitatem
946 1510 1114 1584 excitarent,
1126 1515 1260 1571 nontam
1272 1525 1382 1588 nequeo

219 1607 359 1671 libertatis
374 1627 489 1683 amore,
506 1628 596 1690 quam
611 1628 671 1689 quo
687 1609 743 1690 ipsi
757 1610 849 1691 plebis
865 1632 921 1693 ope
936 1620 1102 1674 crescerent
1115 1630 1150 1673 ao
1163 1628 1252 1692 supra
1267 1616 1381 1672 ceteros

219 1711 266 1773 sui
280 1712 390 1774 ordinis
401 1711 537 1775 homines
550 1731 614 1776 sese
625 1712 807 1787 extollerent,
823 1715 955 1796 adeoque
966 1715 1055 1778 etiam
1068 1714 1192 1796 imperio
1205 1712 1380 1795 potirentur.

218 1812 251 1874 ld
269 1814 370 1894 igitur,
391 1815 471 1896 quod
491 1816 523 1877 in
542 1816 605 1878 aliis
626 1815 726 1878 multis
746 1816 909 1880 civitatibus
931 1818 1068 1881 accidisse
1083 1816 1207 1879 historia
1221 1815 1322 1890 docet,
1343 1833 1381 1877 ne

218 1916 339 1997 Megaris
360 1936 480 2001 quoqne
500 1918 611 1981 accidat
629 1918 792 1982 cavendum
812 1939 876 1983 esse
890 1919 1038 2001 Theognis
1057 1926 1160 1982 monet
1174 1918 1221 1981 bis
1236 1917 1380 1993 versibus,

221 2019 352 2100 43sqq.:

323 2112 490 2201 Οὐδεμίαν
510 2141 576 2200 πω,
600 2115 715 2207 Κίρν’,
738 2114 864 2204 ἀγαθοί
887 2116 990 2185 πόλιν
1012 2114 1138 2186 ίίίεσαν
1159 2112 1285 2207 ἄνδρες,

407 2214 480 2286 ἀλλ’
505 2216 584 2286 ὅταν
605 2217 753 2309 ὑβρίζειν
773 2224 863 2289 τοῖσι
885 2224 1037 2289 κακοῖσιν
1059 2218 1135 2310 dep,

320 2319 426 2410 δῆμόν
446 2345 482 2388 σε
504 2318 682 2410 φθείρωσι,
704 2324 798 2403 δίκας
818 2319 851 2390 τ’
873 2319 1022 2392 α’δίκσισι
1045 2324 1186 2391 διδῶσιν

405 2420 532 2492 οἰκείων
553 2424 696 2510 κερδέων
717 2427 826 2494 εἵνεκα
847 2427 904 2495 καὶ
924 2424 1069 2515 κράτεος.

318 2524 421 2594 ἔλπεο
441 2528 487 2616 μή
512 2527 612 2615 δηρὸν
632 2532 739 2617 κείνην
760 2530 863 2598 πόλιν
885 2525 999 2618 ὄίσρεμ’
1022 2528 1172 2607 ἔσεσθαι,
1184 2532 1212 2609 ⁹)

400 2625 480 2716 μηδ’
504 2625 610 2696 stote
631 2629 740 2719 πολλῇ
761 2636 869 2700 κεῖται
891 2630 925 2701 ἐν
947 2628 1075 2721 ἡσυχίῃ,

316 2723 385 2797 εὖτ’
407 2725 448 2798 lb
467 2736 557 2800 τοῖσι
578 2737 713 2801 κακοῖσι
735 2728 807 2823 ptt'
830 2730 972 2820 dodorim
993 2734 1098 2800 ταῦτα
1120 2728 1262 2820 γένηται,

399 2832 519 2920 κέρδεα
541 2836 690 2923 δημοσίῳ
712 2835 771 2902 adv
791 2843 882 2924 κακῷ
904 2834 1072 2920 ἐρχόμενα.

314 2932 350 3001 ἐκ
371 2935 519 3023 τῶνγὰρ
541 2935 677 3016 σιδσιές
697 2962 734 3004 τε
755 2938 813 3004 καὶ
836 2936 978 3029 lippulos
1000 2936 1101 3028 φόνοι
1124 2932 1266 3021 ἀνδρῶν·

173 3126 176 3131 4
203 3121 206 3126 ,
398 3036 581 3125 μούναρχος
602 3038 640 3107 dd
660 3036 762 3106 πόλει
782 3038 830 3126 μή
853 3052 937 3108 ποτε
957 3041 1038 3130 τῇδε
1060 3035 1150 3107 ίίδσι.
1376 3125 1379 3133 7

211 3135 345 3218 Καναίς
363 3151 462 3219 vocat,
485 3146 653 3226 quicunque
672 3144 834 3208 convellere
853 3152 964 3208 statum
983 3144 1177 3225 reipublicae
1199 3150 1228 3207 et
1241 3144 1376 3226 frangere

212 3245 399 3327 optimatium
413 3252 592 3328 potestatem
607 3253 761 3322 conantur,
778 3237 929 3328 ἀγαθούς
944 3255 1055 3320 contra,
1071 3247 1123 3327 qui
1136 3247 1238 3311 novari
1252 3267 1300 3310 res
1314 3265 1372 3310 no-

212 3349 291 3424 lunt,
318 3368 394 3430 quos
419 3350 506 3412 hodie
534 3349 815 3412 conservativos
841 3349 1000 3412 autetiam
1022 3349 1164 3412 invidioso
1186 3350 1254 3412 licet
1273 3368 1375 3431 reapse

210 3452 291 3515 haud
304 3452 462 3515 inhonesto
477 3451 619 3514 vocabulo
631 3452 904 3516 reaotionarios
919 3451 1015 3514 dicere
1025 3452 1176 3532 popularis
1187 3452 1230 3515 rei
1241 3453 1374 3535 publicae

209 3555 341 3619 fautores
352 3554 458 3618 solent.
478 3553 532 3627 llli,
545 3572 638 3635 σσσιιι
648 3573 681 3617 se
692 3554 832 3618 extollere
843 3553 1058 3635 optimatesque
1068 3555 1234 3637 opprimere
1243 3555 1372 3630 student,

213 3675 276 3720 non
290 3657 440 3720 imnerito
453 3648 597 3736 ὑβρίζειν
612 3657 764 3733 dicuntur,
785 3658 893 3739 quippe
907 3676 1001 3740 quum
1015 3658 1176 3720 insolenter
1189 3665 1372 3739 grassentur:

210 3759 300 3822 iidem
314 3778 419 3840 quum
423 3758 540 3841 plebem
550 3752 713 3840 exagitant,
736 3780 796 3841 quo
810 3759 867 3842 ipsi
881 3761 944 3823 eius
957 3762 1057 3824 lavore
1072 3768 1204 3824 crescant
1218 3765 1372 3842 potentes·

210 3884 268 3946 que
287 3866 372 3940 liant,
400 3883 608 3946 cornrmpere,
637 3863 807 3948 φθείρειν,
831 3882 897 3927 eain
918 3863 1132 3943 dicuntur10),
1151 3865 1371 3945 verendumque

280 4067 306 4133 8)
324 4068 445 4120 Athenae.
457 4067 514 4133 XII,
527 4068 557 4118 at
572 4084 595 4135 p.
608 4067 666 4118 526.

278 4151 304 4214 a)
322 4152 365 4204 Sic
377 4153 536 4204 scribendum
546 4151 669 4219 suspicor,
681 4142 789 4220 ἄτρεμσ
799 4150 869 4206 εἶναι
879 4169 928 4204 non
937 4154 1018 4204 minus
1028 4160 1098 4205 reete
1108 4151 1158 4203 uici
1167 4152 1281 4219 potuisse
1289 4158 1369 4216 ratus,

211 4250 285 4302 qnam
298 4239 365 4305 σἰφα
378 4235 450 4290 εἶναι
462 4254 492 4289 sc
504 4234 609 4301 similis,
621 4235 664 4287 ubi
675 4236 820 4289 adverbium
832 4237 914 4290 instar
927 4238 1066 4304 praedicati
1078 4245 1125 4291 est
1151 4234 1269 4289 Codicum
1281 4236 1371 4288 lectio·

210 4335 266 4371 nem
283 4314 472 4389 ἇτρεμέεσθοι
486 4327 632 4386 corruptam
648 4336 705 4372 esse
721 4321 747 4373 in
759 4331 847 4390 aperto
861 4330 913 4390 σοις
929 4324 1062 4390 Bergbium
1074 4316 1273 4393 ἀτρεμιιῑσθαι
1284 4321 1371 4374 conie-

210 4404 278 4457 cisse
290 4405 372 4457 video.
1361 4430 1365 4435 ·

280 4489 323 4557 10)
340 4489 379 4545 Cl.
389 4490 451 4545 Eur.
463 4491 550 4560 Suppl.
562 4508 588 4547 ν.
600 4491 660 4545 234.
