3222 5148
635 432 785 534 —aae—

133 634 275 706 tauquam
289 625 376 687 unice
392 638 491 685 venam
505 622 709 703 adoptaverat,
733 630 766 686 ut
781 639 976 704 quaecuuque
993 620 1025 683 in
1043 620 1143 683 animo
1158 620 1294 683 nartioncs

131 729 378 800 informarentur,
399 728 504 789 harum
521 726 662 807 originem
684 744 862 807 causamque
883 724 919 785 ab
939 724 1112 805 imaginibus
1128 732 1296 806 repeterent

132 832 313 895 extrinsecus
327 831 506 892 inanimum
528 828 635 909 illapsis
655 830 857 908 visionemque
878 827 1116 906 efficientibus).
1153 826 1296 889 Constare

131 942 230 1015 autem
247 935 299 996 has
314 932 454 1014 imagines
470 932 629 994 censebant
644 933 751 995 atomis
766 932 827 993 sire
841 930 997 992 individuis
1013 930 1194 1011 corpusculis
1209 930 1295 1012 longe

131 1037 333 1099 subtilissimis
346 1044 376 1097 et
391 1035 522 1116 quolibet
538 1035 582 1097 rel
596 1036 769 1097 tenuissimo
785 1052 908 1115 corpore
923 1053 958 1095 er
974 1052 1077 1096 eorum
1090 1051 1205 1114 genere,
1219 1051 1293 1114 quae

131 1139 267 1201 manibus
283 1139 360 1219 tangi
381 1145 522 1218 possunt,
543 1137 629 1216 louge
649 1137 848 1211 tenuioribus,
872 1146 901 1197 et
923 1156 986 1198 esse
1002 1155 1104 1199 aarum
1119 1136 1203 1209 alias,
1218 1154 1293 1216 quae

131 1241 233 1304 oculos
245 1241 422 1302 lacesserent
438 1245 466 1301 et
481 1239 550 1302 hine
569 1240 605 1302 ad
620 1240 752 1303 animum
773 1240 973 1312 deferrentur,
994 1239 1064 1300 alias
1083 1244 1198 1312 autem,
1219 1258 1293 1318 quaa

130 1344 223 1405 oculis
238 1344 357 1424 quidem
374 1361 434 1404 nou
449 1343 684 1423 perciperentur,
700 1343 752 1404 sed
767 1350 889 1424 propter
904 1360 1053 1404 summam
1067 1340 1240 1403 tenuitatem
1256 1342 1292 1405 ad

23 1513 26 1517 ,
128 1446 226 1527 ipsum
247 1445 345 1507 statiua
362 1444 494 1507 animum
515 1445 784 1526 perlaberentur8).
825 1445 907 1508 Ellici
928 1445 1046 1525 quidem
1068 1444 1209 1525 imagines
1230 1463 1292 1508 nou

130 1549 218 1610 morlo
239 1549 347 1611 eternis
366 1568 403 1610 ex
423 1548 521 1628 aliquo
542 1568 664 1628 corpore
685 1549 872 1610 manantibus
893 1548 1014 1628 eiusque
1036 1548 1115 1609 unde
1138 1556 1293 1610 manarent

127 1653 256 1715 turmam
271 1670 305 1714 ac
319 1651 447 1733 speciem
462 1651 666 1724 relerenlibus‚
683 1651 734 1713 sed
751 1668 965 1732 nonnunquam
982 1653 1069 1713 etiarn
1081 1651 1202 1712 fortuita
1216 1670 1290 1731 qua·

128 1753 195 1815 darn
210 1763 240 1815 et
254 1767 415 1833 sprontanea
430 1755 597 1832 vagantium
612 1771 665 1835 per
680 1771 747 1814 aera
761 1759 929 1814 atoariorum
944 1754 974 1814 in
985 1754 1061 1815 hanc
1076 1755 1120 1814 vel
1137 1753 1215 1814 illam
1228 1754 1291 1816 lor-

129 1875 207 1917 mam
224 1856 479 1935 coniunctione⁰):
495 1856 547 1917 sed
563 1856 733 1917 huiusmodi
748 1856 888 1936 imagines
900 1874 1040 1939 perquam
1055 1857 1209 1919 mutabiles
1225 1876 1291 1919 esse

128 1963 158 2019 et
180 1957 378 2020 inconstantes
407 1959 548 2037 aliterque
575 1958 637 2020 aliis
662 1977 694 2019 se
716 1959 835 2019 offerre:
861 1958 985 2020 aeorum
1013 1958 1100 2040 igitur
1125 1960 1289 2033 notionem,

127 2079 218 2122 uuam
233 2061 310 2142 apud
327 2079 431 2123 amnes
446 2067 475 2123 at
489 2068 684 2134 constantem,
700 2078 760 2122 uon
771 2061 902 2141 potuisse
917 2061 1021 2124 nisiex
1036 2062 1085 2124 illo
1096 2081 1201 2143 genere
1214 2063 1288 2123 ima-

127 2163 227 2244 ginum
245 2165 335 2240 nasci,
351 2183 427 2246 quae
443 2183 502 2226 nou
518 2173 617 2226 essent
631 2164 779 2240 fortuitae,
796 2165 846 2227 sed
863 2185 898 2227 ex
914 2165 1002 2227 rebus
1024 2166 1099 2227 reris
1119 2170 1206 2246 atque
1221 2184 1289 2227 cor·

127 2267 223 2348 porcis
235 2267 369 2341 emissae,
382 2288 507 2349 quarum
520 2267 648 2348 speciem
661 2267 846 2349 formamque
856 2268 1019 2331 relerentes
1027 2268 1179 2330 notionem
1186 2287 1289 2331 earum

126 2371 283 2433 inanimis
304 2371 461 2435 ellrrment.
501 2371 583 2444 Quod
606 2388 697 2449 quum
718 2379 911 2444 tamennon,
936 2376 970 2433 ut
983 2372 1107 2433 aliarum
1121 2390 1231 2443 rerum,
1246 2371 1290 2433 sic

125 2474 247 2536 deorum
264 2494 382 2556 quoque
399 2474 539 2555 imagines
554 2491 607 2553 par
621 2473 722 2535 oculos
738 2474 972 2554 perciperentur,
994 2475 1064 2537 hinc
1079 2474 1220 2556 consequi
1234 2492 1288 2546 na,-

126 2585 222 2640 turam
238 2597 338 2641 earum
355 2579 441 2658 lunge
457 2596 544 2657 quana
561 2577 675 2638 illarum
691 2577 857 2638 tenuiorem
874 2595 954 2650 esse,
969 2587 1002 2640 ut
1017 2578 1110 2640 oculis
1125 2594 1184 2638 non
1200 2579 1287 2639 affec·

127 2681 165 2742 tis
180 2683 216 2743 aal
230 2681 327 2761 ipsum
349 2682 481 2744 animum
503 2689 657 2761 penetrare
672 2685 794 2760 possent
805 2683 813 2720 ¹
825 2682 865 2755 ⁰).
891 2679 928 2741 tlt
942 2698 979 2741 ne
1000 2681 1036 2742 ab
1051 2681 1149 2743 animo
1166 2680 1287 2761 quidem

127 2802 176 2844 eas
201 2784 321 2865 percipi,
344 2785 402 2846 nisi
429 2802 519 2865 quum
546 2783 571 2844 is
596 2782 675 2845 nulla
704 2782 758 2842 alia
784 2803 826 2855 rc,
853 2801 928 2863 quae
948 2783 1134 2844 lortiuseum
1147 2792 1287 2855 meamet,

128 2896 286 2966 occupatus
301 2896 331 2949 et
344 2887 540 2968 praepeditus,
558 2885 635 2948 allici
649 2902 753 2947 aarum
768 2885 936 2963 incursione
953 2891 983 2945 et
996 2885 1110 2946 moveri
1124 2892 1242 2966 posset,
1257 2886 1288 2947 id

196 3071 220 3135 t)
239 3070 275 3121 Ci.
288 3070 328 3122 Ps.
344 3070 469 3123 Plutarch.
483 3072 591 3138 neptae.
605 3068 665 3136 plril.
678 3069 720 3133 lV,
734 3070 762 3119 ὃς
784 3065 961 3134 Λεύκιππος,
978 3066 1157 3140 Δημόκριτος
1174 3066 1225 3134 τὴν
1241 3073 1285 3121 αλ-

127 3160 232 3218 aliqum
252 3159 298 3207 act
319 3155 370 3220 τὴν
389 3153 632 3224 concorporalem
651 3150 775 3207 εἰδώλων
787 3148 891 3213 ἔξωθεν
904 3151 1095 3225 προσιόντων
1117 3154 1218 3225 μηδενὶ
1230 3153 1285 3224 γὰρ

125 3238 285 3306 ἐπιβάλλειν
303 3242 461 3312 μηδετέραν
477 3244 565 3313 puple
580 3244 635 3292 τοῦ
646 3244 882 3307 προσπίπτοντος
894 3237 1020 3292 εἰδώλου.
1045 3240 1175 3291 Sententia
1187 3241 1287 3306 quidem

126 3328 214 3391 planu
236 3329 281 3378 aetl
297 3328 321 3378 in
338 3329 419 3380 altaro
437 3328 547 3379 membro
566 3327 726 3379 scribendum
738 3341 828 3377 causeo
839 3324 948 3394 poeitae
960 3323 1015 3395 γὰρ
1028 3322 1188 3392 ἐπιβάλλειν
1199 3324 1287 3391 μηδε-

124 3413 199 3479 τέρᾳ.
224 3413 288 3463 Nam
309 3415 375 3465 solet
397 3409 555 3479 ἐπιβάλλειν
571 3429 646 3479 quum
659 3412 690 3462 ab
702 3412 761 3462 aliis
774 3420 827 3462 tum
839 3412 870 3461 ab
882 3411 992 3475 Epicuro
1005 3412 1036 3461 de
1048 3412 1130 3462 animo
1142 3412 1194 3463 dici
1205 3412 1247 3477 qui
1259 3413 1285 3462 in

126 3493 234 3562 aliquam
247 3495 288 3547 vel
302 3497 423 3548 visionem
436 3496 477 3548 vel
490 3498 617 3548 notionem
630 3512 686 3547 sese
699 3496 781 3546 inlicit
793 3505 819 3546 et
832 3496 961 3560 incumbit,
980 3498 1045 3547 nude
1059 3513 1146 3547 nornen
1160 3495 1284 3562 ἓπιρολή,

126 3583 189 3645 qood
203 3580 337 3633 Lucretius
350 3581 384 3646 11,
402 3583 451 3633 739
463 3582 542 3634 latine
555 3592 657 3635 vertens
670 3582 765 3632 animi
783 3581 933 3631 iniectum
946 3582 1016 3632 aicta.
1041 3578 1079 3632 Cf.
1093 3583 1169 3632 etiarn
1183 3582 1285 3633 Selrnei-

124 3667 178 3718 tler.
190 3667 220 3717 ad
234 3666 337 3730 Epicuri
349 3666 458 3734 Physica
471 3683 494 3731 p.
507 3666 549 3718 65.
573 3667 724 3718 Lachmann.
738 3668 768 3718 atl
782 3666 886 3717 Lucrct.
900 3682 923 3730 p.
940 3666 996 3717 tas.

194 3751 219 3813 8)
238 3750 340 3801 lauerat
354 3749 397 3817 lv,
409 3753 470 3802 732:

326 3835 423 3902 Quippe
436 3839 528 3888 elerum
540 3836 618 3888 multo
631 3837 711 3900 magis
723 3838 786 3887 laaec
797 3843 856 3886 sunt
868 3835 955 3887 tenuia
969 3844 1040 3888 textu

327 3937 399 3988 quatu
412 3938 475 3988 quac
489 3924 632 3987 percutiunt
644 3922 731 3972 oculos
745 3922 874 3987 visumque
885 3918 1022 3986 lacessunt,

260 4034 262 4039 ⁴
326 4008 442 4073 corporis
453 4009 516 4059 haec
528 4010 643 4075 quoniam
656 4013 789 4073 penetrant
802 4021 847 4070 per
860 4021 919 4055 rara
934 4006 1049 4074 cientque

325 4101 424 4145 tannem
437 4094 513 4144 animi
526 4100 639 4144 naturam
652 4093 720 4143 intas
733 4106 883 4156 sensumque
895 4091 1031 4142 lacessunt.

210 4180 237 4240 9)
256 4179 292 4229 lta
305 4179 345 4230 his
359 4178 411 4230 ritl.
424 4178 525 4230 Lucret.
539 4177 583 4235 lv,
597 4178 646 4228 130
652 4194 713 4244 sqq,
726 4178 757 4227 (le
769 4176 822 4227 illis
835 4193 859 4227 v.
873 4177 906 4228 36
913 4192 965 4242 sqq.

195 4267 235 4328 llll
254 4265 321 4317 llaec
341 4272 382 4316 est
399 4280 473 4332 quam
491 4264 532 4314 Pa.
545 4264 674 4315 Plutarch.
690 4264 712 4327 1,
726 4264 751 4326 7,
767 4264 796 4313 15
810 4271 836 4314 at
849 4264 950 4313 Stobac.
975 4261 1029 4313 llel.
1045 4266 1066 4327 l,
1079 4278 1102 4327 p.
1116 4263 1162 4314 66:
1184 4263 1283 4314 λεπτο-

123 4353 239 4420 μέρειαν
259 4352 309 4414 τῆς
329 4351 385 4402 acie
403 4348 526 4402 ελδώλων
545 4345 656 4419 φύσεως
667 4349 766 4398 dicunt:
784 4364 929 4415 quamquam
942 4349 1007 4415 quod
1020 4356 1126 4413 propter
1136 4350 1201 4399 hanc
1212 4364 1284 4398 uuam

124 4438 184 4487 aleos
197 4443 293 4487 lantum
304 4433 380 4503 λόγῳ
393 4432 553 4503 θεωρητούς
564 4432 643 4486 lirim
659 4433 756 4496 volunt,
769 4450 818 4484 non
830 4434 1015 4486 concedendum
1028 4442 1076 4485 est.

1019 4514 1083 4577 22*
