3284 5152
700 449 848 547 ..Βὲ

189 641 399 720 doaliisqmm
420 644 604 717 metoparum
624 634 799 717 imaginihus
822 636 956 717 cogitari,
978 653 1069 717 quum
1096 652 1133 696 ne
1153 634 1210 697 hoc
1230 635 1349 716 quidem

188 744 260 806 satis
274 747 399 813 constet,
415 739 506 802 misae
522 737 645 799 omnino
661 738 788 819 Delphici
803 739 906 819 templi
921 745 1054 818 metopas
1075 737 1132 798 hoc
1148 754 1254 817 genere
1276 736 1349 798 ima-

189 848 289 928 ginum
306 850 433 906 ornatas.
461 840 535 901 Nam
552 840 708 902 Pausanias
723 842 760 902 de
773 840 893 921 fastigiis
908 847 1023 901 tantum
1040 838 1150 911 refert,
1167 846 1350 919 metoparum

189 948 298 1010 atulam
315 945 496 1008 mentionem
512 942 587 1004 iacit.
620 942 776 1004 licentem
793 961 852 1024 quo
868 942 967 1004 minus
978 942 1014 1003 de
1025 941 1152 1023 metopio
1164 939 1350 1021 cogitandum

190 1058 290 1132 potem
306 1049 393 1110 etiam
408 1047 482 1107 haec
495 1044 577 1106 chori
593 1045 679 1106 verba
695 1045 901 1119 dehortantur,
927 1062 1003 1125 qnae
1021 1052 1091 1106 sunt
1106 1062 1131 1103 r.
1149 1042 1220 1116 209,
1242 1038 1352 1125 πάντᾳ

189 1171 243 1215 τοι
266 1145 433 1235 βλέφαρον
455 1142 576 1209 διώκω.
604 1147 724 1208 Narnin
745 1165 873 1209 omnes
894 1153 1019 1228 partes
1039 1145 1170 1208 oculos
1191 1161 1351 1206 convcr-

191 1265 271 1316 tere
287 1254 311 1314 is
326 1252 447 1314 demum
463 1258 542 1312 recte
556 1248 612 1311 dici
626 1267 711 1328 posse
725 1248 854 1324 videtur,
870 1250 920 1329 qui
941 1267 989 1310 res
1009 1248 1130 1310 dirersis
1150 1246 1220 1308 locis
1241 1245 1350 1327 positas

191 1356 350 1420 intuituros
365 1352 466 1416 oculos
481 1352 571 1414 modo
587 1352 618 1412 in
634 1350 707 1412 banc
718 1353 808 1414 modo
824 1352 853 1414 in
869 1352 953 1415 aliam
976 1357 1087 1431 partem
1106 1348 1228 1430 dirigere
1248 1348 1350 1422 debet3

191 1466 376 1540 metoparum
398 1464 496 1519 autem
517 1453 658 1535 imagines
677 1472 736 1517 una
756 1455 830 1516 serie
851 1455 960 1536 positas
981 1453 1229 1534 contemplantem
1251 1453 1351 1515 oculos

190 1580 309 1644 quoque
325 1562 354 1623 io
371 1560 493 1622 eandem
510 1558 658 1638 regionem
676 1557 837 1630 intendere,
854 1574 914 1618 non
930 1557 959 1618 in
970 1556 1098 1620 diversas
1112 1567 1211 1640 partes
1222 1559 1349 1622 circum-

188 1667 265 1727 lerre
281 1682 400 1725 necesse
412 1668 465 1723 est.
494 1660 553 1721 lam
569 1677 638 1722 tero
650 1660 675 1721 si
691 1660 756 1741 quis
776 1679 825 1721 me
845 1658 1046 1721 demonstrare
1067 1660 1208 1740 postulet,
1227 1661 1348 1725 ubinam

189 1767 330 1848 imagines
345 1765 409 1826 illac
424 1763 542 1835 inerint,
559 1763 624 1842 plus
639 1763 775 1843 postulet,
795 1780 883 1844 quam
905 1763 935 1823 in
954 1762 1123 1824 huiusmodi
1140 1781 1172 1825 re
1193 1772 1223 1825 et
1244 1764 1274 1827 iu
1297 1766 1351 1828 hac

187 1869 368 1933 scenicarum
384 1865 590 1947 antiquitatum
605 1864 782 1927 obscuritate
797 1871 826 1926 et
840 1865 1044 1927 incertitudine
1058 1866 1259 1946 praestationi
1275 1888 1351 1931 ame

189 1979 239 2034 ant
255 1992 270 2034 a
287 1988 436 2053 quoquam
452 1976 559 2049 potest.
586 1967 643 2028 Sed
657 1967 681 2028 si
697 1966 833 2029 hariolari
848 1967 944 2037 libeat,
961 1967 996 2028 ad
1012 1968 1143 2047 porticus
1158 1969 1282 2033 tortasse
1297 1971 1350 2034 ali-

189 2076 255 2156 quis
270 2074 427 2155 confugiat,
441 2073 562 2134 alteram
583 2070 612 2132 io
634 2069 753 2144 dextra,
773 2070 893 2131 alteram
914 2070 946 2131 io
966 2070 1082 2132 sinistra
1102 2073 1248 2152 proscenii
1267 2082 1350 2154 parte

187 2179 445 2257 repraesentatam,
461 2172 561 2255 quales
576 2179 676 2234 utrum
693 2190 725 2233 re
740 2190 807 2234 vera
821 2190 913 2253 prope
929 2171 1099 2251 delphicum
1120 2175 1263 2256 templum
1286 2176 1349 2239 iuc-

188 2280 247 2342 rint
262 2297 298 2340 en
314 2297 330 2339 a
345 2285 432 2359 poeta
446 2285 561 2338 tantum
574 2275 613 2335 ibi
624 2273 780 2336 collocatae
792 2274 860 2344 sint,
876 2292 1124 2355 supervacaneum
1137 2284 1183 2338 est
1194 2296 1349 2358 quaerere:

187 2381 245 2444 nisi
260 2381 325 2461 quis
339 2381 416 2442 lette
430 2378 546 2441 licuisse
561 2377 656 2457 poetis
673 2387 772 2457 neget,
792 2393 885 2458 quum
906 2395 953 2438 res
973 2377 1120 2441 iabttlnsas
1139 2391 1349 2462 proponerent,

188 2484 320 2545 locorum
334 2500 452 2564 qunque
467 2480 582 2553 faciem,
595 2498 658 2542 cam
676 2489 754 2542 certe
770 2498 859 2560 quaro
889 2497 949 2542 non
969 2481 1092 2542 eandem
1114 2483 1195 2544 omni
1216 2492 1349 2567 tempore

188 2588 278 2649 inisse
294 2592 449 2657 constaret,
465 2585 500 2646 ad
513 2583 626 2645 fabulae
636 2583 777 2664 cuiusque
787 2592 994 2663 argumentum
1004 2592 1034 2645 et
1045 2584 1198 2647 consilium
1210 2605 1347 2649 accomo-

188 2690 265 2752 dare.
296 2689 433 2751 Ceterum
447 2687 477 2749 iu
498 2687 552 2747 hac
574 2685 651 2747 lonis
673 2684 769 2748 labnla
790 2702 855 2747 eam
876 2685 994 2766 quidem
1015 2684 1071 2747 loci
1091 2688 1234 2767 speciem,
1258 2708 1346 2771 quiam

188 2792 249 2874 ipsa
266 2800 379 2865 natura,
394 2806 456 2851 non
471 2787 625 2849 hominum
640 2804 745 2850 manne
759 2788 925 2860 effecerant,
942 2787 1028 2850 etiam
1047 2788 1076 2850 in
1096 2807 1183 2851 scena
1203 2799 1347 2872 qnantum

186 2896 248 2957 lieri
264 2893 393 2976 potuerit
404 2897 653 2971 repraesentatam
665 2908 730 2951 esse
743 2908 803 2951 non
816 2889 933 2963 dubit03
949 2890 1000 2951 sed
1012 2891 1081 2952 illud
1093 2902 1266 2971 quantum
1282 2914 1346 2975 pn·

186 2997 299 3059 tuerit
324 2995 359 3058 iis
372 2992 570 3055 deliniendum
585 2993 728 3072 relinque,
746 2992 796 3073 qui
811 2992 841 3054 in
856 2992 914 3054 hoc
927 3010 1028 3055 rerum
1046 3011 1152 3074 genere
1171 2995 1237 3076 plus
1258 3016 1346 3077 quam

185 3099 251 3160 sciri
266 3119 283 3160 a
298 3098 382 3159 nobie
398 3102 504 3177 potest,
519 3113 583 3156 sese
598 3095 781 3157 tamenscire
792 3094 957 3175 opinantur.
980 3095 1040 3177 Ego
1052 3097 1172 3177 quidem
1183 3118 1217 3161 ca
1231 3108 1346 3161 tautum

186 3219 359 3283 proponam,
373 3217 448 3281 qnae
463 3197 570 3279 partim
586 3216 626 3293 eu¹
637 3204 706 3257 nota
722 3197 828 3259 theatri
842 3206 990 3260 structura
1005 3199 1113 3280 partim
1134 3220 1169 3262 ex
1188 3201 1301 3283 aliquot
1316 3202 1347 3263 iu

187 3304 240 3365 hac
255 3304 351 3365 fabula
367 3300 476 3363 indiciis
492 3299 562 3361 eatis
578 3308 657 3361 certo
673 3299 767 3380 colligi
788 3317 875 3381 posse
897 3300 1044 3373 videntur,
1066 3302 1236 3384 dudumque
1258 3305 1346 3367 etiam

186 3407 223 3469 ab
240 3406 303 3467 aliis
318 3402 466 3486 proposita
480 3408 549 3463 sunt
559 3402 597 3480 i).
629 3401 720 3482 lgitur
733 3402 763 3462 in
777 3418 862 3463 scena
879 3402 995 3480 proprie
1011 3402 1086 3465 dicta
1102 3423 1231 3483 proneus
1246 3406 1345 3487 templi

186 3516 420 3589 repraesentatus
437 3514 498 3566 crat
513 3522 580 3564 cum
597 3503 741 3564 columnis
752 3510 783 3564 et
797 3509 958 3579 aetomate3
971 3522 1042 3566 num
1059 3506 1128 3587 quid
1143 3509 1220 3570 aliud
1233 3519 1347 3588 praeter

185 3628 340 3691 pronaum,
351 3608 465 3670 nescio:
478 3624 546 3667 nam
559 3605 608 3686 qui
620 3605 772 3685 obliquum
784 3612 835 3668 aut
843 3606 1070 3688 seminloliquum
1082 3611 1183 3690 templi
1194 3620 1345 3689 aspectum

184 3714 274 3776 ltaisec
290 3711 401 3783 volunt,
417 3715 450 3769 nt
461 3708 537 3770 latus
552 3725 670 3789 quoque
681 3708 881 3786 spectantibus
897 3709 1059 3785 offerretur,
1076 3711 1147 3772 nihil
1162 3713 1218 3774 nisi
1230 3713 1344 3792 praeiu-

183 3816 307 3879 dicatum
325 3813 361 3874 de
375 3811 501 3890 metopis
516 3809 683 3889 opinionem
699 3817 877 3891 sequnntur,
898 3811 949 3893 qui
969 3822 1067 3875 autem
1088 3814 1178 3876 etiam
1200 3814 1344 3878 convalet

183 3916 324 3999 quasdam
343 3925 431 3995 atque
445 3913 556 3974 laureta
570 3912 754 3986 addiderunt,
770 3922 886 3994 praeter
899 3914 1103 3978 necessitatem
1118 3915 1251 3979 liberales
1265 3928 1343 3980 eunt.

185 4020 242 4081 Sed
257 4020 286 4082 in
302 4015 477 4099 parasceoiis
492 4014 569 4076 -si
584 4014 650 4075 licet
665 4014 723 4078 ltoc
737 4016 857 4076 nominc
872 4016 914 4077 uti
930 4017 966 4078 de
988 4016 1101 4079 duabus
1124 4021 1269 4098 proscenii
1291 4040 1343 4100 pa-

183 4121 315 4193 rietibus,
331 4122 360 4182 in
373 4119 479 4199 quibam
494 4118 636 4197 periactec
651 4123 743 4189 eraut,
761 4151 801 4161 -
816 4126 866 4181 aut
877 4119 1007 4199 porticus
1022 4120 1094 4184 duaa
1114 4128 1163 4183 aut
1177 4122 1231 4184 alia
1252 4142 1342 4204 quae-

307 4278 386 4285 -..ι-«ιι

252 4355 277 4419 t)
289 4355 327 4408 ct.
342 4356 479 4423 Wieseler,
491 4358 516 4408 in
529 4354 617 4407 douai·
632 4355 690 4422 plull.
703 4361 730 4405 at
741 4354 811 4419 pand.
826 4354 876 4408 vol.
890 4358 921 4407 '15
935 4357 1021 4424 (laet)
1035 4373 1058 4423 p.
1072 4358 1131 4408 ata.
1143 4367 1170 4410 et
1182 4357 1304 4424 (ioppen-t,
1317 4362 1340 4412 d.

183 4441 314 4506 altgriech,
328 4443 412 4494 anuos
424 4458 447 4507 p.
462 4442 519 4495 ill.
