3276 5144
152 645 256 726 quovis
270 644 350 707 verbi
365 645 465 717 modo,
481 653 569 727 atque
583 645 671 709 etiam
688 662 755 707 oum
773 645 916 707 infinitivo
931 645 1073 720 construi,
1090 644 1139 725 qui
1151 645 1237 728 plane
1247 646 1316 708 nul·

150 748 207 809 ism
224 747 313 809 habet
327 748 505 810 modatitatis
520 749 770 827 significationem.
798 749 900 829 Neque
915 748 1071 828 corrigitur
1084 766 1168 810 error
1182 768 1218 811 eo
1234 748 1315 830 quod

151 850 284 912 additum
299 856 345 911 est
358 843 509 912 assatos
524 870 543 934 η
560 847 710 929 μερικῶς,
734 869 793 931 quo
809 850 1010 913 additamento
1026 851 1222 913 admonemur
1235 851 1315 914 scidi-

152 959 199 1014 oet
217 953 269 1014 alia
291 951 426 1014 adverbia
448 953 585 1013 omnibus
605 953 660 1014 alia
682 970 742 1014 non
757 952 813 1013 nisi
828 953 916 1014 certis
931 951 1106 1032 quibusdam
1123 953 1219 1015 modis
1233 955 1315 1017 verbi

119 1101 120 1105 ,
152 1055 323 1118 convenire:
347 1055 425 1117 aliud
447 1062 493 1115 est
510 1056 591 1116 enim
615 1056 771 1116 convenire
786 1056 815 1115 h.
832 1074 857 1118 ε.
873 1054 1005 1117 construi
1021 1073 1089 1116 cum
1106 1055 1201 1117 modis
1215 1074 1316 1137 posse,

152 1157 230 1220 atiud
256 1166 354 1220 autem
381 1158 494 1221 edicere
515 1158 623 1239 aliquid
643 1158 680 1219 de
701 1158 806 1227 modis,
832 1155 1025 1240 κατηγορεῖν
1045 1153 1109 1217 τῶν
1130 1151 1315 1238 ἑγαλίσεων,

152 1278 248 1339 neque
272 1261 356 1322 atiam
385 1262 423 1323 ob
449 1281 567 1324 eausam
595 1262 640 1323 iiia
663 1272 737 1343 quae
757 1260 816 1321 dixi
831 1259 965 1322 adverbia
981 1277 1048 1319 cum
1066 1259 1204 1322 omnibns
1218 1261 1316 1324 modis

152 1362 283 1423 construi
299 1370 433 1442 possunt,
450 1382 538 1443 quam
555 1363 633 1442 quod
649 1381 710 1424 uon
726 1363 760 1424 ad
777 1362 977 1425 modalitatem
990 1361 1209 1435 enuntiationis,
1225 1382 1317 1446 quam

153 1465 234 1525 modi
249 1465 384 1537 indicant,
408 1466 459 1527 sed
480 1472 597 1527 tantum
619 1465 827 1537 adactionem,
849 1482 923 1544 quae
944 1464 975 1525 in
991 1463 1093 1544 quovis
1109 1465 1199 1526 modo
1214 1467 1316 1529 eadem

153 1574 208 1638 est,
224 1567 266 1627 sis
281 1585 384 1628 eorum
400 1567 544 1646 pertinet3
560 1585 688 1647 quorum
704 1575 802 1630 autern
818 1567 860 1628 vis
872 1566 908 1628 ad
924 1566 1123 1627 modatitatem
1137 1568 1316 1632 enuntiatio·

151 1668 198 1730 nis
212 1668 346 1749 pertinet,
364 1668 458 1748 qualia
471 1677 542 1731 sunt
554 1688 629 1749 quae
641 1662 744 1753 εὐχῆς,
760 1662 1037 1749 παρακελεύσεως,
1055 1659 1316 1750 ἀπαγορεύσεως,

152 1765 373 1851 βεβαιώσεως,
398 1763 557 1851 sinceriori
582 1767 768 1854 opponenti
792 1772 940 1844 dicuntur,
966 1771 1038 1833 haec
1058 1779 1179 1851 apparet
1198 1790 1265 1834 cum
1281 1772 1317 1837 iis

153 1881 268 1934 tantum
288 1873 446 1935 uerborum
469 1874 565 1934 modis
588 1874 721 1935 construi
735 1893 833 1954 posse,
860 1875 909 1954 qui
925 1873 1024 1953 stipsi
1039 1873 1077 1936 ab
1092 1874 1220 1955 optandi,
1244 1875 1316 1938 hor-

153 1975 244 2049 tandi,
259 1974 384 2046 vetandi,
406 1974 579 2047 affirmandi,
597 1974 750 2036 dubitandi
764 1974 976 2055 significatione
991 1994 1050 2037 uon
1070 1975 1266 2039 abhorreant¹
1276 1975 1316 2057 ΙΙ.

152 2077 243 2158 idque
259 2075 346 2138 etiam
364 2076 460 2155 ipsum
477 2075 663 2155 apollonium
680 2094 741 2136 non
755 2077 865 2155 fugisse
879 2096 916 2138 ex
931 2078 966 2138 iis
978 2084 1106 2158 apparet,
1123 2096 1198 2158 quae
1211 2097 1242 2159 p.
1254 2079 1316 2142 533

152 2180 188 2241 ds
204 2169 274 2257 άγο,
297 2197 385 2258 quem
404 2178 610 2258 imperativum
633 2180 785 2239 communi
804 2198 872 2240 cum
888 2179 991 2240 ceteris
1005 2180 1201 2259 grammaticis
1216 2198 1316 2243 arrosa

152 2282 184 2343 in
198 2281 340 2343 adverbiis
361 2289 506 2352 numerat,
530 2286 560 2342 et
584 2280 822 2355 (damastrin,
840 2283 859 2342 6
874 2298 903 2361 p.
920 2280 994 2359 204)
1015 2280 1124 2343 dehoc
1139 2281 1242 2344 eodem
1259 2271 1318 2361 άγε

152 2391 182 2447 et
196 2384 231 2446 de
248 2373 332 2456 εἴθε,
348 2382 495 2455 adverbio,
508 2390 543 2443 ut
557 2383 607 2455 ait,
624 2384 752 2464 optandi,
772 2384 898 2455 disserit,
921 2401 1015 2464 quum
1030 2382 1102 2445 haec
1116 2377 1317 2468 σημαινόμε-

151 2506 207 2549 νον
222 2479 395 2567 ἐγκλίσεως
416 2478 643 2563 ἐπιδέχεσθαι
664 2486 741 2555 dicit,
758 2486 837 2567 quod
855 2486 924 2566 quid
939 2492 986 2547 est
1000 2485 1086 2558 aliud,
1104 2504 1193 2565 quam
1208 2487 1317 2550 habere

152 2609 185 2652 ea
200 2588 378 2650 modaiitatis
399 2586 668 2667 significationem?
695 2589 809 2650 Rursus
831 2596 930 2650 autem
953 2588 1027 2650 nihil
1049 2587 1084 2649 ad
1100 2589 1261 2665 modorum
1275 2590 1317 2651 si-

151 2691 366 2772 gnificationem
376 2691 525 2770 pertinent
534 2708 577 2763 ea,
588 2682 913 2770 ιμιεεσχετλιαστικά,
925 2683 1092 2760 eviscerari,
1101 2686 1319 2770 θανμαστικά

153 2794 300 2863 dicuntur,
316 2810 443 2873 quorum
456 2793 552 2854 omnis
564 2793 607 2853 vis
622 2793 653 2854 in
664 2812 700 2854 eo
713 2801 838 2866 constat,
850 2799 885 2854 ut
898 2793 947 2873 qui
960 2792 994 2853 iis
1006 2794 1099 2854 utitur
1110 2792 1315 2873 indignatione,

152 2894 343 2957 admiratione
363 2901 413 2956 aut
438 2894 526 2957 simili
548 2895 644 2975 aliquo
666 2896 771 2959 atiaotu
786 2914 817 2957 se
833 2900 1017 2958 commotum
1032 2896 1317 2977 esseosrendat12).

152 2997 230 3059 Haec
244 2998 275 3057 in
289 2996 431 3057 adverbiis
445 3003 601 3076 propterea
616 3005 735 3060 tantum
750 2997 900 3060 numerari
915 3003 1085 3077 potuemat,
1107 2997 1186 3077 quod
1208 3004 1238 3060 et
1255 2999 1317 3079 ipsa

151 3100 251 3162 itidem
268 3108 355 3179 atque
369 3099 522 3180 superiora
542 3099 601 3162 duo
621 3119 727 3181 genera
744 3103 826 3183 quasi
844 3100 985 3180 quaedam
1001 3099 1153 3162 additione
1167 3101 1318 3179 praediea·

152 3210 252 3265 torum
272 3200 432 3282 particulae
455 3209 553 3263 essent
573 3222 608 3264 ac
628 3205 799 3286 saepissimo
814 3222 882 3265 cum
899 3202 994 3264 verbis
1009 3202 1222 3282 proferrentur.
1251 3203 1330 3266 Nou·

156 3305 283 3366 defuisse
299 3312 399 3366 tamen
413 3306 490 3367 inter
502 3305 637 3378 Graecos,
654 3309 703 3387 qui
719 3308 872 3368 eximenda
887 3324 921 3367 ea
933 3325 966 3366 er
978 3304 1181 3368 adverbiorum
1192 3324 1318 3369 numero

156 3409 327 3478 iudicarent,
350 3428 386 3469 ex
405 3407 559 3487 Apollonio
580 3428 609 3487 p.
626 3409 684 3469 531
704 3430 748 3491 sq.
765 3408 967 3487 cognoscitur3
993 3407 1101 3488 quibus
1121 3425 1196 3487 quae
1210 3409 1246 3470 ab
1262 3410 1319 3472 hoc

157 3517 349 3590 opponantur
368 3517 468 3588 arguta
485 3510 611 3572 forsitan
630 3511 686 3573 dici
707 3512 833 3591 possint,
855 3528 923 3571 rere
944 3509 1000 3571 dici
1014 3528 1076 3572 non
1089 3519 1225 3590 possunt.
1253 3506 1318 3595 Μή

158 3630 242 3673 ποτε
268 3606 314 3687 δέ,
339 3612 444 3691 inquit,
470 3605 529 3671 καὶ
555 3602 640 3672 αὐτὰ
667 3606 805 3691 δονάμει
830 3602 901 3674 άπὸ
925 3605 1113 3685 διαθέσεως
1137 3609 1320 3696 ρηματικῆς

120 3724 123 3735 “
158 3705 344 3795 ἀνάγονται·
368 3704 400 3775 ολ
423 3707 484 3792 γάρ
499 3707 743 3789 σχετλιάζοντες
760 3707 970 3785 πεπόνθασι,
991 3708 1031 3776 τὸ
1048 3708 1086 3776 δὲ
1100 3713 1229 3775 παθεῖν
1242 3710 1319 3776 πεῖ-

157 3809 271 3898 οἱνΙΙ)
293 3836 368 3878 τινα
382 3812 446 3877 τῶν
467 3806 502 3876 ἐκ
518 3807 714 3897 πράγματος
729 3811 832 3900 δηλοῖ.
852 3815 880 3877 h.
899 3836 924 3877 e.
941 3814 1022 3877 ride
1037 3822 1158 3877 tamen
1173 3832 1215 3878 ue
1230 3817 1319 3879 haec
1371 3826 1372 3829 ’

230 3952 269 4016 18)
288 3952 435 4004 Huiusmodi
447 3951 569 4004 adverbia
580 3953 611 4003 ad
624 3951 729 4019 copulae
741 3954 826 4018 potius
838 3953 896 4017 vim,
910 3968 972 4020 quas
985 3953 1011 4004 ia
1022 3952 1102 4004 verbo
1113 3953 1189 4017 inest,
1201 3968 1274 4019 quom
1286 3954 1318 4007 ad

159 4038 268 4090 aetionis
285 4039 413 4090 uodonem
430 4038 558 4104 pertinens
570 4039 619 4088 iam
632 4038 675 4090 otii
693 4047 856 4103 monuerunt,
873 4053 965 4107 resque
980 4036 1112 4090 muiiorta
1129 4044 1180 4105 ost,
1196 4039 1319 4106 siquidem

158 4127 234 4176 ctiam
247 4125 379 4175 modalitas
391 4125 417 4174 in
430 4124 528 4187 copula,
541 4138 589 4172 nou
602 4123 627 4174 io
641 4124 749 4176 sationis
762 4125 864 4177 notione
875 4125 958 4190 posits
971 4130 1018 4175 ast.
1044 4122 1082 4176 Ci.
1096 4121 1201 4188 Gnoson,
1219 4125 1318 4176 obscrr.

159 4210 281 4261 demodis
294 4210 375 4273 verb,
388 4210 413 4260 in
426 4210 482 4259 Act·
495 4223 547 4258 soc.
560 4223 645 4273 grase.
660 4208 681 4259 ΙΙ
692 4224 717 4274 p.
730 4210 788 4263 360.

230 4295 271 4358 19)
288 4293 326 4346 Gi.
344 4294 422 4345 schol.
440 4295 544 4362 Dionys.
562 4308 585 4357 p.
599 4294 661 4345 946:
677 4291 760 4364 ὁγὰρ
773 4290 949 4363 λυπούμενος
962 4288 978 4360 ἢ
990 4292 1153 4367 δυσφορῶν,
1170 4294 1258 4364 λέγειν
1269 4296 1318 4360 (sic

159 4397 210 4433 sor.
222 4395 269 4445 pro
282 4382 364 4450 λέγει)
375 4382 468 4445 ταῦτα,
479 4376 530 4445 τὴν
542 4380 609 4449 περὶ
623 4377 708 4433 αὑτὸν
718 4377 810 4451 μόνον
821 4384 917 4433 natare
928 4375 1090 4449 doripetron.

227 4465 271 4530 20)
289 4466 332 4517 Sic
343 4481 389 4531 pro
401 4466 470 4530 vulg.
483 4469 582 4519 πίστιν
590 4467 749 4519 scribendum
760 4482 817 4518 essa
826 4467 961 4520 verissimo
969 4466 1151 4519 animadvortit
1160 4466 1320 4519 doctissimus
