3178 5136
160 1509 213 1597 llll
232 1508 523 1604 dGGUSleVO
544 1509 838 1603 PRONOlllNllli
862 1512 1220 1606 SIGNlFlCdTlONE

468 1668 660 1764 crustu
682 1670 923 1765 USURPATO.

185 1945 217 2023 in
236 1962 393 2024 tractanda
417 1962 605 2041 grammatica
625 1980 729 2042 graeca
748 1978 810 2024 non
829 1963 878 2025 diu
898 1974 943 2026 est
962 1982 1052 2044 quum
1076 1964 1209 2044 priorum
1229 1963 1305 2032 siaa

121 2062 216 2136 relicta,
231 2063 346 2144 quibus
362 2065 461 2125 omnis
474 2064 588 2144 liuguae
602 2064 730 2144 cognitio
746 2082 802 2124 usu
818 2066 911 2143 magis
926 2075 954 2125 et
969 2065 1172 2126 observatione
1186 2083 1274 2144 quam

121 2164 220 2227 ratione
234 2174 264 2228 et
278 2166 470 2245 intelligentia
481 2167 623 2229 contineri
634 2166 792 2240 videbatur,
807 2165 986 2228 subtiliorem
999 2165 1168 2247 disputandi
1183 2165 1274 2227 ratio-

121 2284 178 2326 nem
191 2268 358 2341 instituere,
372 2284 468 2348 neque
483 2269 579 2331 solum
595 2268 663 2351 quid
679 2270 823 2330 diceretur
838 2288 854 2329 a
870 2267 997 2339 Graecis,
1017 2266 1068 2329 sod
1085 2266 1171 2328 etiam
1187 2285 1275 2348 quam

122 2366 154 2427 ob
170 2386 286 2432 causam
310 2369 439 2450 quidque
458 2381 508 2433 aut
528 2371 646 2434 deberet
664 2372 720 2434 diei
739 2381 789 2435 aut
813 2374 923 2445 liceret,
949 2372 1111 2435 accuratius
1137 2388 1275 2451 quaerere

26 2498 28 2549 5
121 2472 275 2551 coepimus:
293 2490 354 2552 qua
369 2471 399 2534 in
414 2472 565 2553 disciplina
580 2493 672 2555 quum
687 2476 776 2537 multa
792 2475 849 2537 iarn
861 2496 877 2536 a
889 2475 989 2536 multis
1002 2474 1147 2537 subtiliter
1161 2473 1274 2535 inventa

121 2573 294 2654 etexplicata
312 2574 381 2649 sint,
397 2583 508 2637 restant
522 2585 618 2638 umen
633 2596 696 2639 non
710 2596 813 2660 pauca,
829 2577 986 2659 dequibus
1002 2578 1086 2657 vulgo
1103 2584 1153 2638 aut
1167 2573 1275 2653 ambigi

121 2674 188 2736 solet
207 2686 257 2738 aut
276 2675 379 2738 rninus
398 2685 475 2738 reete
494 2679 639 2742 statuitur.
679 2680 721 2742 Er
741 2681 799 2751 boc
817 2698 921 2760 genere
939 2696 1031 2741 unum
1052 2697 1131 2740 nunc
1152 2676 1277 2740 breviter

26 2776 28 2789 ¹
121 2786 231 2840 tractare
245 2779 367 2859 placuit,
382 2794 469 2841 usum
486 2780 696 2859 pronominum
713 2800 787 2864 quae
802 2782 966 2845 accusativo
978 2800 1048 2842 casu
1062 2779 1158 2861 posita
1174 2797 1276 2840 causae

26 2934 28 2959 ,
122 2888 146 2939 et
162 2881 268 2943 radoni
290 2878 411 2944 aliudue
430 2881 471 2943 rei
490 2882 659 2945 indicandae
683 2885 858 2946 inserviunt:
884 2884 960 2946 velut
982 2900 1072 2962 quum
1096 2876 1202 2957 τοῦτο,
1228 2873 1275 2956 τό,

120 2978 216 3045 ταῦτα
231 2995 407 3065 propterea,
429 2978 465 3046 τί
483 2991 580 3047 autern
596 3004 650 3047 cor
665 2985 827 3066 significare
842 2986 954 3048 dicitur.
995 2984 1079 3047 liune
1093 2982 1171 3044 enim
1188 3000 1275 3044 usum

121 3102 202 3163 quum
216 3094 332 3147 veteres
348 3084 526 3165 grammatici
541 3088 617 3149 baud
633 3088 713 3150 aliter
727 3087 863 3169 explicari
878 3106 968 3166 posse
982 3086 1139 3157 crederent,
1155 3084 1210 3147 nisi
1223 3102 1277 3163 per

121 3186 226 3267 elipsin
236 3188 467 3268 praepositionis
479 3183 539 3250 did
551 3189 727 3267 piusmot.
739 3188 931 3267 adbristopb.
941 3186 1051 3249 Nubv.
1062 3184 1134 3248 334.
1150 3186 1275 3247 lebam.

121 3308 143 3349 r.
157 3290 206 3353 tu.
230 3290 367 3370 Apollon.
382 3290 418 3351 de
432 3290 549 3372 syntax.
564 3308 594 3371 p.
604 3290 665 3354 285
678 3292 755 3372 Sylb.
768 3294 794 3367 ¹)
810 3289 931 3371 Gregor.
944 3289 1074 3351 Corinth.
1091 3289 1127 3349 de
1142 3288 1206 3350 dial.
1218 3288 1276 3348 btt.

122 3394 147 3463 l.
157 3390 214 3469 Vl.)
229 3410 322 3473 eaque
336 3391 487 3471 explicatio
502 3393 589 3455 etiam
604 3414 619 3455 a
634 3393 845 3457 recentioribus
861 3393 1044 3473 probaretur,
1059 3392 1134 3452 velut
1149 3389 1275 3452 abamb.

124 3492 205 3554 bosio
220 3494 259 3555 de
273 3492 365 3573 ellips.
380 3511 410 3572 p.
426 3492 498 3566 676,
514 3495 627 3574 primus
643 3515 706 3557 eam
724 3495 833 3577 sprevit
847 3495 1031 3557 Godoiredus
1045 3492 1230 3555 Hermannus
1246 3493 1276 3553 in

124 3594 187 3657 diss.
202 3596 240 3658 de
256 3594 349 3676 ellipsi
363 3602 393 3657 et
406 3595 579 3676 pleonasmo
594 3616 623 3677 p.
643 3598 713 3660 169.
751 3597 860 3677 Opusc.
876 3606 948 3658 tom.
963 3595 985 3658 l.
1002 3617 1030 3678 p.
1050 3595 1118 3667 198,
1135 3594 1277 3674 aliamque

124 3698 277 3771 rationem,
292 3697 317 3759 si
333 3714 394 3759 non
408 3698 596 3769 deteriorem,
613 3709 641 3761 at
654 3718 716 3761 non
731 3717 802 3761 sane
817 3698 909 3760 mrdto
923 3698 1074 3759 meliorem
1091 3705 1275 3759 commentus

125 3810 174 3863 est
200 3801 274 3862 Nam
288 3808 445 3881 postquam
461 3802 616 3877 concessit,
631 3802 686 3865 ista
701 3800 876 3883 pronomina
891 3801 1062 3882 plerumque
1073 3796 1276 3860 adverbiomm

128 3958 213 3967 α».-
236 3961 347 3967 -.-...-.

192 4047 213 4111 i)
233 4044 355 4114 Cor-rupta
373 4052 414 4097 est
429 4045 478 4096 loci
495 4046 619 4113 scriptura
635 4061 674 4113 ap.
688 4044 771 4114 Sylb.;
790 4043 907 4111 numquid
921 4041 1058 4109 notkerus,
1072 4047 1099 4091 ct
1110 4056 1158 4107 qna
1171 4042 1277 4108 radone,

128 4133 256 4184 nutaverit
267 4133 361 4196 nescio,
374 4147 447 4198 qnnm
459 4132 532 4182 buius
545 4132 583 4181 cd.
597 4147 644 4181 non
658 4139 759 4198 praesto
769 4131 810 4181 sit.
822 4130 933 4196 Apparet
941 4134 1023 4178 nutem
1035 4142 1080 4193 pro
1090 4126 1128 4192 τῷ
1140 4126 1187 4176 nol
1200 4113 1278 4178 οὗτοι

130 4214 212 4271 πολὺν
218 4214 326 4289 χρόνον
337 4246 371 4255 -
381 4217 513 4283 legendnm
525 4232 582 4267 case
595 4210 626 4266 τὸ
639 4216 684 4267 καὶ
696 4211 758 4268 οὔτι
770 4210 862 4269 πολὺν
867 4207 974 4284 χρόνον
984 4209 1110 4281 ἔμπεδον
1121 4204 1177 4276 ἦεν,
1189 4213 1276 4262 citari-

130 4316 174 4366 que
188 4319 231 4371 pro
248 4303 363 4371 exemplo
379 4318 465 4369 praep.
483 4297 530 4352 διὰ
548 4301 654 4353 omissae
671 4302 753 4355 iocum
772 4301 841 4352 Hom.
859 4298 928 4349 lliad.
945 4297 1005 4364 llll,
1018 4297 1046 4357 ll,
1064 4311 1112 4361 quo
1125 4296 1199 4346 etiem
1211 4296 1279 4345 alter

133 4388 341 4453 Apollonidenses
354 4395 395 4439 est
406 4387 470 4438 Lex.
485 4387 553 4437 liora.
565 4403 588 4454 p.
602 4386 660 4437 656.
