3154 5138
686 442 748 506 317

138 638 193 703 tur,
209 586 313 692 dintne
327 629 410 693 beati
425 638 456 693 et
469 630 587 704 aewini,
602 629 722 693 iudicari
737 648 754 692 a
769 629 855 691 nohis
870 647 932 692 uon
946 648 1050 712 posse,
1062 629 1121 692 nisi
1136 630 1207 707 hoc,
1227 650 1300 712 qurae

140 732 176 795 sit
187 733 273 796 beata
287 740 319 796 et
332 740 452 796 aeterna
465 743 579 808 natura,
593 732 652 795 hm
666 743 734 795 ante
749 732 898 811 cognitum
913 730 1080 795 habeamus.
1107 732 1300 797 Scribendum

140 836 225 917 igitur
240 854 364 899 ocnseo:
385 834 666 916 intelligentiam
681 852 820 914 capere,
842 854 927 915 quae
941 835 988 897 sit
1006 843 1041 897 et
1058 835 1181 898 beatae
1200 846 1299 901 uatu-

140 958 197 1002 rae
219 949 254 1002 et
275 946 457 1009 aeternae,
477 939 507 1000 h.
529 957 555 1000 e.
577 957 641 1000 cam
664 938 789 1000 deorum
804 938 1034 1018 intelligentiam,
1056 957 1130 1020 quse
1149 938 1250 1003 beatae
1271 950 1301 1003 et

140 1050 272 1105 acernae
286 1049 408 1104 naturae
422 1040 543 1104 notione
559 1047 687 1103 consto:
708 1030 843 1117 ἔννοιαν,
858 1031 932 1125 ἥτις
945 1034 1019 1104 ἐστὶ
1032 1033 1198 1127 μακαρίας
1210 1038 1300 1118 τινὸς

138 1140 198 1207 καὶ
217 1135 401 1231 ἀφθάρτου
420 1135 559 1229 φύσεως.
593 1143 636 1205 lta
655 1142 713 1205 hoc
731 1142 801 1205 dicit
815 1141 973 1223 Epicurus:
997 1145 1155 1226 imaginum
1173 1145 1299 1208 istarum

139 1248 257 1310 assidua
277 1245 526 1326 contemplatione
544 1247 667 1307 deorum
688 1253 810 1308 naturae
829 1245 1047 1326 intelligentiam
1067 1246 1128 1311 sire
1146 1249 1299 1311 notionem

138 1358 170 1412 ut
179 1350 284 1413 heatae
295 1356 467 1412 etaeteruae
477 1347 583 1411 animis
594 1348 707 1410 nostris
718 1348 881 1410 informari.
898 1348 980 1411 ldem
992 1349 1069 1413 enim
1081 1349 1297 1430 intelligentium

138 1460 226 1534 atque
247 1451 401 1514 notionem
425 1470 491 1513 esse
513 1458 636 1514 constat.
671 1450 734 1513 Vid.
754 1453 790 1514 de
808 1450 896 1532 hegg.
916 1451 941 1524 l,
960 1450 990 1524 9,
1011 1452 1052 1514 26
1071 1451 1140 1533 ibiq.
1160 1453 1298 1529 Turueb,

137 1555 205 1617 add.
222 1573 248 1617 c
267 1555 316 1628 10,
332 1553 383 1617 39.
399 1553 451 1627 22,
467 1553 517 1615 59.
548 1553 649 1635 'l'opic
666 1573 690 1615 c.
707 1555 736 1628 5,
750 1554 801 1615 27.

224 1655 295 1737 Cap.
312 1656 397 1731 XXV,
413 1658 464 1718 70.
492 1656 588 1719 Nihil
603 1658 728 1718 horum
743 1656 813 1718 uisi
828 1655 972 1718 callide:
993 1657 1191 1736 graviorem
1206 1659 1297 1721 enim

1 1821 2 1828 ,
136 1760 280 1841 plagam
295 1757 505 1839 accipiebat,
527 1767 563 1821 ut
577 1758 746 1821 leviorem
766 1757 966 1838 repelleret
995 1760 1097 1822 blerito
1113 1759 1298 1824 lleiudortius

135 1862 271 1944 primum
286 1860 451 1923 membrum
466 1861 597 1924 vitiatum
612 1880 677 1923 esse
691 1859 839 1934 iudicarit,
858 1878 917 1940 quo
933 1862 983 1942 qui
1001 1863 1148 1926 laudatum
1163 1883 1217 1944 per
1235 1865 1299 1927 iro·

135 1966 218 2027 niam
233 1964 394 2045 Epicurum
409 1964 543 2038 credunt,
561 1962 657 2043 utqui
673 1962 718 2025 illu
734 1963 844 2036 omnia,
863 1982 936 2044 quae
950 1964 976 2026 ei
991 1964 1104 2027 obiecta
1122 1975 1219 2041 erant,
1239 1966 1298 2029 cal·

135 2067 195 2129 lide
206 2066 320 2141 dixen’t,
335 2083 396 2128 uon
408 2065 478 2128 satis
490 2073 671 2147 reputarunt,
686 2064 722 2127 ab
734 2065 904 2128 huiusmodi
915 2066 1058 2129 sententia
1074 2068 1298 2131 conditionalem

137 2168 380 2232 coniunctionem
400 2168 471 2229 uisi
488 2186 614 2249 prorsus
634 2167 756 2230 alienam
771 2187 845 2230 esse.
875 2168 906 2229 ld
922 2168 1109 2248 intelligemur,
1131 2171 1156 2231 si
1175 2170 1298 2250 expleas,

135 2273 179 2334 uti
203 2272 304 2345 debet,
324 2270 525 2351 loquutionem
545 2271 576 2332 iu
595 2271 675 2333 huuc
693 2269 830 2332 modum:
851 2270 939 2332 nihil
959 2271 1083 2333 horum
1103 2271 1207 2347 dixit,
1228 2273 1298 2334 uisi

136 2373 269 2436 callide
289 2372 391 2447 dixit3
417 2374 495 2454 quod
516 2373 585 2454 quid
604 2381 651 2435 est
669 2372 746 2435 aliud
766 2390 870 2453 quam:
891 2373 921 2434 si
941 2374 1022 2454 quid
1046 2374 1171 2436 horum
1197 2374 1298 2449 dixit,

136 2477 206 2539 hoc
221 2474 348 2538 callide
366 2474 468 2549 dixit,
488 2482 538 2537 aut
556 2475 673 2538 inverso
693 2475 809 2537 ordine:
829 2474 901 2537 nisi
923 2477 1004 2557 quid
1027 2477 1153 2541 horum
1173 2477 1298 2540 callide

136 2578 249 2651 dixit,
268 2577 358 2639 nihil
373 2576 474 2652 dixit,
498 2584 547 2640 aut
566 2577 668 2640 edam:
686 2577 776 2639 nihil
795 2578 919 2639 horum
941 2579 1030 2640 dixit
1048 2588 1296 2660 praeterquam

136 2681 167 2743 si
187 2680 317 2745 callide
335 2677 448 2742 dixit?
473 2679 560 2760 Atqui
581 2679 651 2741 dixit
669 2679 813 2760 Epicurus
832 2679 939 2743 horum
960 2680 1087 2762 quidvis:
1108 2681 1167 2743 hoc
1186 2690 1297 2744 certum

136 2792 194 2859 est,
209 2802 268 2847 uec
282 2791 427 2856 mutatur,
446 2782 507 2844 sive
521 2782 648 2845 callide
664 2782 723 2843 sire
738 2800 823 2844 secus
839 2782 917 2845 dixit
946 2784 1005 2846 lsta
1020 2792 1131 2856 autem,
1152 2802 1239 2864 quem
1259 2783 1298 2846 illi

134 2887 249 2961 volunt,
269 2886 379 2948 horrica
394 2886 538 2948 sententia
553 2904 608 2965 pro
624 2884 811 2947 conditionali
830 2886 1035 2948 coniunctione
1051 2885 1213 2966 simplicem
1227 2905 1296 2967 par·

135 2990 255 3053 ticulam
271 2987 434 3069 negativam
448 2985 627 3069 postulabat:
648 2985 737 3048 nihil
751 2987 879 3051 horum
895 3006 964 3050 non
985 2988 1119 3051 callide.
1149 2987 1297 3051 Hactenus

134 3093 227 3173 igtur
240 3090 412 3154 lleindurfio
427 3090 587 3153 assentior:
605 3089 839 3152 emendationem
855 3091 917 3155 eius
931 3091 1058 3172 probare
1080 3109 1141 3154 uon
1159 3110 1294 3171 possum.
1312 3104 1345 3157 ta

133 3194 232 3257 Scribi
247 3192 327 3256 enim
342 3193 446 3256 voluit:
461 3192 552 3255 nihil
565 3192 689 3255 borum
705 3191 771 3254 viri
785 3193 887 3256 valde
902 3193 1031 3256 callidi.
1060 3194 1297 3275 istucequidem

131 3297 203 3359 riri
224 3293 328 3359 ascivit
345 3315 362 3358 e
377 3296 558 3376 Glogavieusi
577 3312 647 3370 suo,
666 3293 697 3356 iu
716 3314 775 3376 quo
796 3304 866 3376 post
883 3297 970 3359 rerba
988 3295 1077 3359 nihil
1095 3294 1221 3359 horum
1240 3297 1299 3359 hoc

129 3401 234 3463 solum
254 3397 373 3478 legitur,
394 3397 459 3461 sine
477 3397 611 3461 adverbio
631 3406 682 3460 aut
700 3398 853 3460 adiectiro:
878 3399 975 3462 ualde
994 3407 1091 3461 autem
1110 3417 1145 3461 ex
1163 3398 1297 3479 plurimis

127 3501 300 3575 codicibus,
315 3500 345 3562 iu
360 3501 467 3582 qubus
481 3501 599 3581 legitur:
616 3499 708 3562 nihil
721 3501 848 3563 horum
862 3502 934 3564 uisi
949 3501 1058 3575 valde3
1073 3500 1222 3563 Palatinus
1238 3518 1296 3563 seo.

126 3607 258 3686 duoque
273 3602 320 3666 alii
334 3622 390 3684 pro
404 3604 503 3667 ualde
516 3604 625 3667 habeut
640 3602 775 3666 callide.
801 3606 895 3685 Atque
909 3604 967 3666 hoc
981 3603 1096 3684 quidem
1113 3602 1296 3683 quintorum

125 3711 178 3783 sit,
194 3706 246 3770 vix
263 3704 417 3787 quisquam
433 3706 555 3769 dubitet:
570 3707 641 3768 nisi
662 3713 759 3769 autem
774 3724 828 3787 ego
844 3715 942 3769 ortum
957 3706 1045 3769 credo
1061 3707 1228 3779 menimis,
1252 3705 1298 3769 oui

124 3808 357 3890 interpretando
378 3825 467 3889 quum
489 3809 640 3890 abaliquo
661 3808 758 3871 ualde
777 3809 956 3890 adscriptum
977 3815 1067 3883 esset,
1092 3827 1163 3870 mox
1185 3809 1244 3871 hoc
1266 3809 1296 3871 iu

124 3918 306 3979 contextum
318 3909 395 3974 illstu
406 3911 529 3974 alterum
541 3911 710 3975 adverbium
721 3911 850 3974 callide
864 3913 930 3974 loco
942 3930 998 3975 suo
1009 3920 1125 3974 motum
1136 3920 1190 3975 est
1217 3912 1297 3975 Scri·

126 4018 236 4100 puisse
250 4013 339 4094 igitur
351 4012 522 4076 Ciceronem
536 4015 598 4076 aio:
617 4013 709 4077 nihil
723 4013 849 4077 horum
864 4013 968 4076 nimis
983 4014 1118 4077 callide.
1153 4015 1228 4079 Nam
1243 4016 1296 4077 ui·

127 4119 202 4183 mis
219 4116 266 4179 sic
279 4134 335 4197 pro
349 4115 448 4180 valde
467 4137 492 4179 s.
511 4116 698 4179 admodum
712 4116 849 4198 usurpari
863 4116 907 4180 vel
919 4116 1008 4179 lexica
1023 4116 1138 4180 docent
1168 4117 1296 4181 tuorum

3 4274 4 4289 .
130 4241 149 4284 a
162 4219 296 4283 librariis
312 4218 382 4281 nisi
398 4229 428 4280 et
441 4220 548 4282 nimis
564 4227 633 4281 suut
646 4220 733 4282 etiam
748 4220 839 4282 Plaut
854 4220 912 4282 llil.
928 4219 966 4299 gl.
982 4219 1016 4294 ll,
1032 4222 1061 4295 4,
1077 4221 1128 4282 24.

221 4323 291 4402 Cap.
308 4321 422 4391 xxvtl,
437 4323 487 4384 77.
517 4320 606 4396 Quid
627 4321 737 4401 igitur
755 4323 896 4397 mirum,
917 4322 948 4383 si
967 4322 1034 4384 hoc
1051 4323 1171 4384 eodem
1191 4318 1295 4382 modo

4 4448 8 4485 r
138 4424 273 4488 homini
289 4432 415 4487 natura
430 4423 685 4505 praescripsit,
705 4433 743 4487 ut
756 4424 846 4487 nihil
860 4424 1047 4505 pulchrius
1062 4442 1165 4504 quarn
1185 4419 1296 4484 homi·

4 4551 20 4609 i
