3164 5138
661 469 698 531 21

97 654 317 716 accuratissime
342 664 440 714 tamen
459 654 618 716 narrandis
641 654 718 717 haud
743 656 864 721 minima
882 658 999 721 illorum
1023 660 1164 725 librorum
1191 681 1259 743 pars

97 757 298 827 consumitur,
319 775 392 835 quas
409 756 598 818 narrationes
617 758 641 818 si
661 760 726 838 quis
742 778 846 822 omnes
865 761 1016 842 diligenter
1029 763 1181 837 examinet,
1196 783 1258 827 non

96 861 183 920 modo
210 858 307 920 multa
325 858 355 918 in
381 857 417 918 iis
437 877 504 919 esse
524 859 630 920 ridebit
656 861 772 923 cuilibet
792 863 837 923 alii
863 865 938 943 parti
956 866 1052 928 Iliadis
1072 885 1134 928 uon
1160 868 1258 930 minus

96 981 181 1041 quam
195 960 269 1023 huic
289 968 370 1039 apta,
391 960 442 1020 sed
463 962 604 1023 nonnulla
623 963 709 1023 etiam
730 964 855 1026 inveniet
876 974 926 1029 aut
939 967 1100 1047 pugnantia
1114 986 1181 1029 cum
1197 968 1259 1031 aliis

95 1075 144 1126 aut
162 1081 310 1144 perquam
329 1062 366 1123 ad
384 1062 605 1141 intelligendum
625 1064 760 1127 difficilia.
810 1068 894 1129 Velut
911 1069 942 1131 in
961 1070 1064 1132 castris
1081 1071 1258 1139 Graecorum

95 1176 193 1229 utrum
213 1182 276 1226 ann
295 1182 333 1225 an
353 1166 452 1243 plures
476 1174 578 1244 portae
603 1167 711 1227 luerint
731 1186 747 1227 e
766 1168 958 1232 ornaminum
979 1173 1173 1254 descriptione
1196 1195 1258 1239 non

96 1280 175 1332 certo
191 1267 317 1346 intdligi
339 1276 451 1346 potest,
472 1287 527 1347 qua
543 1268 578 1328 de
598 1287 630 1329 re
644 1269 731 1330 etiarn
746 1278 858 1332 veteres
872 1272 1045 1354 interpretes
1060 1276 1135 1339 inter
1151 1297 1183 1339 se
1197 1278 1258 1340 dis·

96 1372 191 1434 sidant
202 1371 249 1447 ²l:
269 1369 342 1429 item
360 1368 391 1429 in
410 1368 657 1448 designationibus
673 1372 822 1445 locorum,
843 1373 891 1435 ubi
913 1385 1074 1455 pugnatum
1090 1378 1141 1453 sit,
1157 1381 1258 1444 conci·

95 1474 155 1537 liari
169 1469 317 1535 nonnulla
338 1489 404 1533 cum
425 1471 492 1533 alibi
511 1472 595 1534 dictis
615 1473 660 1534 rix
680 1478 861 1553 pessumi),
880 1494 1041 1557 quumque,
1056 1480 1106 1559 qni
1119 1483 1211 1545 modo
1225 1483 1256 1546 in
1276 1490 1307 1544 ιε

9 1804 11 1813 ,
162 1752 189 1815 7)
208 1748 378 1803 Αιίιῑιιιιῐιιιι
389 1761 463 1796 unam
475 1751 571 1796 tantum
582 1753 680 1813 portam
692 1747 812 1797 maiorem
821 1749 950 1801 statuebat
960 1765 1015 1802 cum
1028 1751 1189 1820 innqlnutp
1201 1752 1260 1823 etp

95 1838 118 1887 lc
130 1854 153 1886 e.
162 1837 206 1887 via
219 1852 270 1903 qna
279 1848 370 1884 currus
379 1832 420 1895 agi
428 1838 538 1898 possent,
550 1831 702 1882 concedebat
710 1839 793 1883 tamen
803 1832 888 1899 plnres
897 1833 1006 1888 sortasse
1018 1838 1127 1890 minores
1140 1837 1259 1899 πυλίδας

95 1923 183 1974 fuisse.
214 1921 275 1973 vit,
288 1918 367 1971 aclrnl.
379 1918 410 1967 ad
422 1915 475 1980 vlt,
488 1915 538 1966 339
551 1932 605 1967 cum
617 1917 732 1968 Hastati.
744 1934 768 1985 p.
781 1917 840 1983 ott,
853 1917 885 1968 23
898 1926 924 1971 et
935 1919 994 1986 639,
1008 1920 1048 1972 39.
1068 1923 1147 1974 schol.
1160 1927 1191 1975 ad
1202 1923 1259 1989 xll,

96 2007 126 2057 37
140 2015 167 2058 et
179 2007 241 2057 175.
277 2004 314 2055 Bt
324 2018 385 2053 sane
397 2000 442 2052 lin.
453 1998 505 2065 Vll,
519 1999 577 2052 333.
590 2001 643 2053 tet
657 1999 767 2052 att—9
780 2018 828 2052 non
841 2003 950 2054 discerni
962 2013 1060 2072 potest,
1078 2015 1161 2060 utrum
1174 2010 1259 2077 plures

96 2100 184 2159 mnae
201 2088 386 2154 inteHiqendae
403 2086 455 2137 sint
469 2100 501 2136 an
516 2099 567 2136 una
578 2092 687 2151 tanmn,
704 2087 826 2154 siqnidem
845 2083 930 2140 πύλαι
948 2089 1027 2141 lerna
1039 2092 1130 2158 plnrsll
1142 2094 1216 2145 etiam
1229 2096 1260 2146 dc

97 2192 143 2228 ana
159 2184 238 2244 porta
255 2174 362 2237 dieitur,
381 2172 407 2222 id
422 2171 488 2237 qaod
504 2170 657 2234 grammatici
671 2171 764 2237 passim
776 2173 916 2237 inculcant,
934 2174 1008 2227 simul
1023 2176 1173 2240 singularem
1187 2174 1259 2243 πύλη

98 2278 220 2330 nusquam
235 2260 269 2311 ab
282 2259 391 2309 liemaro
409 2258 526 2323 usurpari
543 2263 682 2307 mouentes.
718 2256 755 2308 Cl.
773 2258 852 2309 schol.
870 2259 901 2309 Α.
919 2265 946 2309 et
961 2261 1078 2312 Eustatla.
1095 2264 1128 2315 ad
1143 2264 1188 2328 lX,
1201 2265 1260 2316 392.

97 2348 190 2400 Tamen
203 2361 283 2415 posse
293 2339 382 2400 πύλας
392 2343 466 2394 etiam
476 2341 562 2408 plures
574 2348 661 2407 portas
670 2341 811 2406 significare
824 2358 895 2393 nemo
904 2345 1009 2411 dubitat,
1022 2354 1048 2397 et
1060 2347 1114 2412 ipse
1127 2355 1260 2400 contentus

98 2435 234 2485 amborum
251 2429 367 2493 Homeri,
389 2431 482 2495 τεῖχος
496 2423 612 2495 ἔδειμαν
634 2420 761 2497 πύργους
775 2422 803 2477 θ’
822 2421 958 2494 ὑψηλούς,
980 2428 1056 2498 aliun
1071 2431 1143 2495 νηῶν
1163 2450 1193 2486 τε
1213 2435 1260 2486 καὶ

98 2515 197 2583 αὐτῶν,
217 2516 253 2570 ἐν
271 2512 299 2567 δ’
320 2509 456 2565 αὐτοῖσι
477 2505 566 2569 πόλις
581 2509 730 2564 tranctans
747 2504 775 2563 εὖ
799 2508 945 2584 ἀραρυίας,
968 2516 1079 2567 iudicare
1099 2519 1211 2584 videtur,
1233 2527 1261 2571 ut

99 2608 184 2673 plures
196 2611 296 2664 narres,
308 2599 346 2651 sic
354 2599 428 2651 etiam
439 2598 525 2666 plnres
537 2604 625 2664 portas
633 2597 723 2661 lause,
735 2604 762 2648 et
774 2599 871 2664 quidem
883 2597 913 2651 ln
922 2594 1057 2663 αὐτοῖσιν,
1071 2602 1096 2652 in
1108 2604 1169 2670 ipsis
1181 2605 1260 2656 turri·

99 2693 152 2743 las.
187 2690 263 2742 Duae
276 2694 347 2739 eerte
359 2691 447 2753 portae
458 2684 503 2735 lib.
514 2682 563 2734 ΧΠ
575 2683 765 2749 ὼίῑίιιςιιιιιᾱιι
777 2684 903 2735 videntur.
937 2684 1000 2735 Nam
1015 2695 1146 2754 postquem
1158 2688 1261 2741 Troinni

100 2778 209 2845 quiaque
220 2772 364 2839 agminibus
374 2770 448 2821 laetis
465 2776 549 2820 castra
560 2769 721 2833 adoriuntur,
739 2768 816 2819 Asius
828 2769 860 2819 ad
872 2770 1036 2821 sinistram
1053 2780 1149 2839 partem
1162 2788 1190 2822 se
1203 2756 1262 2823 enn-

101 2872 206 2914 arrtens
223 2866 324 2927 portam
341 2856 374 2906 ilai
390 2855 486 2905 invenit
502 2861 628 2921 apertam,
645 2854 744 2905 scilieet
758 2855 790 2904 ad
807 2855 964 2921 recipiendos
981 2855 1120 2907 Graeeoae
1138 2872 1222 2923 eampo
1235 2857 1261 2907 in

101 2956 184 3001 nstra
200 2945 346 3010 sumentes,
363 2956 387 2991 v.
406 2939 454 2990 118
470 2955 524 3006 sqq.
559 2939 611 2990 Hac
626 2939 670 2989 ille
687 2940 828 3007 irrumpere
842 2948 947 2992 conatus
963 2942 1097 3010 repellitur
1109 2956 1124 2992 a
1139 2941 1260 3008 Lapithis,
1343 2999 1346 3007 ,

101 3035 164 3102 qnod
176 3038 309 3083 certamen
322 3024 473 3078 describiutr
484 3041 563 3092 usque
574 3025 606 3075 ad
617 3040 642 3076 v.
658 3024 715 3075 194.
733 3022 837 3076 luterim
849 3025 944 3077 Hector
954 3027 1046 3079 aliam
1057 3034 1154 3095 partem
1163 3034 1261 3078 castro·

101 3136 152 3171 rum
165 3117 299 3179 adoritur,
316 3130 342 3163 v.
355 3113 416 3178 195,
433 3112 516 3179 ibique
531 3111 682 3178 Polydamas
699 3108 878 3175 effringendam
895 3126 952 3163 essa
964 3120 1061 3179 portam
1077 3120 1174 3179 monet,
1190 3128 1262 3180 quarn

101 3211 208 3273 apparea
217 3201 251 3253 ab
264 3200 319 3263 illa,
331 3213 402 3265 qnam
414 3198 491 3247 Asina
503 3197 607 3247 adortus
619 3201 686 3258 erat,
699 3196 825 3247 tiveman
837 3210 906 3247 esse:
923 3197 996 3264 idque
1009 3198 1170 3250 conlimatur
1187 3200 1262 3251 otiam

101 3290 166 3353 xiil,
179 3288 241 3339 675.
256 3285 317 3350 679,
329 3284 388 3335 noll.
400 3283 447 3333 751
462 3290 489 3333 et
501 3283 565 3348 755,
578 3282 620 3349 qni
631 3281 681 3333 loci
696 3283 788 3332 docent
799 3282 869 3332 illam
880 3282 1042 3334 sinistram
1055 3291 1151 3350 partem
1163 3291 1262 3335 castro

102 3394 154 3428 ran
165 3375 245 3427 alneu
258 3372 330 3436 lnce,
345 3369 388 3420 ulai
399 3369 493 3419 Hector
508 3368 637 3434 irruperat
650 3374 797 3433 portamque
813 3366 963 3433 effregerat,
980 3370 1043 3421 satia
1056 3371 1129 3434 longe
1143 3377 1262 3422 remotam

101 3478 166 3514 asse.
204 3458 272 3509 Nam
288 3457 354 3523 quod
370 3455 481 3505 nonnulli
498 3450 544 3505 ἐπ’
566 3448 700 3524 ἀριστερά
716 3469 741 3504 v.
754 3452 804 3503 375
822 3469 871 3503 non
884 3461 1023 3506 etsta-orum
1035 3456 1080 3505 sed
1092 3454 1208 3506 Hectoris
1221 3471 1262 3505 re-

103 3554 192 3615 spectu
209 3542 260 3594 dici
276 3541 377 3607 volunt,
393 3540 458 3591 hand
476 3538 549 3589 dubie
567 3537 658 3589 lalsnan
674 3553 732 3589 esse
748 3538 904 3589 demonstrat
915 3555 940 3590 v.
955 3538 1012 3589 323.
1025 3564 1060 3576 -
1070 3538 1153 3590 Loens
1165 3539 1194 3591 ll.
1206 3538 1263 3603 Xll,

103 3633 150 3683 175
163 3626 249 3683 ditm
262 3624 290 3677 δ’
306 3621 379 3696 ἀμφ’
391 3620 491 3695 ἄλλῃσι
499 3618 595 3695 μάχην
603 3618 742 3694 ἐμάχοντο
755 3617 879 3691 πύλῃσιν
887 3638 936 3673 non
949 3624 1004 3675 siue
1013 3638 1087 3674 cansa
1097 3640 1143 3691 pro
1156 3624 1264 3675 insiticio

102 3718 224 3776 ubam,
238 3712 287 3764 sed
298 3710 409 3762 ostendit
419 3717 502 3762 tamen
514 3716 585 3761 carte
596 3709 672 3761 etiam
682 3709 845 3775 rhapsodnm,
860 3708 903 3759 val
914 3709 1027 3776 quisquis
1039 3716 1091 3773 est,
1105 3709 1146 3775 qui
1158 3710 1182 3759 l.
1194 3707 1212 3758 Ι.
1225 3709 1263 3758 in-

104 3798 251 3869 terpolnit',
266 3798 351 3865 plures
364 3802 451 3863 portas
463 3802 603 3846 castmum
616 3795 744 3846 statuisse.
781 3792 1004 3845 Grammaticorum
1023 3794 1134 3845 nonnulli
1147 3801 1264 3861 septem

103 3887 225 3937 uolebant
238 3882 326 3947 (schol,
337 3882 370 3933 ad
381 3880 440 3947 Vll,
454 3880 526 3945 339),
543 3880 586 3931 alii
599 3880 718 3947 quinquc;
736 3895 750 3929 e
767 3877 950 3929 recentioribus
962 3879 1005 3929 alii
1017 3880 1098 3929 tribus
1111 3880 1190 3947 portis
1203 3896 1264 3930 cou-

104 3973 167 4023 teuti
180 3970 301 4033 luerunt,
314 3974 343 4018 ut
354 3966 462 4018 Lemnius
476 3967 529 4030 (llic
543 3965 628 4017 llbene
640 3980 689 4015 von
703 3963 787 4015 Troia.
801 3980 824 4031 p.
838 3962 921 4028 297),
938 3964 979 4014 alii
998 3980 1052 4014 cnm
1065 3963 1212 4017 Aristarcho
1225 3965 1237 4015 1
1250 3993 1264 4003 -

105 4063 201 4120 esmnt,
214 4063 245 4107 nt
256 4053 370 4121 Heynius
382 4059 441 4104 tom.
454 4050 477 4102 V
488 4067 512 4118 p.
526 4050 585 4101 333.
598 4050 657 4115 492,
669 4057 697 4101 at
709 4065 788 4117 nuper
799 4048 906 4100 Faenius
917 4050 948 4100 ad
960 4048 1015 4114 VH,
1029 4049 1085 4100 339.

171 4177 198 4242 8)
218 4175 299 4228 Velut
310 4174 352 4225 lila.
366 4171 433 4238 Xlll,
446 4171 494 4223 681
507 4186 568 4239 pars
580 4178 728 4238 metrorum,
741 4185 789 4236 qna
800 4169 894 4220 Hector
905 4169 1004 4237 irrupit,
1017 4185 1047 4220 ea
1060 4176 1108 4232 est,
1121 4168 1182 4223 ἔνθ’
1198 4169 1266 4223 ἔσαν

105 4258 229 4321 Αἴαντός
246 4277 276 4314 ιε
292 4260 353 4318 νέες
368 4260 414 4311 aul
431 4251 645 4331 Πρωτεσιλάου,
662 4256 798 4307 Protesilai
810 4263 894 4307 numm
910 4255 982 4306 nevis
999 4252 1069 4307 κατὰ
1080 4256 1191 4325 μέσσον
1207 4270 1266 4306 assa

107 4352 194 4402 dicitnr
204 4346 278 4413 xvi,
292 4345 356 4411 235,
373 4346 440 4398 sicut
457 4344 535 4396 etiam
546 4340 613 4409 Xlll,
626 4340 675 4391 312
689 4340 794 4405 Hector,
812 4342 853 4407 qni
871 4340 905 4391 ibi
916 4341 1044 4406 irruperat
1055 4355 1135 4406 neque
1147 4339 1204 4389 inda
1216 4340 1268 4388 dis-

108 4444 228 4501 raascrat,
245 4434 274 4487 id
294 4432 361 4499 qaod
376 4449 399 4484 v.
413 4431 466 4484 679
479 4433 605 4491 testatur,
622 4425 722 4489 νηυσὶν
738 4422 769 4477 ἐν
783 4427 907 4501 μέσσῃσι
923 4432 1026 4491 pugnat.
1060 4422 1138 4489 Atqui
1150 4420 1200 4483 ΧΙ,
1213 4420 1237 4469 8.
1251 4418 1266 4468 9
