3284 5152
704 586 707 587 *
728 499 827 595 tta„

182 685 240 748 Pro
256 676 406 747 ίκοάσιον
421 683 548 746 editores
564 675 721 750 ἀκούσιον
731 687 919 751 scribendum
935 690 1112 746 censuerant
1126 677 1294 766 reljrersus
1305 685 1351 748 rel

181 788 271 849 etiam
293 785 456 848 sententiae
480 804 583 860 causa3
603 782 790 870 θνήσκουσι
812 796 912 853 autem
927 794 1006 850 recte
1026 785 1138 847 dictum
1162 786 1353 849 crediderunt

180 889 217 951 de
229 888 298 950 rirls
318 889 423 951 mortis
438 889 600 968 periculum
617 891 769 954 subituris.
808 893 840 955 ld
856 911 909 972 ego
930 888 1091 952 absurdum
1107 885 1202 970 'putot
1226 888 1352 953 debehat

180 991 286 1052 saltem
299 985 520 1068 Susceperam
541 989 607 1052 dici.
640 992 701 1055 Nec
720 1002 819 1057 tamen
835 993 960 1073 amplius
980 989 1074 1071 probo
1089 989 1168 1070 quod
1189 989 1259 1052 olim
1280 1011 1351 1072 pro·

114 1122 120 1131 -
179 1092 267 1176 posui
284 1083 441 1173 ἀνδράσιν
462 1082 657 1171 ἀποκνοῦσι,
681 1096 733 1157 sed
749 1096 903 1178 scripsisse
917 1092 1091 1173 Aeschylum
1107 1091 1243 1176 suspicor
1264 1087 1352 1176 δάρ-

180 1210 239 1269 σος
261 1185 413 1257 ἀκούσιον
435 1185 594 1277 ἀνδράσιν
616 1187 756 1260 dhaem
779 1190 931 1278 κομίζων.
965 1196 1002 1257 Et
1016 1188 1147 1274 θάρσος
1168 1195 1301 1276 quidem,
1324 1197 1350 1259 si

181 1288 340 1371 ἑκούσιον,
365 1297 498 1359 omnium
515 1298 650 1362 codicum
666 1301 833 1372 lectionem,
850 1300 1036 1370 retineamus,
1052 1294 1275 1380 scribljnccessc
1290 1306 1345 1373 est,

179 1399 403 1481 repositumque
415 1400 537 1484 proinde
549 1401 817 1465 etiama'lricllnio
829 1402 860 1462 in
871 1399 1059 1463 Farnesiano.
1083 1399 1235 1463 Sententia
1247 1407 1347 1464 autern

180 1503 253 1563 haec
272 1509 326 1577 est,
348 1509 383 1565 ut
404 1503 585 1583 Agamemno
606 1504 713 1566 milites
733 1505 868 1567 nolentes
884 1504 1015 1565 volentes
1033 1502 1184 1565 audaciam
1196 1521 1348 1565 assumere

181 1604 311 1685 coegisse
338 1605 458 1668 dicatur.
494 1605 726 1681 Obversabatur,
756 1606 878 1688 opinor,
902 1605 1045 1687 Aeschylo
1065 1604 1256 1668 Homericum
1277 1605 1347 1668 illud

179 1698 262 1768 ἑκών
284 1697 416 1768 ἀέκοντί
443 1725 478 1786 γε
499 1708 616 1792 Sapei:
638 1708 772 1772 codicum
794 1717 894 1772 autem
916 1708 1093 1789 scripturam
1108 1707 1151 1769 sic
1171 1713 1268 1770 ortam
1283 1727 1349 1771 esse

179 1808 365 1881 crediderim,
381 1816 414 1871 ut
429 1827 521 1890 quum
537 1811 620 1873 initio
636 1802 937 1894 ἀνδρασινασκσνσι
958 1811 1103 1892 scriptum
1119 1816 1205 1884 esset,
1220 1810 1316 1873 littera
1332 1829 1349 1872 a

179 1911 210 1971 in
231 1928 252 1973 σ
271 1918 418 1992 corrupta,
440 1911 510 1973 hinc
529 1913 601 1974 lalsa
624 1914 809 1977 distinctione
829 1906 973 1996 ἀνδράσι
994 1907 1165 1990 νάσκονσι,
1187 1931 1222 1975 ac
1242 1912 1348 1975 dcina

180 2019 347 2075 correctore
360 2006 555 2088 διάσκσνσι,
569 2008 754 2098 θνήσκουσι
769 2018 880 2079 laetum
895 2016 944 2079 sit.

267 2114 300 2176 v.
317 2113 380 2176 995
395 2134 439 2195 sq.
456 2133 554 2177 veram
569 2116 726 2179 lectionem
741 2119 818 2181 hanc
833 2137 899 2180 esse
913 2126 1001 2202 puto:

379 2210 551 2298 σπλάγχνα
573 2209 602 2280 δ’
627 2208 720 2282 obsec
742 2212 851 2298 μάταν
878 2213 927 2295 ζεῖ
948 2213 1034 2302 ιτρδς
1061 2210 1203 2295 δνόίκσις
1232 2213 1349 2304 φρεσίν

382 2314 598 2404 τελεσφόροις
620 2313 729 2398 δίναις
749 2316 966 2400 κυκλούμενον
987 2315 1076 2404 κέαρ.

180 2417 356 2482 Subiectum
371 2428 418 2482 est
431 2416 521 2506 κέαρ,
546 2417 595 2498 ζεῖ
615 2430 714 2486 autem
729 2422 912 2487 transitiram
929 2423 1169 2506 significationem
1184 2422 1289 2501 habet,
1311 2423 1348 2485 de

179 2538 237 2603 qua
252 2521 289 2585 cl.
305 2522 431 2586 Lobeclr.
444 2524 489 2586 ad.
507 2523 537 2585 S.
559 2525 603 2587 Αἰ.
626 2546 655 2607 p.
677 2527 728 2589 92.
757 2527 890 2590 Pertinet
909 2526 967 2590 huc
987 2525 1122 2607 llesychii
1143 2525 1347 2608 interpretatio

181 2619 243 2700 ζεῖ·
258 2620 429 2704 ταράσσει.
454 2627 656 2691 construenda
668 2629 755 2711 igitur
769 2629 855 2692 verba
871 2635 958 2692 erunt
972 2629 1004 2690 in
1018 2628 1098 2691 hunc
1112 2628 1250 2691 modum:
1267 2620 1346 2711 κίαρ

175 2720 261 2808 πρὸς
293 2720 437 2802 ἐνδίκοις
474 2724 592 2814 φρεσίν
624 2725 838 2816 τελεσφόροις
866 2723 974 2805 δίναις
1000 2725 1219 2812 κυκλούμενον
1252 2722 1347 2795 elisos

174 2822 282 2909 poiseo
304 2824 476 2910 σπλάγχνα
499 2825 560 2907 ζεῖε
584 2850 649 2895 cor
668 2851 790 2895 meum
805 2832 919 2896 iustis
934 2832 1169 2915 praecordiis
1191 2834 1346 2918 propin-

176 2948 299 3012 quum,
315 2933 508 3014 praesagis
525 2936 560 3010 (s.
575 2934 693 2998 lutari
708 2936 958 3020 praenuntiis)
973 2935 1150 2999 fluctibus
1164 2937 1344 3017 agitatum

175 3049 249 3095 non
263 3040 402 3097 temere
425 3035 610 3099 intestina
630 3055 708 3099 ntea
727 3038 904 3101 incendit.
938 3032 1067 3122 Φρίνας
1087 3038 1343 3124 propric['prae·

176 3138 304 3203 cordia
319 3158 382 3202 esse
397 3156 488 3201 nemo
509 3140 617 3202 nescit:
637 3140 684 3203 his
705 3158 758 3204 cor
777 3141 992 3223 propinquum,
1014 3141 1093 3204 unde
1114 3137 1201 3226 πρός
1226 3137 1344 3226 φρεσίν

175 3235 391 3318 κυκλούμενον
412 3240 468 3304 diei
483 3243 588 3323 potuit.
620 3242 678 3304 Sed
694 3243 782 3305 etiam
797 3244 906 3306 mentis
917 3244 1002 3307 sedes
1018 3244 1186 3325 praecordia
1197 3244 1344 3328 putaban-

177 3350 235 3415 tur,
252 3360 376 3425 musque
391 3344 429 3405 ob
444 3362 562 3407 causam
578 3344 731 3424 epitheton
751 3346 844 3407 menti
859 3346 1036 3410 conveniem
1056 3347 1145 3411 ctiam
1164 3348 1342 3431 praecordiis

180 3443 329 3506 tribuitur.
359 3446 438 3507 lustr
454 3446 623 3529 praecordia
638 3456 718 3522 sunt,
734 3466 809 3529 quaa
821 3449 889 3528 quid
904 3449 949 3512 ias
963 3456 1014 3512 aut
1028 3450 1111 3513 nefas
1125 3451 1257 3513 sitrecte
1271 3470 1341 3532 per-

177 3545 351 3609 sentiscunt.
383 3546 458 3609 llinc
478 3547 509 3609 in
529 3548 617 3611 corde
645 3549 811 3612 excitantur
839 3552 1056 3614 commotiones
1083 3560 1112 3615 et
1133 3570 1237 3628 curae,
1266 3572 1342 3636 quae

177 3655 299 3731 propter
314 3648 528 3711 vehementiam
545 3646 643 3727 δῖναι,
656 3653 762 3714 fluctus
774 3660 825 3716 aut
836 3653 970 3728 vortices,
983 3654 1131 3729 dicuntur,
1143 3649 1342 3741 τελεσφόροι

177 3758 286 3823 autem,
301 3757 404 3832 utpote
419 3752 511 3815 laturi
526 3759 647 3816 eventus
662 3772 817 3838 praesagae
833 3762 863 3817 et
886 3757 1092 3839 praenuntiae:
1109 3765 1195 3839 atque
1215 3758 1259 3822 sic
1278 3765 1342 3823 tota

176 3853 319 3919 intestina
332 3853 415 3936 quasi
429 3854 636 3918 incenduntur.

263 3956 297 4018 V.
316 3956 398 4019 1008
413 3957 443 4020 in
460 3959 594 4022 codicum
610 3958 754 4042 scriptura
767 3956 826 4021 καί
845 3955 886 4022 εδ
907 3956 968 4041 μὲν
988 3957 1056 4048 πρδ
1070 3957 1245 4049 χρημάτων
1265 3984 1341 4050 κτη-

176 4051 258 4122 σίων
280 4050 376 4134 δκνσς
396 4053 507 4140 βαλών
528 4069 658 4125 veterem
680 4063 811 4126 lacunam
832 4065 1052 4146 complemento
1071 4086 1175 4148 parum
1196 4066 1341 4151 probabili

176 4170 284 4224 aarum
297 4163 516 4246 deprehendere
527 4165 599 4227 mihi
611 4165 718 4229 videor.
731 4166 804 4228 Nam
817 4167 970 4250 epitheton
980 4168 1050 4232 illud
1062 4163 1215 4255 κτησίων,
1226 4170 1340 4235 etiamsi

175 4252 254 4326 forte
276 4284 331 4346 pro
346 4285 381 4329 eo
403 4268 483 4349 quod
510 4274 557 4330 est
578 4264 780 4352 κεκτημένων
800 4269 892 4352 accipi
914 4289 1002 4353 posse
1024 4274 1217 4348 concedatur,
1239 4282 1340 4337 tamen

176 4369 248 4449 quin
269 4388 393 4450 prorsus
414 4371 450 4433 ad
471 4373 648 4436 sententiam
673 4374 802 4437 otiosum
817 4374 855 4436 sit
869 4390 959 4438 nemo
978 4375 1062 4440 facile
1083 4376 1268 4440 diffitebitur:
1284 4394 1339 4440 ne·

177 4491 233 4552 que
254 4473 290 4534 de
312 4474 527 4555 praepositione
542 4469 609 4560 πρό
620 4477 726 4560 liquet,
751 4486 854 4543 uuum
876 4477 912 4539 ad
931 4475 1105 4566 χρημάτων
1125 4480 1272 4565 pertinere
1292 4480 1339 4546 di-
