3284 5152
654 481 804 579 jev-

141 676 312 736 comtsnter
325 676 503 752 perseveret,
519 688 635 734 memor
649 672 754 735 veteris
769 669 865 733 verbi:
887 661 1074 735 Bourienos
1100 661 1172 734 loto
1196 665 1304 747 καλῶς

9 810 10 837 ;
145 773 309 837 ποιοῦντα
331 769 440 847 κακῶς
462 761 646 853 ἀκούειν’).

228 875 286 937 Sed
301 876 371 938 uolo
386 875 470 957 plura
485 875 593 948 dicero,
609 894 656 951 ne,
670 876 696 940 si
715 876 802 958 plane
818 876 940 958 eloquar
958 875 1039 957 qnod
1058 876 1170 952 renuo,
1189 875 1305 957 prorius

142 979 253 1043 multos
268 996 356 1060 quom
372 996 448 1060 opus
459 985 504 1041 est
520 980 676 1045 olleudam.
706 980 787 1043 Hanc
802 980 973 1058 obloausam
987 977 1064 1042 aliud
1079 977 1305 1060 programmatis

143 1094 353 1162 argumentum
372 1100 491 1170 sumere
510 1082 632 1163 placuit,
658 1100 809 1164 quumque
838 1100 932 1163 nuper
956 1079 1066 1144 scholia
1086 1099 1153 1143 moa
1173 1081 1204 1143 in
1226 1079 1306 1143 lonis
1423 1084 1428 1093 '

142 1182 315 1263 Euripideae
329 1184 459 1264 primum
475 1184 639 1265 episodium
655 1202 750 1265 usquc
770 1184 807 1246 ad
827 1204 854 1245 v.
875 1184 942 1261 334Ι
957 1182 1115 1255 ediderim,
1135 1198 1215 1245 nimo
1233 1180 1306 1245 reli-

144 1302 233 1367 quam
244 1285 308 1347 cius
323 1285 445 1366 episodii
459 1295 572 1366 portem
588 1286 782 1367 pertractabo.
798 1320 840 1330 —
854 1285 965 1365 abrupi
975 1292 1073 1347 autom
1089 1282 1303 1351 enarrationem

143 1387 174 1449 iu
190 1406 225 1448 eo
237 1385 312 1461 loco,
329 1387 379 1449 ubi
395 1387 450 1453 lon
468 1388 612 1468 suspicari
631 1407 663 1450 se
683 1388 833 1468 professus
852 1395 899 1451 est
915 1387 1002 1451 matri
1021 1404 1092 1449 suae
1110 1385 1249 1451 iniuriam
1266 1384 1305 1451 ub

145 1490 244 1570 aliquo
258 1489 366 1551 lacum
381 1497 579 1571 stuprumque
593 1489 707 1552 illstum
721 1509 797 1554 osso.
827 1489 903 1555 Hinc
917 1490 974 1553 ism
996 1489 1106 1552 Crocus
1124 1505 1196 1552 sure
1214 1486 1304 1555 torsit

145 1590 304 1665 admonita,
320 1591 428 1672 quippe
442 1610 535 1674 quum
550 1599 580 1654 et
599 1591 662 1675 ipsa
681 1592 768 1654 simili
785 1592 936 1673 quondum
957 1578 1064 1655 iniuria
1081 1588 1185 1655 violem
1204 1588 1304 1662 mou.

147 1691 340 1757 commodum
354 1693 390 1756 ad
405 1711 490 1763 suam
505 1678 624 1758 oausam
638 1694 779 1775 agendum
794 1695 951 1761 transitum
965 1692 1076 1774 arripit,
1090 1692 1135 1757 sic
1148 1696 1248 1755 tonsu
1261 1697 1308 1765 ut,

128 1842 131 1848 -
146 1796 237 1859 celata
251 1814 305 1859 sua
319 1813 456 1877 persono,
471 1815 546 1887 quoq
560 1797 615 1860 sibi
626 1797 790 1863 occiderant
800 1798 832 1860 in
843 1797 940 1861 fictam
951 1795 1062 1863 amicos
1072 1793 1225 1861 ouium
1236 1810 1304 1876 por

146 1914 252 1961 sonam
266 1897 432 1961 trsmlerst.

346 1993 509 2064 Πλπονθε
529 1996 570 2085 τῇ
591 1995 635 2084 σῇ
654 1996 752 2085 μητρὶ
774 1993 878 2067 ταύτά
899 2022 950 2077 τις
972 1994 1062 2085 γονή,

147 2100 242 2181 iuquit
256 2119 283 2163 v.
301 2100 373 2163 345.
395 2136 439 2147 -
457 2101 492 2164 ln
509 2101 644 2183 proximo
666 2120 766 2177 versu,
789 2119 883 2183 quum
902 2104 1016 2168 codices
1036 2102 1141 2167 Iouem
1158 2099 1310 2167 dieculam
1351 2134 1357 2143 ’

146 2204 256 2270 adom

347 2304 417 2382 alc,
440 2292 553 2370 eloco·
576 2297 612 2369 εἴ
628 2325 688 2387 μοι
711 2300 868 2388 ξυλλάβοι
888 2307 1057 2389 χαίροιμεν
1078 2294 1128 2380 do,

148 2407 319 2471 inusitatam
333 2408 480 2471 veteribus
494 2409 597 2472 Atticis
611 2408 776 2491 imperativi
785 2410 912 2473 formem
923 2405 1308 2475 felicissimaemendolioue

126 2516 132 2528 ‘
149 2509 276 2573 removit
288 2509 491 2573 Fordiusndus
505 2510 607 2584 riom,
623 2510 687 2585 otto
711 2504 740 2574 εἷ
763 2504 868 2577 πόνον
889 2533 950 2593 μοι
971 2504 1129 2592 ξυλλάβοι
1152 2544 1195 2556 -
1215 2526 1308 2591 quam

148 2612 255 2675 merito
270 2612 457 2675 Hermsunus
472 2613 620 2694 cetumque
634 2614 795 2695 posthunc
809 2615 937 2679 editores
952 2633 1056 2679 omncs
1068 2619 1253 2694 receperunt.
1263 2643 1309 2659 -

148 2714 189 2778 Ile
203 2714 297 2779 amica
311 2715 399 2796 igitur
412 2732 465 2777 sua
480 2715 694 2779 clandestinum
709 2718 876 2783 vaticinium
893 2718 1001 2782 Grenss
1021 2737 1053 2780 ss
1069 2715 1228 2799 petituram
1241 2731 1307 2777 esse

148 2816 189 2881 ait
203 2835 229 2878 v.
246 2816 324 2890 348,
341 2816 371 2879 h.
387 2835 412 2877 ε.
428 2815 503 2877 clam
515 2816 577 2879 viro
593 2836 664 2892 suo,
683 2825 716 2881 ut
731 2826 812 2900 patet
825 2838 861 2883 ex
876 2839 902 2882 v.
919 2819 991 2882 tos.
1006 2836 1072 2900 sqq.
1098 2818 1152 2881 lou
1165 2824 1265 2881 eutem
1278 2813 1307 2878 el

147 2919 204 2985 hoo
217 2920 247 2983 in
261 2939 295 2984 re
309 2937 430 3001 operum
443 2938 529 2983 suam
542 2919 706 3000 pollicetur,
720 2940 746 2982 v.
763 2920 835 2997 349,

348 3018 459 3106 λέγοις
480 3012 536 3087 do·
557 3014 652 3107 ἡμεῖς
672 3010 777 3088 τᾶλλα
797 3017 1051 3108 προξενήσομεν.

150 3126 200 3191 Sic
213 3127 294 3192 enim
308 3145 533 3209 saepenumero,
547 3126 636 3189 etiam
658 3126 690 3190 iu
709 3127 836 3208 pedestri
853 3144 1000 3198 sermone,
1021 3120 1189 3209 προξενεῖν
1207 3122 1307 3187 miuus

149 3230 267 3313 proprie
280 3215 395 3305 detor,
410 3246 471 3293 non
486 3229 522 3293 de
536 3227 573 3291 iis
587 3229 637 3310 qui
651 3228 747 3310 aliquo
763 3224 947 3313 προξενίας,
967 3230 997 3293 h.
1012 3249 1039 3293 e.
1060 3227 1170 3310 publici
1187 3224 1308 3308 hospitii

149 3351 275 3397 munere
288 3333 461 3413 funguntur,
475 3332 528 3395 sod
544 3331 580 3394 dc
594 3331 753 3412 quibusvis,
769 3332 820 3414 qui
833 3333 960 3396 similem
975 3331 1122 3414 quandam
1137 3331 1221 3394 altori
1235 3348 1307 3410 ops-

150 3453 215 3499 rom
229 3440 387 3517 preestsnt,
403 3452 491 3515 quam
507 3451 582 3514 quae
595 3453 612 3497 a
627 3430 798 3516 προξένοις
818 3436 938 3516 proprie
950 3435 1036 3499 dictis
1049 3435 1218 3507 civitatium,
1233 3450 1308 3514 qus·

151 3536 226 3619 ruml
240 3531 415 3619 προξενίαν
435 3544 640 3617 susceperant,
659 3537 835 3617 praestanda
854 3536 965 3601 civibus
983 3545 1056 3601 erat
1091 3537 1134 3601 ut.
1156 3536 1258 3600 lleleu
1278 3556 1307 3601 v.

154 3639 232 3704 146:
263 3630 540 3721 ξομπροξένηοον,
569 3627 615 3711 ὥς
640 3631 727 3714 τύχαι
753 3632 995 3718 μαντευμάτων.
1035 3640 1126 3721 Soph.
1149 3638 1221 3702 Oed.
1244 3640 1307 3702 Col.

152 3761 178 3805 v.
195 3743 271 3806 425:
288 3738 332 3816 ὦς
352 3737 406 3803 νῖν
422 3735 490 3800 πᾶν
502 3734 651 3802 τελοῦντι
666 3732 825 3824 προξένει.
846 3741 994 3805 Plutarch.
1010 3741 1072 3805 Sol.
1087 3761 1113 3805 o.
1133 3743 1186 3804 14:
1202 3758 1310 3826 προο-

151 3840 277 3910 terrm
297 3840 346 3928 τῷ
366 3835 495 3905 Σόλωνι
515 3837 689 3922 τυραννίδα
710 3836 947 3922 προξενοῦντες.
977 3844 1066 3908 Plura
1084 3842 1218 3927 exempla
1232 3842 1309 3907 vele

150 3949 251 4013 lexicis
266 3946 327 4031 peti
340 3954 465 4030 possunt
480 3946 523 4008 vel
536 3964 573 4007 ex
587 3942 677 4007 Ulrioi
690 3943 764 4008 libro
779 3945 815 4008 de
830 3946 969 4027 prorsuis
983 3966 1011 4029 p.
1027 3946 1078 4010 46.

235 4051 407 4115 lueohstsm
426 4047 470 4111 rei
488 4046 700 4130 expositionem
720 4065 813 4129 quum
833 4049 942 4113 ereum
959 4050 1130 4133 abrumpet,
1149 4049 1310 4134 pudorosa

15 4132 16 4185 3
152 4153 316 4236 praepediri
330 4153 440 4227 dicens,
454 4151 509 4216 lon
524 4170 550 4213 v.
567 4149 626 4213 351

221 4388 247 4453 ll
259 4389 317 4443 Vld.
330 4389 404 4456 Illos.
416 4388 503 4443 hert.
515 4390 540 4442 io
552 4389 605 4442 vite
613 4387 780 4454 assederis,
792 4387 837 4454 vl,
849 4390 874 4456 3,
885 4397 912 4444 st
923 4404 987 4458 quse
998 4392 1031 4446 ed
1046 4390 1071 4446 ls.
1083 4394 1101 4447 l.
1114 4409 1130 4447 ι
1142 4390 1258 4461 llsnspis
1270 4392 1309 4450 oi·

152 4481 249 4529 turtur.
271 4474 334 4528 Add.
347 4473 427 4528 Mero.
439 4475 560 4529 Antonio.
572 4472 625 4539 vll,
637 4474 677 4526 36.
