3284 5152
785 456 938 555 -me-

288 642 437 727 praeferat
456 644 576 708 alteram
591 642 748 708 lectionem
762 629 786 729 ᾗ
798 637 1028 730 σανηλλάγθης
1042 633 1127 722 duod
1157 642 1260 724 Neque
1273 640 1358 705 aliter
1370 641 1449 723 apud

288 747 489 830 Thucydidem
504 748 527 820 l,
543 747 572 821 3,
594 747 766 829 στρατείαν
784 741 1002 829 ξυνέρχεσθαι
1019 752 1071 811 aut
1090 740 1343 824 ξυνεξὲργεσθαι
1357 744 1450 826 expli-

288 852 417 917 candum
431 858 485 925 cst,
501 868 590 932 quam
606 858 640 913 ut
654 850 767 913 dictum
781 849 821 912 sit
834 868 889 931 pro
904 843 1123 926 ξυνελθόντος
1135 856 1186 911 aut
1197 840 1450 924 ξεωεξελέάντας

288 954 461 1038 στρατείαν
474 953 669 1027 ποιεῖσθαι,
684 954 816 1035 itemque
827 973 890 1035 cap.
905 955 954 1026 15,
970 944 1130 1036 ἐνδήμους
1143 950 1315 1032 στρατείας
1325 941 1452 1026 ἐξιέναι

287 1056 308 1120 i.
324 1076 352 1137 q.
368 1049 516 1133 ἐξιόντας
538 1056 729 1129 ποιεῖσθαι,
752 1058 799 1133 (ut
819 1053 933 1130 κοινὰς
955 1053 1125 1136 στρατείας
1147 1052 1329 1117 ποιεῖσθαι
1351 1060 1398 1117 cst
1419 1051 1450 1114 in

288 1159 392 1231 codem
406 1159 525 1239 capite)
537 1156 566 1235 8)
582 1165 613 1220 et
627 1156 805 1240 πρεσβείαν
820 1149 993 1239 αἴρεσθαι,
1007 1157 1085 1237 apud
1101 1156 1251 1219 Demosth.
1267 1156 1303 1219 de
1317 1154 1382 1219 lais.
1394 1154 1450 1234 leg.

288 1279 318 1343 p.
334 1258 407 1335 392,
422 1260 486 1342 iq.
503 1251 682 1340 ἀραμένους
698 1252 881 1340 πρεσβείαν
891 1260 1081 1329 ποιεῖσθαι,
1098 1258 1349 1339 quemadmodum
1360 1257 1451 1323 etiam

289 1352 443 1447 ἀγγελίην
469 1356 583 1427 έλθεῖν
606 1363 684 1444 apud
704 1362 867 1427 Homerum
886 1362 919 1424 lt
939 1361 994 1435 xl,
1018 1361 1076 1423 140
1103 1360 1176 1423 nihil
1195 1360 1273 1424 aliud
1294 1367 1342 1423 est
1361 1377 1451 1441 quam

287 1458 434 1535 Mona
454 1455 608 1548 ἀγγελίην
628 1466 813 1529 ποιεῖσθαι
831 1473 882 1527 aut
901 1458 1031 1547 φέρειν,
1058 1454 1237 1544 ἀγγέλλειν.
1272 1461 1346 1525 Nom
1371 1461 1452 1542 quod

288 1567 437 1633 veteribus
451 1568 630 1649 qumusdam
644 1568 767 1650 placuit,
788 1558 942 1651 ἀγγελίην
956 1585 1022 1629 esse
1035 1566 1055 1629 i.
1070 1585 1099 1648 q.
1116 1553 1267 1648 tippulae,
1282 1584 1299 1629 a
1314 1564 1452 1629 uomina·

289 1669 350 1743 tiuu
366 1660 535 1755 ἀγγελίης,
549 1671 638 1734 hodie
652 1670 772 1752 quidem
787 1688 877 1732 nemo
893 1669 1000 1735 cedet
1030 1667 1136 1749 Tetigit
1149 1667 1207 1731 lroc
1218 1683 1312 1748 genus
1326 1666 1452 1748 brachy-

290 1771 383 1853 lopiae
396 1772 516 1835 -sive
530 1773 597 1855 quis
612 1790 776 1855 praegnans
790 1788 883 1853 genua
898 1770 1038 1852 loquendi
1053 1770 1199 1853 appellare
1214 1769 1296 1832 malit
1311 1804 1351 1815 -
1362 1770 1452 1833 elium

289 1873 497 1949 namucum,
513 1876 633 1957 Syntax.
647 1895 677 1957 p.
696 1875 766 1946 108,
782 1875 851 1949 sed,
866 1881 900 1938 ut
913 1872 1096 1955 saepiuscule
1110 1873 1142 1937 in
1157 1890 1246 1955 opero
1259 1872 1309 1935 illo
1322 1871 1452 1947 iuvenili,

289 1977 433 2053 nonnulla
447 1975 553 2051 dipersi
566 1978 681 2059 generis
696 1979 835 2045 mmmm.

377 2079 412 2147 ln
425 2080 563 2163 proximo
578 2099 664 2147 versu
680 2080 743 2144 310

477 2176 601 2275 φερνάς
622 2201 658 2265 γε
668 2176 830 2262 ,πολέμου
850 2175 910 2245 καί
931 2175 1030 2266 δορὸς
1050 2175 1163 2260 λαβείν
1184 2173 1279 2264 γέρας

292 2302 383 2351 nemo
403 2302 465 2349 non
486 2285 627 2366 intellegit
646 2278 769 2368 φερνάς
787 2292 819 2347 et
837 2277 937 2367 γέρας
955 2283 1112 2347 commode
1133 2288 1275 2364 tanquam
1290 2281 1453 2363 praedicata

291 2390 338 2457 rol
357 2388 488 2470 epitheta
507 2388 598 2469 accipi
617 2405 706 2468 posse
726 2386 805 2450 vocis
825 2381 920 2466 λέχος
937 2388 969 2449 iu
988 2403 1075 2449 versu
1093 2386 1258 2467 superiore,
1284 2392 1318 2448 ut
1338 2384 1456 2461 licuerit

293 2500 398 2576 poetae
416 2490 464 2554 luis
484 2489 654 2554 accusativis
672 2489 718 2552 uti
735 2489 823 2553 etiam
844 2488 870 2551 si
883 2506 947 2552 non
959 2488 1118 2553 addidisset
1131 2486 1317 2569 participium
1332 2481 1452 2567 λαβών,

293 2612 320 2659 c.
336 2611 362 2655 α
376 2592 403 2656 si
416 2592 565 2674 posuisset
577 2586 636 2655 καί
651 2585 750 2675 ἀοράς
764 2588 878 2655 κοινοῦ
891 2587 996 2676 γέρας.
1022 2592 1125 2674 Neque
1139 2598 1204 2654 erat
1216 2590 1306 2670 igitur
1319 2608 1373 2653 cur
1383 2596 1453 2671 post

293 2690 417 2781 φερνάς
439 2712 476 2776 γε
496 2687 645 2772 πολέμου
664 2710 784 2759 comma
802 2704 978 2775 poneretur,
998 2695 1028 2758 id
1043 2694 1123 2776 quod
1138 2693 1175 2756 ab
1189 2693 1359 2757 Hermanno
1372 2692 1453 2755 aliis-

294 2814 352 2878 uue
366 2797 477 2861 lactum
492 2803 547 2871 est,
562 2793 646 2876 quusi
660 2813 721 2859 non
734 2797 859 2859 eandem
869 2798 1024 2879 utriusque
1034 2796 1188 2861 accusativi
1199 2796 1453 2860 constructionem

294 2915 359 2962 esse
381 2897 556 2979 putaverint.
585 2896 723 2960 Ceterum
737 2892 872 2982 φερνάς,
892 2916 955 2963 nou
968 2900 1026 2965 alio
1040 2918 1120 2964 nunc
1135 2918 1224 2981 quam
1239 2899 1332 2973 dotis,
1351 2917 1454 2979 αρσι-

293 2994 366 3087 adp,
385 2999 595 3081 significatione
610 2999 735 3071 dictum
756 3010 890 3065 accurate
905 3002 1059 3084 explicarit
1073 3003 1315 3065 Westermannus
1330 3001 1366 3063 ad
1381 3001 1454 3064 Plu·

294 3103 386 3169 larclu.
407 3102 468 3165 Sol.
488 3120 513 3164 α
534 3099 585 3163 20.
619 3100 744 3165 Additus
769 3104 913 3183 genitivus
940 3100 1087 3186 πολέμου
1112 3106 1214 3168 εἰσίασι
1231 3104 1311 3168 illam
1332 3109 1455 3185 propter

294 3205 404 3271 uoltum
420 3204 517 3269 datam
533 3222 597 3269 esec
612 3203 764 3283 signifieat.

379 3305 540 3381 Quaerenti
554 3305 660 3370 deinde
674 3307 739 3372 loni
751 3309 853 3372 solane
867 3329 905 3373 an
919 3328 979 3374 una
994 3329 1062 3376 cum
1078 3310 1185 3375 morito
1199 3307 1327 3391 Delphos
1342 3307 1455 3371 venerit

300 3410 411 3476 creusa
423 3407 585 3489 respondet
598 3428 625 3470 ν.
643 3408 720 3472 3¹2:

471 3505 530 3575 σίν
551 3501 663 3594 ἀνδρί·
686 3513 800 3597 σηκοῖς
821 3506 854 3576 δ’
876 3506 1046 3601 ίνστρέφει
1073 3508 1276 3599 Τροφωνίου.

296 3614 482 3679 Sicenimcx
493 3613 699 3679 emendatione
709 3616 847 3698 Smligcri
857 3618 1038 3698 scripserunt
1046 3617 1245 3681 Kirchhoffius
1255 3624 1286 3680 et
1295 3615 1453 3691 Noouios,

295 3735 389 3800 quum
405 3718 435 3780 in
446 3715 594 3783 mdiultus
604 3723 656 3780 aut
665 3713 766 3801 σηκὸς
780 3708 814 3780 d'
829 3707 864 3780 εὖ
879 3713 1016 3804 στρέφει
1031 3728 1083 3785 aut
1096 3717 1215 3809 σηνοές
1229 3717 1250 3780 d
1255 3711 1265 3740 ³
1280 3711 1454 3805 εάστρέφει

247 3874 249 3879 ,
295 3820 439 3902 scriptum
458 3817 511 3882 sit:
533 3836 713 3900 quamqmm
732 3813 903 3905 ένστρίφει
922 3822 979 3886 iam
999 3823 1031 3886 in
1044 3824 1148 3887 Aldina
1162 3831 1209 3886 est
1221 3842 1258 3885 er
1271 3841 1372 3904 apogr.
1387 3821 1454 3885 cod.

295 3923 362 3988 Par.
397 3920 528 3987 verbum
549 3914 739 4006 ίνστρέφειν
757 3930 808 3986 aut
827 3916 1071 4010 ένστρέφεσθαι
1087 3926 1159 4009 *licet
1178 3925 1246 3989 alibi
1267 3925 1393 3989 tortasse
1410 3924 1455 3988 sic

295 4030 470 4109 usurpatum
491 4040 554 4087 non
571 4022 750 4099 inueniatur,
771 4026 842 4089 satis
861 4034 961 4091 tamen
982 4028 1130 4092 munitum
1150 4029 1277 4093 arbitror
1296 4028 1386 4093 verbo
1401 4019 1455 4091 λν-

295 4124 523 4213 στρωφᾶσθαι
543 4135 573 4189 et
586 4128 711 4209 simplici
726 4125 954 4214 στρωφᾶσθαι
968 4132 1005 4195 de
1020 4150 1055 4196 eo
1070 4132 1122 4214 qui
1135 4132 1241 4195 alieubi
1255 4138 1400 4205 romaum,
1419 4136 1457 4194 ut

295 4250 342 4315 ap.
360 4230 465 4295 dach.
484 4229 587 4310 dgum.
605 4250 633 4291 v.
651 4229 733 4293 1224
757 4223 866 4295 λέοντ’
885 4223 1021 4297 ἀναλκιν
1045 4227 1081 4297 ίν
1098 4228 1187 4315 λέγει
1205 4225 1455 4321 στρωφώμενον.

298 4384 498 4398 ....-----

363 4453 391 4520 8)
407 4449 446 4505 Gi.
458 4457 592 4505 connum.
605 4452 637 4506 ad
647 4451 775 4515 Ptoureu
787 4455 916 4524 (ἕλωρ
931 4454 989 4509 194.
