3284 5152
690 425 840 525 ji*

181 617 399 696 aignifloandam
415 616 526 678 ictum
542 616 737 688 crebritatem,
754 631 812 696 qne
832 631 910 676 unes
929 613 1008 676 ensis
1028 613 1111 695 qnasi
1131 614 1341 695 multiplicatus

181 718 271 780 rideri
285 725 402 800 peeret3
416 735 520 780 rareor
533 723 633 779 tamen
649 735 835 800 magnopere,
851 733 906 778 nec
918 714 992 777 heac
1005 714 1081 777 ratio
1101 713 1233 795 argutior
1252 734 1341 795 quem

184 819 278 883 rarior
301 819 423 883 dicenda
450 819 497 882 eit.
528 819 636 882 Nostro
656 826 738 881 certa
760 819 825 881 loco
839 836 906 880 eam
920 816 1051 879 adbiberi
1066 835 1127 879 non
1142 836 1229 899 posse
1245 818 1341 879 mani·

182 920 289 984 tastum
304 930 359 995 eet
374 939 468 1003 quum
482 921 513 983 in
527 921 653 1002 imagine
673 919 814 983 crebritas
833 920 945 982 ictuum
967 920 1127 982 monstrari
1146 918 1228 983 nulio
1251 920 1341 982 modo

181 1023 318 1101 potnerit
337 1056 378 1069 -
388 1025 519 1086 burrum
534 1041 645 1096 ensem,
661 1022 844 1086 inhumanis
858 1021 978 1102 proeliis
992 1022 1137 1095 inutilem,
1152 1038 1232 1084 nune
1242 1021 1341 1084 divino

181 1123 263 1186 heroi
278 1124 422 1187 tributum
437 1143 498 1187 non
512 1125 605 1204 magis
620 1123 809 1197 mirabimur,
831 1142 919 1203 quem
942 1143 1064 1187 turcum
1083 1123 1160 1186 ioris
1180 1123 1340 1195 bidentem,

181 1225 322 1306 Apollinis
336 1227 484 1289 etliienae
498 1245 600 1289 nrum
620 1235 650 1288 et
670 1229 806 1308 sagittas,
829 1226 958 1308 eliasque
977 1246 1025 1289 res
1046 1227 1170 1289 deorum
1190 1225 1341 1307 plurimes,

180 1344 254 1408 quas
268 1345 329 1390 nun
345 1328 491 1391 inauratm
507 1337 689 1391 retornatas
701 1336 817 1390 tantum
829 1344 902 1389 anro
917 1329 1038 1408 cogitari
1053 1330 1098 1391 tas
1113 1336 1173 1401 eet,
1194 1329 1247 1390 sed
1264 1332 1340 1390 totas

179 1449 216 1491 ex
231 1448 302 1492 euro
312 1431 414 1503 hema,
428 1430 525 1493 divino
541 1430 590 1492 iilo
606 1430 727 1511 quidem
737 1438 768 1492 et
782 1429 819 1493 rb
829 1430 896 1504 boc,
912 1449 971 1511 quo
986 1448 1042 1493 noe
1064 1429 1202 1492 mortales
1217 1429 1340 1501 utimur,

180 1548 241 1593 non
258 1532 358 1595 minna
373 1551 462 1614 quam
479 1533 559 1614 ipsos
575 1532 646 1593 deos
661 1532 845 1595 immortales
860 1532 897 1595 ab
907 1532 1080 1595 hominibus
1095 1532 1219 1594 diverso.
1247 1532 1343 1612 Harpe

179 1641 277 1696 autam
292 1636 374 1708 (nam
390 1643 515 1697 utuntur
529 1635 587 1697 boo
610 1635 731 1697 nominc
741 1635 830 1697 etiam
843 1633 924 1697 latini
936 1639 1052 1714 poetae)
1068 1649 1126 1715 que
1136 1635 1232 1696 iorme
1243 1634 1343 1709 iuemt,

180 1734 349 1816 plenissime
363 1737 450 1804 docet
464 1736 590 1799 babillae
603 1736 704 1799 Tatius
719 1735 769 1808 ΙΙΙ,
782 1737 811 1810 7,
827 1737 878 1799 nbi
889 1736 1014 1799 Perseus
1028 1735 1203 1799 describitur
1216 1736 1342 1801 bebuam

181 1837 335 1912 marinam,
349 1839 399 1901 cni
413 1838 598 1901 Andromede
613 1838 744 1919 exposita
755 1838 860 1913 fuerat,
877 1839 1072 1901 obtruncans:
1094 1831 1262 1900 ὥπλισται
1285 1832 1345 1922 τὴν

181 1934 294 2015 δεξιὰν
316 1936 430 2024 deperi
449 1935 576 2024 σιδήρῳ
599 1930 646 2013 εἷς
662 1933 896 2018 deauctoraret
916 1933 1014 2024 ξίφος
1028 1933 1223 2024 ἐσχισμένον
1246 1929 1343 2019 ὄρχο-

179 2060 238 2103 τοιι
258 2035 319 2121 μὲν
340 2037 403 2121 γὰρ
425 2031 444 2124 ἡ
466 2034 564 2124 κώπη
586 2033 738 2103 κάτωθεν
760 2031 885 2126 ἀμφοῖν
912 2034 947 2103 dn
969 2042 1064 2122 μιᾶς,
1092 2035 1150 2104 καί
1175 2035 1264 2104 ἐστιν
1291 2024 1344 2127 ἐφ’

179 2134 291 2223 ἡμίσει
315 2139 373 2206 τοῦ
395 2137 536 2226 σιδήρου
559 2137 667 2226 ξίφος,
691 2135 843 2205 ἐντεῦθεν
858 2137 895 2206 dd
917 2133 1106 2226 ἀπορραγὲν
1119 2137 1159 2203 το
1179 2137 1240 2221 μὲν
1255 2137 1342 2221 rigd-

180 2263 281 2314 mnr,
302 2239 341 2307 τὸ
363 2239 401 2306 δὲ
423 2237 686 2322 ἐπικάμπτοται·
708 2238 766 2306 καὶ
787 2238 826 2305 sd
847 2239 907 2325 μὲν
928 2235 1269 2324 dicereenervetur
1292 2238 1344 2322 ξί-

179 2361 245 2428 φος
266 2336 311 2419 οἷς
326 2335 455 2427 ἤρξατο,
477 2340 516 2407 τὰ
539 2340 577 2406 dd
598 2338 830 2424 καμπτόμενον
853 2339 1016 2425 δρέπανον
1038 2340 1179 2428 γίνεται,
1202 2341 1256 2405 ἵνα
1280 2348 1346 2431 μιᾷ

180 2441 292 2530 πληγῇ
313 2442 352 2507 sd
372 2441 432 2524 nde
452 2439 561 2531 dpeidp
583 2441 641 2530 τήν
662 2440 801 2529 σφαγήν,
824 2441 863 2508 rd
885 2443 922 2508 dd
942 2443 1044 2533 κρατῇ
1065 2443 1125 2530 τήν
1138 2440 1249 2531 τομήν.
1274 2448 1345 2510 Erat

181 2547 268 2627 igitur
283 2547 372 2629 ber-pa
386 2549 466 2610 eneis
485 2547 621 2620 falsatus,
633 2548 665 2618 b.
688 2568 715 2611 e.
736 2546 825 2611 bifida
845 2547 952 2611 lemine
972 2549 1277 2630 instructns‚'pertim
1299 2552 1344 2613 di-

179 2656 269 2723 recta,
285 2650 391 2730 partim
407 2651 437 2712 in
452 2650 533 2713 taleis
549 2649 670 2712 modum
686 2650 820 2723 incurro,
837 2651 915 2713 unde
931 2667 991 2713 non
1006 2651 1115 2712 mirum
1137 2651 1167 2710 in
1187 2652 1345 2733 theogonia

179 2753 347 2833 promiscue
364 2745 474 2835 ἅρπην
488 2760 519 2814 et
535 2746 699 2835 δρέπανον
713 2752 779 2826 dici,
795 2771 822 2813 v.
840 2751 910 2814 162.
934 2753 1003 2813 t'ib.
1024 2751 1099 2826 1793
1120 2770 1266 2834 usumque
1282 2757 1345 2818 aius

179 2854 271 2935 magis
286 2855 364 2935 apud
379 2854 519 2916 barbaros
535 2873 624 2936 quam
639 2853 716 2935 apud
729 2855 856 2917 Graecos
870 2854 1091 2935 frequentatum
1107 2855 1198 2918 inisse
1214 2865 1344 2920 constet:

179 2973 247 3017 nem
263 2955 340 3036 apud
357 2956 411 3019 bos
424 2956 470 3018 vix
486 2966 669 3019 memoretur
682 2964 888 3039 praeterquam
904 2956 934 3017 in
949 2955 1054 3018 fabulis
1076 2956 1112 3018 de
1128 2957 1255 3021 Saturno
1272 2960 1343 3022 Cae·

179 3057 241 3119 inm
255 3065 370 3138 patrem
386 3066 547 3134 restruere,
563 3059 599 3121 de
620 3061 688 3123 iove
708 3059 882 3140 'typhoeum
904 3058 1066 3121 debellante
1076 3061 1122 3136 8),
1144 3060 1181 3122 dc
1201 3060 1343 3125 Mercurio

176 3159 286 3240 Argum
302 3159 497 3234 murimonte,
514 3162 550 3223 de
564 3162 674 3224 Perseo
689 3159 840 3223 Medusam
852 3160 1038 3242 belluemque
1049 3163 1204 3236 marinam,
1219 3164 1265 3225 cui
1280 3166 1341 3226 An-

177 3261 318 3335 dromede
333 3262 465 3343 exposita
479 3262 588 3336 tuerat,
610 3263 812 3336 intermedie,
828 3262 956 3344 denique
971 3264 1007 3325 de
1019 3263 1142 3327 Hercule
1159 3266 1188 3327 in
1204 3266 1261 3329 boc
1276 3286 1343 3329 cum

176 3363 268 3443 hydra
284 3364 459 3431 certamine,
476 3384 550 3445 quae
564 3384 613 3428 res
634 3366 814 3429 documento
835 3384 900 3429 esse
920 3371 1033 3446 potest,
1054 3386 1114 3447 quo
1134 3375 1269 3449 tempora
1289 3370 1344 3431 bae

175 3464 291 3528 fabulae
305 3474 499 3529 nascerentur
513 3484 573 3530 non
586 3467 800 3548 infrequentem
816 3467 923 3546 barpae
937 3485 1025 3530 usum
1039 3471 1116 3550 apud
1130 3470 1256 3533 Graecos
1269 3470 1342 3534 tub·

175 3586 208 3629 aa
223 3568 320 3631 adbuc
333 3568 460 3630 tortasse
475 3569 506 3630 in
517 3568 583 3631 baie
599 3568 763 3631 habitantes
778 3568 905 3630 necdum
926 3568 957 3632 in
973 3569 1124 3634 Graeciam
1143 3580 1342 3654 transgressos

174 3677 206 3731 et
220 3689 237 3732 e
252 3669 383 3751 cognatis
397 3670 511 3732 usionis
525 3670 675 3732 discretae.
705 3671 779 3733 Nem
794 3671 872 3733 baud
888 3671 1024 3753 exiguam
1045 3673 1182 3736 tabularis
1205 3675 1344 3738 historiae

175 3779 291 3853 partem
306 3770 435 3851 origines
451 3771 558 3833 babere
574 3771 629 3833 bac
643 3771 823 3835 Graecorum
838 3773 868 3836 in
883 3773 1031 3855 Europam
1045 3776 1217 3857 migratione
1230 3777 1343 3858 priores

173 3873 327 3935 neminem
352 3873 451 3953 iugem
477 3880 590 3954 potest:
620 3891 675 3936 nec
694 3874 869 3939 mirabimur
888 3884 1041 3957 propterea
1063 3886 1124 3940 tem
1148 3880 1240 3942 muita
1259 3881 1288 3941 in
1308 3879 1343 3943 iia

174 3975 345 4039 communia
359 3975 477 4038 Graecis
489 3995 557 4038 cum
573 3977 688 4058 populis
704 3978 818 4040 Asianis
830 3997 906 4052 esse,
922 3998 997 4061 qnae
1009 3980 1107 4044 omnia
1119 3981 1170 4062 qui
1179 3982 1342 4062 posteriore

173 4077 295 4139 domurn
310 4084 404 4140 aetate
418 4098 455 4141 en
470 4079 583 4142 crisme
599 4079 628 4140 in
645 4078 796 4142 Graeciam
812 4081 951 4143 translata
973 4090 1086 4163 putant,
1102 4084 1201 4146 minue
1216 4085 1341 4148 οἰνοποι-

174 4187 276 4260 spscte
289 4179 417 4243 indicere
431 4180 576 4243 videnter.
608 4181 667 4244 Sed
681 4181 718 4243 de
732 4180 779 4245 bis
793 4183 942 4265 disputare
957 4202 1017 4247 οοο
1032 4192 1077 4249 est
1094 4186 1186 4249 buius
1207 4187 1277 4250 ioci:
1300 4188 1336 4248 de

243 4411 268 4474 dt
288 4412 359 4477 bpnd
370 4414 535 4481 Appoiiodor.
549 4414 569 4481 1,
581 4417 606 4481 6,
616 4418 640 4481 ³,
654 4417 678 4468 7.
