3190 5136
753 442 951 542 A.

269 631 374 693 Paride
388 632 507 694 dicitur:
534 622 629 716 ἔτλης
641 625 733 692 θεῶν
748 620 882 703 ἅλοιτὸς
895 623 1034 713 ἐκβῆναι
1047 619 1157 712 δίκην,
1172 618 1293 704 λάξας
1304 619 1435 710 τρόπα-

271 729 328 810 ζαν
346 725 590 807 κάνακοπῶοας
607 725 720 812 θέμιν.
756 732 856 812 ltsquo
869 731 1022 793 volusmnt
1035 729 1076 792 illi
1100 723 1268 810 λάκτισμα
1294 721 1434 792 δείπνου

268 836 347 898 idem
363 856 428 898 esse
443 837 522 918 quod
539 827 702 915 ἀτίμωσιν
715 829 888 917 τραπέζας,
904 833 1152 915 quemadmodum
1165 832 1326 914 Aeschylus
1341 850 1434 912 supro

269 939 408 1020 loquutus
429 948 474 1001 est
488 959 514 1000 v.
530 939 607 1012 6773
637 938 774 1017 quodque
795 938 831 998 de
849 935 963 998 Paridis
986 935 1092 997 iniuria
1113 943 1193 996 recto
1211 934 1330 1007 dicitur,
1353 933 1435 996 idem

270 1041 357 1104 etiam
372 1042 409 1103 de
422 1040 501 1103 Atrei
520 1040 650 1102 facinore
668 1040 724 1101 dici
744 1039 877 1120 potuisse
896 1038 1007 1119 opinati
1026 1045 1104 1100 sunt
1147 1038 1238 1100 Miror
1252 1037 1435 1109 Schhtaium,

270 1144 408 1223 elegantis
422 1143 552 1222 alicqmu
575 1141 682 1221 ingenii
701 1142 812 1216 rhum,
836 1149 865 1203 et
885 1141 944 1203 hoc
961 1140 1082 1203 nomine
1104 1140 1208 1203 ceteris
1224 1139 1435 1221 interpretibus

269 1247 417 1326 plerisque
430 1246 517 1324 longe
531 1245 790 1325 praestantiorem,
805 1261 868 1304 non
882 1244 1074 1323 persensisse,
1088 1261 1177 1324 quem
1192 1243 1251 1305 hoc
1265 1241 1436 1304 incredibile

270 1357 299 1410 et
312 1355 399 1427 poeta
413 1348 458 1409 rel
472 1347 622 1421 mediocri,
637 1346 745 1408 nedum
760 1345 917 1424 Aeschylo,
932 1344 1085 1425 indignum
1099 1355 1185 1407 esset.
1229 1344 1361 1423 Namque
1375 1343 1435 1405 Pa-

269 1449 342 1513 ridis
357 1456 522 1528 peccatum,
542 1448 674 1529 quamvis
693 1446 880 1527 vituperabile
895 1456 925 1509 et
943 1444 1018 1511 iusta
1040 1449 1164 1511 deorum
1182 1445 1436 1509 animadversione

270 1552 405 1631 dignum,
427 1559 540 1625 umen,
563 1551 589 1612 si
604 1569 672 1613 cum
689 1551 766 1611 Atrei
780 1549 910 1612 facinore
924 1560 1124 1631 comparatur,
1150 1551 1211 1611 leve
1225 1558 1254 1610 et
1269 1548 1434 1610 humanum

269 1653 359 1716 videri
374 1652 467 1715 dehet
510 1653 575 1725 llle,
595 1653 704 1716 alienae
718 1653 848 1714 mulieris
863 1671 964 1715 amore
979 1661 1091 1732 ceptus,
1107 1651 1228 1732 hospitii
1242 1651 1288 1713 ius
1304 1650 1436 1724 violarim

269 1758 390 1830 Atreus,
405 1756 503 1819 haeris
519 1756 588 1817 odio
602 1756 814 1828 inflammatus,
834 1755 1018 1817 sanctissima
1033 1763 1153 1816 naturae
1167 1754 1230 1815 iure
1244 1752 1436 1827 conculcarit,

270 1858 419 1919 innocenti
433 1876 593 1937 puerorum
609 1858 751 1937 sanguine
770 1877 803 1919 sc
824 1857 940 1938 polluit,
962 1856 1089 1918 liliorum
1108 1856 1218 1918 viscera
1238 1856 1314 1935 patri
1333 1875 1435 1918 eome-

270 1961 364 2022 deuda
380 1960 467 2034 dedit,
482 1960 607 2040 denique
621 1960 650 2020 id
666 1959 782 2021 sceleris
797 1958 954 2033 commisit,
973 1959 1057 2020 cuius
1068 1958 1251 2020 atrocitatem
1265 1958 1346 2020 nullo
1361 1959 1436 2020 setis

269 2062 348 2140 gravi
362 2061 452 2123 verbo
467 2069 570 2124 notare
580 2062 655 2135 licet,
671 2063 750 2142 quod
763 2080 882 2123 omnem
895 2062 1083 2123 humanitatis
1095 2070 1214 2141 captum
1225 2059 1345 2136 excedit,
1359 2060 1436 2123 adeo

271 2173 303 2226 ut
317 2164 369 2226 Sol
387 2164 464 2244 ipsc,
479 2165 529 2244 qui
543 2172 589 2225 tot
599 2164 752 2226 hominum
766 2165 875 2226 seelera
887 2163 1016 2243 quotidie
1028 2163 1165 2238 inuretur,
1181 2171 1278 2226 tamen
1290 2164 1436 2225 hoccon-

270 2275 372 2347 specto
387 2266 490 2328 oculos
505 2266 669 2328 obvolvisse
684 2266 805 2328 dicatur.
849 2267 886 2328 Et
901 2265 1063 2345 Thyesten,
1088 2273 1148 2327 mm
1164 2265 1284 2327 immani
1306 2265 1437 2328 facinore

270 2368 395 2441 laesum,
418 2367 490 2428 nihil
509 2367 585 2429 aliud
601 2376 795 2447 conquestum
812 2387 891 2441 esse,
908 2386 995 2448 quam
1010 2386 1129 2429 mensae
1142 2368 1296 2448 hospitalis
1311 2376 1361 2429 aut
1375 2387 1436 2447 po·

271 2471 329 2531 tius
351 2469 473 2530 convivii
493 2467 700 2531 violationem?
715 2470 803 2549 idque
818 2487 880 2531 nos
895 2470 1019 2549 aliquem
1033 2469 1070 2531 de
1091 2470 1174 2531 trivio
1190 2470 1437 2544 versificatorem,

272 2571 323 2633 sed
338 2571 519 2651 Aeschylum,
536 2572 680 2645 omnium,
695 2580 840 2651 quotquot
854 2573 985 2645 luerunt,
1000 2582 1153 2652 poetarum
1168 2573 1255 2651 longe
1269 2571 1436 2652 principem

271 2673 314 2734 sic
328 2670 454 2734 iecisse?
474 2672 560 2735 Absit
574 2673 610 2735 ab
624 2673 672 2735 illo
688 2675 813 2736 dedecus
830 2676 899 2749 hoe,
913 2674 1009 2737 absint
1025 2675 1197 2755 interpretes
1212 2675 1278 2737 talia
1293 2674 1436 2736 terentes!

271 2774 369 2837 Satius
389 2776 522 2854 prolecto
542 2776 650 2848 luerat,
673 2775 738 2837 illos
758 2776 872 2850 audire,
899 2778 948 2856 qui
963 2777 1109 2858 Thyesten
1130 2785 1281 2857 comperto
1304 2778 1437 2840 facinore

270 2876 384 2939 exsilire
395 2877 431 2938 de
442 2876 511 2939 sede
523 2896 713 2957 mensemque
724 2897 853 2940 eversam
865 2879 990 2959 pedihus
1007 2881 1177 2943 conculcare
1196 2880 1342 2954 fecerunt,
1360 2898 1439 2959 quac

271 2979 430 3052 sententia,
445 2978 577 3058 quemvis
592 2979 749 3041 manifesto
765 2980 836 3042 laisa
850 2998 946 3060 neque
960 2980 1020 3043 ullo
1035 2983 1127 3044 modo
1142 3002 1176 3044 ex
1191 2981 1324 3063 Aeschyli
1339 2983 1438 3045 verbis

273 3081 423 3153 elicienda,
441 3088 554 3153 tamem
575 3079 600 3141 si
615 3098 678 3141 rem
692 3079 787 3159 ipsam
803 3081 955 3157 intuearis,
975 3084 1074 3146 minus
1089 3084 1185 3164 inepta
1205 3085 1362 3164 minusque
1376 3085 1439 3147 hoc

271 3192 357 3263 poeta
372 3181 489 3261 indigna
505 3181 593 3242 videri
608 3180 704 3242 tebet
750 3182 826 3255 Quid
847 3194 943 3247 entem
957 3187 1247 3266 Aeschylus-dixerit,
1262 3186 1359 3249 suum
1380 3206 1438 3267 pa·

271 3286 357 3345 tefiet
401 3284 477 3344 Nota
491 3291 561 3344 sunt
580 3302 615 3344 er
629 3282 759 3345 Homero
776 3276 980 3370 ἀναθήματα
995 3282 1123 3365 δαιτός,
1145 3284 1260 3373 μολπή
1276 3285 1335 3351 καὶ
1349 3282 1440 3374 φόρ-

270 3382 361 3468 μιγξ,
387 3403 479 3465 quum
499 3385 541 3447 vel
557 3393 660 3447 centor
679 3385 782 3466 aliquis
802 3390 952 3467 epulantes
975 3400 1062 3452 cantu
1077 3410 1132 3452 suo
1153 3391 1290 3466 oblectat,
1314 3390 1439 3471 eclipsi

272 3506 388 3569 quoquc
402 3487 539 3549 convivae
553 3505 606 3567 per
621 3487 698 3549 viees
714 3498 834 3551 canunt:
853 3510 944 3572 eaque
958 3510 1066 3555 coenae
1085 3492 1294 3556 ohlestomente
1309 3484 1441 3577 ἀκροά-

269 3610 361 3670 ματα
375 3597 446 3651 sunt
460 3589 503 3650 vel
518 3578 722 3669 ἀκούσματα,
738 3593 818 3670 quod
832 3594 1007 3656 vocabulum
1022 3595 1102 3675 apud
1112 3595 1224 3657 Atticos
1238 3597 1331 3676 magis
1346 3615 1438 3677 quum

271 3693 340 3754 illud
359 3693 483 3754 alterum
501 3691 641 3755 usitatum
660 3694 751 3755 luisse
769 3697 948 3773 grammatici
968 3704 1119 3760 testantur.
1163 3698 1248 3760 Nunc
1265 3708 1376 3772 autem,
1403 3700 1438 3761 in

270 3795 330 3857 hoc
343 3795 469 3857 infausto
483 3794 562 3856 Atrei
577 3795 718 3868 convivio,
735 3815 790 3876 pro
805 3808 891 3861 cantu
907 3799 990 3861 hilari
1004 3808 1033 3861 et
1047 3799 1206 3863 delectabili
1221 3800 1283 3863 dira
1294 3801 1440 3882 Thyestae

270 3916 327 3959 vos
341 3897 438 3959 audita
451 3906 504 3971 est,
520 3914 611 3978 quum
626 3898 734 3959 iustam
748 3899 849 3961 domui
864 3901 1023 3979 perniciem
1038 3901 1256 3980 imprecaretur,

474 3989 653 4079 ἔτ’κουσμα
676 3992 812 4061 δείπνου
835 3995 996 4077 συνδίκως
1016 3997 1130 4077 τιθεὶς
1153 3994 1243 4088 ἀράν.

272 4102 358 4165 Nullo
374 4101 500 4182 amplius
515 4101 603 4163 verbo
619 4119 695 4181 opus
710 4109 764 4162 est.
803 4101 929 4165 Tantum
945 4105 981 4166 de
994 4103 1130 4166 adverbio
1145 4098 1307 4182 συνδίκως
1321 4106 1438 4179 addam,

271 4222 332 4266 non
347 4204 437 4267 videri
452 4204 481 4266 id
497 4203 584 4275 mihi,
601 4222 666 4265 cum
682 4203 866 4278 Hermanno,
882 4206 1055 4269 trahendum
1072 4207 1107 4267 ad
1122 4207 1292 4287 proximum
1306 4227 1436 4283 versum,

271 4300 374 4382 οὕτως
388 4297 531 4368 ὀλέσθαι
546 4302 614 4366 πᾶν
628 4301 667 4368 τὸ
682 4299 910 4382 Πλεισθένους
924 4302 1024 4390 γένος,
1040 4316 1069 4369 et
1084 4307 1249 4388 significare
1263 4311 1320 4391 iq.
1337 4330 1436 4373 com-

271 4408 440 4481 muniter,
456 4407 634 4469 communi
649 4407 801 4483 iustitia,
816 4410 1053 4492 sedessepotius
1064 4411 1083 4473 i.
1095 4407 1342 4498 pauperrime.
1361 4415 1435 4476 Nam
