3154 5138
789 437 990 537 ,εει-

309 627 488 689 mentatione
503 626 596 689 aliena
610 645 676 689 esse
694 625 815 688 ridetur.
844 624 981 688 Relutare
1000 625 1077 687 enim
1096 625 1121 687 is
1136 625 1296 707 Epicureos
1315 626 1388 700 vult,
1409 628 1468 708 qui,

311 747 403 809 quum
418 730 542 792 deorum
561 738 694 792 naturam
715 728 828 792 beatam
848 736 878 790 et
897 735 1044 790 aeternam
1063 746 1130 791 esse
1148 729 1258 810 pariter
1276 748 1343 792 cnm
1363 730 1468 792 ceteris

311 840 483 908 statuerent,
509 824 753 894 lomam'tamen
775 831 898 893 deorum
920 849 983 892 non
1004 831 1089 893 aliam
1111 850 1198 912 quam
1223 833 1382 894 humanam
1402 851 1470 894 esse

309 955 401 1018 posse
414 935 639 998 contendebant.
674 935 773 1015 Atqui,
793 932 887 1015 inquit
900 933 959 1008 ille,
979 952 1071 1014 quum
1085 934 1168 997 beata
1187 943 1216 997 et
1230 944 1345 998 aetema
1365 944 1469 997 natura

311 1046 475 1120 quaeratur,
494 1037 567 1116 (scil.
584 1056 640 1117 qua
655 1038 749 1099 forma
765 1037 824 1115 sit)
841 1037 955 1117 qualem
971 1045 1107 1099 naturam
1122 1038 1244 1100 deorum
1260 1058 1326 1100 esse
1342 1045 1469 1112 constat,

310 1148 541 1203 consentaneum
553 1139 650 1213 estab
662 1141 825 1202 hacnatura
835 1138 980 1215 homines,
991 1140 1067 1201 sicut
1076 1141 1292 1203 immortalitate
1302 1141 1470 1215 vincuntur,

309 1243 348 1305 ita
363 1243 449 1305 etiam
465 1241 555 1304 animi
569 1241 745 1322 praestantia
763 1241 854 1315 vinci,
875 1249 961 1322 atque
979 1249 1013 1304 ut
1031 1241 1134 1316 animi,
1156 1243 1200 1305 sic
1217 1243 1303 1306 etiam
1324 1244 1470 1325 corporis,

309 1344 359 1406 Vis
375 1344 462 1424 igitur
476 1343 638 1424 argumenti
653 1344 683 1404 in
698 1364 734 1405 eo
750 1352 873 1418 constat,
889 1344 978 1424 quod,
993 1346 1068 1407 sicut
1081 1348 1200 1427 propria
1216 1347 1338 1409 deorum
1350 1354 1473 1409 naturae

310 1464 406 1528 neque
420 1466 487 1510 cum
503 1446 672 1508 bominibus
693 1448 858 1510 communis
878 1456 923 1509 est
941 1449 1157 1523 immortalitas,
1176 1450 1220 1511 sic
1239 1458 1474 1512 consentaneum

262 1557 294 1609 25
312 1557 371 1623 est,
398 1549 484 1611 etiam
506 1548 714 1630 praestantiam
738 1569 828 1631 quum
850 1548 940 1612 animi
961 1557 1023 1612 tum
1046 1549 1180 1630 corporis
1202 1558 1231 1612 et
1252 1551 1363 1613 formae
1384 1570 1474 1613 snam

310 1651 434 1715 deorum
450 1670 484 1714 ac
497 1651 657 1732 propriam,
670 1669 766 1732 nequc
782 1670 848 1713 cum
863 1651 1032 1714 bominibus
1048 1670 1238 1715 communem
1250 1661 1300 1715 aut
1310 1671 1412 1716 eorum
1428 1654 1474 1715 si·

310 1753 416 1817 milem'
428 1773 502 1816 esse.
538 1753 582 1814 Ad
597 1752 767 1815 huiusmodi
785 1761 883 1816 autem
903 1755 1183 1834 argumentationem
1202 1773 1263 1817 non
1284 1773 1355 1818 sano
1373 1757 1474 1832 refert,

309 1866 409 1919 utrum
425 1857 487 1919 sola
501 1856 649 1918 beatitudo
665 1864 694 1916 et
708 1855 861 1917 aeternitas
878 1855 973 1919 divina
987 1857 1016 1919 b.
1033 1877 1058 1919 e.
1079 1856 1192 1921 divinae
1210 1866 1330 1925 naturae
1348 1858 1474 1939 propria

310 1962 382 2036 sint,
402 1959 544 2023 anoliam
565 1968 679 2040 praeter
697 1960 768 2021 haec
786 1958 855 2021 alia:
878 1959 965 2020 celem
984 1962 1188 2022 tantummodo
1209 1960 1329 2041 propria
1349 1979 1382 2021 ea
1404 1980 1474 2022 esse

309 2064 401 2126 solius
415 2062 539 2125 deorum
555 2069 683 2134 naturae,
699 2079 794 2141 neque
808 2079 875 2122 cum
889 2061 1060 2124 hominibus
1075 2070 1124 2125 aut
1135 2082 1283 2143 quoquam
1296 2062 1350 2124 alio
1363 2080 1474 2140 genere

309 2165 486 2229 communia.
524 2163 605 2225 Hanc
629 2163 718 2243 igitur
736 2163 911 2224 seutentiam
931 2162 1030 2225 inesse
1049 2164 1151 2245 aliquis
1176 2166 1279 2228 dixerit
1301 2166 1331 2228 in
1357 2166 1474 2246 vulgata

309 2278 376 2333 anto
390 2268 549 2330 Victorium
565 2267 701 2327 lectione:
721 2284 809 2346 quae
823 2264 900 2326 sola
920 2264 955 2326 in
975 2265 1092 2329 divina
1110 2275 1234 2330 natura
1254 2276 1351 2343 sunt3
1370 2268 1474 2331 obstat

308 2380 407 2434 tamen
422 2369 572 2433 collocatio
588 2367 758 2441 verborum,
778 2386 852 2448 quae
871 2368 946 2429 sola
961 2387 978 2428 a
996 2368 1172 2448 pronomine
1185 2370 1303 2433 relativo
1319 2370 1474 2450 diiungcre

309 2483 420 2536 etcum
441 2471 560 2534 divina
580 2476 704 2531 natura
724 2468 946 2548 coniungere
960 2470 1006 2532 rix
1020 2471 1098 2533 sinit
1127 2474 1202 2535 Vera
1221 2482 1267 2535 cst
1285 2474 1362 2535 haud
1383 2473 1474 2536 dubie

309 2575 396 2637 lectio
417 2574 481 2637 cod.
497 2574 586 2635 Palat.
608 2571 727 2634 secundi
747 2579 777 2632 ct
795 2571 985 2634 Woweriani:
1006 2591 1092 2652 quae
1112 2576 1188 2638 sola
1207 2575 1323 2638 divina
1342 2583 1475 2639 natura

309 2686 371 2739 est
406 2676 517 2739 Placuit
530 2675 601 2736 baec
615 2672 702 2735 mam
717 2673 900 2747 Heindorfio,
921 2675 972 2736 sed
987 2675 1061 2737 ratio
1081 2678 1143 2740 eius
1162 2696 1224 2740 non
1238 2677 1278 2740 ita
1295 2686 1330 2740 ut
1347 2678 1476 2742 debebat

309 2779 346 2841 ab
357 2798 392 2841 eo
404 2778 542 2860 explicata
553 2784 607 2851 est,
622 2776 653 2839 id
664 2775 744 2855 quod
755 2776 879 2838 lortasse
889 2776 919 2837 in
932 2778 1091 2855 consuluit,
1105 2791 1138 2842 ut
1148 2780 1259 2843 nemini
1269 2780 1474 2861 posteriorum

309 2882 456 2945 editomm
471 2878 667 2962 persuaderet.
696 2878 744 2940 Ait
757 2879 834 2939 enim
854 2898 941 2958 quae
958 2900 1024 2943 esse
1038 2882 1057 2943 i.
1073 2901 1100 2962 q.
1117 2885 1225 2964 qualis:
1246 2902 1306 2964 quo
1325 2884 1418 2947 modo
1442 2885 1475 2948 in

309 2985 359 3046 tali
374 2984 491 3064 quidem
510 2989 646 3044 contextu
666 2997 833 3059 pronomen
852 2981 921 3043 illud
941 2983 1078 3064 usurpari
1096 3003 1158 3047 non
1176 2986 1311 3066 potuisse
1329 2994 1409 3051 recte
1433 2989 1475 3050 illi

309 3092 477 3160 senserunt,
497 3084 609 3147 etiamsi
628 3081 801 3144 sententiam
822 3083 865 3145 sic
879 3094 1030 3166 peraptum
1047 3086 1168 3150 evadere
1181 3106 1243 3151 non
1257 3097 1393 3171 poterant
1404 3108 1475 3152 non

309 3190 476 3270 intelligere.
511 3187 569 3249 Sed
585 3186 657 3248 baec
669 3185 748 3265 ipsa,
768 3204 824 3265 qua
841 3205 916 3266 opus
932 3196 991 3262 est,
1008 3190 1150 3252 sententia
1164 3192 1295 3268 efficitur,
1315 3192 1339 3254 si
1353 3210 1476 3274 prono·
1566 3266 1567 3269 Ἴ

308 3311 377 3356 men
393 3311 480 3373 quae
494 3307 556 3351 non
571 3288 624 3351 alia
640 3306 728 3367 quam
744 3288 864 3367 propria
880 3308 933 3353 sua
947 3291 972 3352 ri
989 3293 1136 3374 accipitur,
1151 3295 1243 3356 modo
1258 3313 1295 3357 nc
1309 3304 1426 3357 erretur
1436 3294 1476 3357 de

309 3393 537 3458 constructione.
571 3390 683 3469 Nempe
702 3408 790 3469 quae
806 3408 868 3453 non
883 3400 929 3454 est
943 3394 1072 3457 seminini
1087 3396 1203 3476 generis
1217 3398 1391 3479 numerique
1405 3398 1475 3460 sin·

309 3498 430 3578 gadaris,
450 3496 501 3559 sed
516 3493 632 3575 generis
646 3492 742 3554 neutri
763 3500 792 3554 et
812 3494 931 3574 pluralis
950 3499 1078 3573 numeri,
1097 3500 1280 3581 referturque
1293 3501 1329 3562 ad
1344 3501 1476 3580 qualita-

308 3609 372 3662 tum
386 3617 502 3673 carum‚
519 3616 592 3678 quae
607 3593 754 3658 adiectiris
768 3594 870 3659 beata
884 3606 913 3659 et
927 3607 1070 3663 aeterna
1085 3602 1299 3683 significantur,
1318 3604 1475 3666 notiones.

309 3702 422 3778 Quodsi
436 3720 528 3764 unum
544 3697 717 3762 adiectivum
732 3707 824 3771 esset,
845 3701 968 3782 exempli
988 3721 1090 3766 causa:
1115 3723 1221 3785 quum
1241 3715 1389 3769 aeterna
1410 3725 1476 3769 na·

307 3815 387 3869 tura
402 3812 606 3886 quaeratum
627 3818 793 3881 pronomen
808 3801 894 3863 etiam
911 3804 1049 3884 singulari
1068 3824 1192 3870 numero
1207 3810 1376 3889 ponendum
1393 3810 1476 3873 luis-

308 3916 365 3971 set:
385 3908 477 3990 qnod
493 3907 567 3969 sola
583 3905 699 3968 divina
715 3911 841 3966 natura
856 3912 924 3967 est:
944 3910 1193 3989 quemadmodum
1208 3919 1254 3973 est
1268 3912 1410 3974 deFinib.
1425 3913 1477 3987 lV,

308 4010 363 4072 ιιι
386 4021 425 4072 ut
446 4010 513 4072 iam
535 4025 656 4070 omnes
679 4005 897 4086 insipientes
924 4010 996 4074 sint
1019 4013 1158 4088 miseri,
1184 4015 1276 4096 quod
1300 4016 1476 4094 prolecto

308 4123 399 4175 sunt.
423 4113 492 4176 Gcll.
504 4112 539 4174 N.
552 4112 585 4174 Α.
597 4108 696 4181 xvur,
715 4108 762 4180 13,
779 4110 812 4169 5:
828 4113 991 4190 quodnix
1006 4125 1074 4192 est,
1089 4116 1158 4179 hoc
1172 4117 1305 4196 grando
1320 4134 1393 4183 non
1406 4128 1477 4181 est

307 4215 493 4279 nixantem
509 4214 586 4277 alba
601 4225 669 4291 est,
690 4217 824 4296 grando
840 4215 951 4295 igitur
966 4216 1041 4281 alba
1060 4236 1133 4281 non
1153 4227 1216 4282 est
1252 4219 1373 4300 aliisque
1397 4220 1479 4285 locis

306 4319 384 4400 apud
403 4318 619 4399 Wopkensium
637 4318 728 4382 Lectt
744 4319 819 4382 Tull.
842 4321 867 4395 1,
886 4320 924 4380 21
947 4340 977 4400 p.
1000 4322 1075 4383 115:
1095 4339 1191 4402 neque
1210 4321 1292 4384 aliter
1309 4321 1386 4383 inira
1409 4324 1478 4387 hui.

306 4421 373 4484 libri
393 4439 457 4501 cap.
479 4420 528 4494 37,
551 4419 625 4482 103:
646 4422 773 4502 quibus
792 4423 896 4485 rebus
917 4422 964 4494 id,
989 4424 1083 4504 qnod
1106 4423 1230 4500 vultis,
1255 4423 1384 4486 beatus
1408 4437 1477 4490 εει
