3266 5140
657 438 855 536 ..Ψ-9,..

180 626 392 701 consiliarium,
412 626 495 688 cuius
510 625 640 688 consiliis
656 624 689 687 ln
704 623 839 688 maximis
857 623 945 686 rebus
959 632 1119 688 uterentur.
1133 660 1177 672 »-
1190 624 1251 688 Nec
1265 645 1333 689 rera

180 729 288 791 mirum
308 737 367 805 est,
388 729 475 792 emm
495 726 654 810 paullulum
677 727 791 790 ddamta
813 727 1025 807 significatione
1045 747 1098 790 eos
1119 745 1333 810 nonnunquam

182 844 315 895 auctores
329 833 434 905 vocari,
450 833 499 912 qui
519 851 581 895 non
599 832 696 894 verbis
715 840 744 893 et
761 831 880 903 aiendo,
899 831 951 893 sed
970 831 1027 893 alio
1049 850 1224 913 quocunque
1242 833 1333 894 modo

181 937 269 999 iidem
290 936 375 997 nobis
398 936 507 998 iaciunt
531 944 581 997 aut
607 936 644 998 ad
670 934 932 1014 obtemperandum
957 953 1013 996 nos
1039 944 1223 1014 permovent,
1248 935 1334 997 veluti

180 1039 301 1101 Plautus
320 1038 389 1100 dicit
409 1038 489 1100 'irin
515 1041 545 1112 1,
566 1039 601 1111 2,
620 1038 675 1099 70:
696 1055 770 1098 rem
789 1035 854 1098 tili
872 1048 1052 1099 auctorem
1072 1035 1161 1098 dala
1181 1037 1210 1098 h.
1226 1056 1251 1097 e.
1271 1055 1333 1099 rem

182 1139 231 1202 tibi
252 1140 327 1202 dabo
347 1141 393 1202 cni
411 1141 497 1202 iidem
518 1140 641 1212 habeas,
661 1148 691 1202 et
710 1139 809 1201 Cicero
830 1139 866 1201 do
884 1139 973 1200 divin.
995 1140 1026 1213 1,
1048 1140 1101 1200 15:
1121 1139 1179 1201 sili
1192 1157 1241 1201 eas
1256 1157 1332 1211 acea,
1414 1164 1417 1169 ·

180 1242 284 1323 malea
306 1243 474 1306 auctoribus
495 1243 626 1324 offia'um
647 1253 675 1304 et
693 1243 781 1323 fidem
801 1252 936 1322 separatus
955 1251 1038 1313 esset,
1063 1241 1132 1304 icae
1157 1240 1333 1305 caaoduima

180 1346 209 1406 h.
225 1364 250 1407 e.
266 1344 371 1426 quibus
390 1344 621 1425 impellentibus,
640 1351 670 1405 et
688 1345 723 1407 sd
739 1346 797 1407 Aac
813 1344 875 1419 Vll,
897 1345 916 1406 3
936 1344 1032 1405 malas
1047 1355 1149 1406 auctor
1163 1343 1331 1420 latinitatis,

180 1448 209 1509 h.
226 1466 251 1508 e.
266 1447 312 1509 cui
327 1464 388 1508 non
402 1456 481 1508 recte
498 1447 585 1508 iidem
600 1446 721 1521 habeas,
739 1448 821 1509 cuius
836 1447 1001 1528 exemplum
1022 1465 1084 1509 non
1098 1456 1177 1509 recte
1191 1448 1332 1530 sequaris.

179 1550 273 1612 Porro
295 1561 428 1612 mataras
447 1553 494 1611 rei
510 1548 645 1630 palliaco
668 1557 766 1623 erunt,
788 1568 914 1630 quoram
934 1551 1030 1613 verbis
1052 1560 1081 1613 et
1102 1550 1232 1614 consiliis
1252 1552 1282 1613 in
1302 1569 1334 1613 re

179 1652 293 1734 publica
308 1653 503 1733 obtemperari
519 1654 606 1726 solet,
622 1653 650 1714 h.
666 1672 690 1714 e.
705 1652 867 1734 principes,
879 1654 984 1730 duces,
999 1654 1212 1726 moderatores,
1228 1673 1333 1736 quem-

179 1757 339 1820 admodum
359 1777 374 1818 a
394 1755 534 1818 Cicerone
552 1756 625 1817 haec
644 1758 862 1837 coniunguntur
879 1775 935 1836 pro
955 1757 1033 1819 Sest.
1054 1776 1116 1837 cap.
1138 1757 1192 1818 66:
1212 1760 1235 1819 11
1244 1761 1333 1838 preir-

180 1864 269 1941 cr'pes,
287 1864 312 1921 s‘e'
330 1861 428 1931 daces,
450 1863 474 1920 a·
490 1869 622 1921 auctores
640 1857 727 1921 latas
740 1860 853 1921 ordinis
871 1858 964 1920 habiti
980 1870 1059 1931 atat,
1080 1868 1109 1921 et
1122 1878 1157 1920 eo
1172 1879 1259 1941 quem
1275 1860 1332 1921 iam

180 1981 270 2043 supra
290 1961 500 2042 adscripsimus
521 1961 587 2023 loco
607 1960 643 2022 ad
662 1961 719 2023 Att.
739 1962 815 2035 vlit,
831 1962 865 2022 2:
881 1961 917 2023 ad
933 1962 994 2023 ullo
1011 1973 1129 2024 camare
1143 1962 1332 2042 reipublicae

180 2085 215 2128 ac
231 2067 311 2127 duce.
336 2100 378 2110 —
403 2063 514 2126 Deinde
533 2082 622 2144 quum
643 2063 688 2125 illa
709 2063 804 2125 aiendi
824 2064 994 2140 significatio
1015 2065 1101 2125 etiam
1120 2065 1151 2125 in
1170 2083 1237 2126 enm
1258 2081 1363 2133 con-e

177 2169 285 2241 renim,
305 2169 354 2247 qai
373 2167 452 2247 quod
472 2166 509 2247 alr¹
527 2166 615 2228 altero
637 2168 670 2227 lit
688 2182 836 2226 consensu
851 2183 906 2226 suo
923 2166 1096 2244 comprobat
1108 2174 1261 2246 ratumque
1275 2168 1331 2229 ha-

177 2270 239 2343 bet,
264 2271 344 2332 hunc
369 2287 485 2349 quaque
505 2280 652 2330 auctorem
671 2268 728 2330 dici
747 2286 836 2329 nemo
860 2266 1018 2329 mirabitur.
1061 2268 1103 2329 lta
1121 2268 1237 2332 Paullus
1258 2269 1331 2331 libro

178 2372 241 2434 Vlll
257 2372 293 2433 ad
311 2371 461 2445 Sabinum,
476 2371 538 2449 llig.
550 2370 650 2445 XXVI,
668 2370 696 2443 8,
714 2371 747 2432 3:
764 2389 852 2451 paam
866 2389 896 2432 se
906 2370 1037 2451 probare
1052 2372 1121 2433 dicit
1133 2374 1164 2435 id
1178 2373 1254 2452 qaod
1269 2376 1332 2453 api-

178 2485 242 2545 tor‚·
262 2473 314 2535 ltoc
334 2485 375 2535 est
388 2477 465 2535 caim
479 2484 626 2535 auctorem
644 2474 720 2553 piem}
740 2492 833 2553 eoque
852 2491 942 2534 sensu
956 2473 1101 2553 imprimis
1116 2482 1214 2553 patres
1229 2493 1328 2555 saepe·

177 2593 301 2638 numero
329 2579 511 2639 comitiorum
536 2587 668 2637 coctores
693 2575 749 2637 dici
779 2576 865 2655 vulgo
893 2575 1079 2637 notissimum
1106 2586 1160 2638 est.
1188 2613 1230 2623 -
1259 2578 1331 2640 ltem

178 2698 270 2759 quum
290 2679 356 2759 quis
374 2677 476 2740 aiendo
497 2676 638 2755 obligatur
661 2677 691 2738 in
718 2678 835 2757 negotio
856 2695 1029 2758 maenaque
1048 2679 1262 2753 contrahendo,
1283 2680 1332 2741 hic

177 2801 294 2863 quoqne
314 2792 417 2842 auctor
436 2798 500 2841 esse
519 2779 661 2841 dicendus
681 2780 747 2841 em't:
766 2781 1014 2861 quemadmodum
1037 2783 1114 2861 apud
1141 2791 1329 2860 personatum

178 2885 348 2947 Ciceronem
365 2902 420 2963 pro
435 2883 525 2944 domo
541 2902 565 2944 c.
581 2882 637 2944 29:
652 2893 677 2943 te
692 2901 749 2944 esse
763 2887 987 2964 interropatam,
1008 2895 1145 2946 auctorne
1163 2902 1236 2946 esses
1253 2895 1286 2946 at
1300 2888 1331 2945 ia

178 2998 203 3049 te
222 2986 254 3048 P.
274 2985 408 3048 Fonteiae
427 2989 502 3047 vitoe
520 2987 651 3065 accisque
670 2996 837 3066 patestatem
856 2985 982 3047 luderet.
1024 2987 1065 3048 lta
1085 2987 1134 3066 qui
1151 2988 1188 3049 ad
1204 2986 1330 3066 gladium

178 3110 211 3152 se
229 3090 286 3170 ipsi
305 3088 485 3168 mancipant,
509 3096 643 3149 auctores
670 3090 744 3149 fiunt
763 3088 897 3161 lanistae,
917 3087 977 3149 scil.
996 3097 1030 3150 ut
1048 3097 1222 3169 potestatem
1248 3089 1278 3150 in
1299 3109 1331 3151 sc

177 3192 283 3255 habeat
297 3197 303 3232 ¹
316 3193 360 3268 ⁰):
381 3209 467 3270 qnam
488 3190 526 3251 ob
549 3209 610 3251 rem
631 3190 660 3251 hi
680 3191 814 3252 homines
836 3193 989 3252 arcatorari
1012 3190 1161 3267 dicuntur,
1188 3200 1216 3253 et
1240 3210 1331 3273 quum

177 3295 363 3357 dimittuntur
377 3296 567 3355 exauctorari
572 3340 579 3366 ,
595 3292 624 3353 id
644 3293 722 3372 quod
737 3302 839 3372 postea
859 3292 945 3353 etiam
960 3293 996 3353 ad
1011 3294 1143 3355 militiam
1157 3294 1330 3358 translatum

175 3407 230 3459 est
248 3432 292 3442 —
312 3397 466 3459 Postremo
487 3413 577 3475 quum
598 3395 627 3456 in
648 3395 793 3456 veteribus
811 3394 923 3473 legibus
943 3399 1102 3458 auctoritas
1120 3416 1155 3457 eo
1176 3415 1265 3459 sensu
1285 3397 1330 3458 di·

176 3508 268 3573 cotur,
283 3507 316 3560 ut
329 3499 375 3560 ius
391 3496 513 3557 dominii
527 3496 570 3556 rel
585 3495 683 3575 potius
698 3496 744 3557 ius
759 3496 942 3559 vindicandi¹
957 3502 1000 3573 ¹),
1021 3499 1100 3578 quod
1117 3516 1182 3558 cnm
1199 3498 1330 3560 dominio

176 3602 365 3665 coniunctum
380 3607 433 3672 est,
448 3598 606 3678 significet,
625 3598 701 3659 velut
716 3617 805 3678 quum
821 3600 920 3663 dicunt
934 3602 1075 3662 adversas
1089 3598 1195 3661 lostam
1211 3609 1330 3661 aeterna

175 3708 334 3767 auctoritas
353 3716 410 3766 esto
430 3703 459 3764 h.
475 3723 500 3763 e.
524 3701 560 3762 ab
583 3701 669 3763 hoste
693 3720 755 3762 rem
779 3721 896 3783 semper
918 3704 1065 3764 vindicare
1089 3702 1187 3773 liceto,
1213 3711 1330 3764 elusus

175 3809 334 3868 auctoritas
352 3805 441 3886 fandi
455 3804 602 3867 biccarium
613 3810 620 3845 ¹
633 3806 663 3879 ²)
678 3806 706 3867 h.
723 3824 747 3866 e.
763 3804 808 3865 ins
824 3805 988 3866 vindicandi
1004 3805 1034 3866 in
1050 3805 1140 3866 lunda
1156 3824 1208 3884 per
1221 3803 1328 3867 biennii

244 4096 284 4161 10)
303 4096 375 4148 Cani.
387 4097 471 4147 Schol.
485 4098 516 4149 sd
535 4098 620 4150 Horat.
634 4097 655 4149 ll
674 4098 729 4151 Sat.
748 4100 776 4165 ’1,
795 4100 836 4151 59.
859 4099 919 4151 lntt.
936 4100 967 4150 ed
980 4098 1081 4150 Patron.
1094 4115 1115 4149 c.
1129 4098 1187 4150 117.
1199 4099 1269 4168 Lips.
1282 4100 1328 4152 Sa·

173 4190 240 4233 tucn.
254 4181 319 4249 115.
344 4182 475 4246 Schulting
486 4183 517 4233 sd
531 4182 594 4234 llos.
608 4191 635 4235 et
646 4182 716 4235 llam.
729 4185 777 4249 leg.
797 4185 855 4236 coll.
868 4184 911 4250 lv,
924 4184 939 4235 3
952 4201 976 4253 p.
990 4182 1047 4234 116.

243 4267 284 4330 ll)
302 4266 373 4318 Cani.
385 4267 475 4318 Alcist.
488 4268 519 4318 ad
533 4268 587 4332 θὶς.
600 4267 628 4333 L,
645 4268 674 4317 16
687 4268 717 4319 ir.
734 4269 789 4319 115.
804 4269 866 4336 (lpp.
879 4278 930 4322 tom
942 4269 963 4322 ll
976 4286 999 4338 p.
1013 4269 1087 4321 11116.

243 4351 282 4416 tt)
301 4350 407 4416 Magnus
424 4359 463 4403 est
484 4354 595 4404 virorum
612 4354 739 4405 doctarum
756 4355 886 4406 dissensus
902 4357 933 4406 de
950 4372 1010 4408 vcra
1027 4358 1113 4408 loram
1130 4356 1262 4407 verborum
1274 4362 1326 4407 tum

172 4436 282 4488 lectione
295 4445 346 4488 tum
358 4438 573 4504 interpretatione.
597 4439 651 4492 Nos
663 4440 789 4506 posuimus
807 4440 873 4506 qood
889 4456 962 4491 onaan
980 4441 1045 4491 ratio
1063 4441 1192 4508 postulare
1205 4440 1275 4491 nabis
1287 4441 1325 4492 vi·
