3164 5138
157 1599 368 1695 lllllTlSSA
393 1595 835 1693 llmlnvllsldltlll
854 1595 919 1690 ΑΙ)
939 1596 1160 1694 lnsdfllll

498 1755 808 1851 PROMETHEUll.

169 2042 259 2134 duum
282 2059 458 2141 nuperum
476 2057 662 2137 Aeschylum
681 2056 891 2120 promendum
915 2057 1133 2119 ommonem
1158 2059 1266 2121 meua

106 2158 244 2237 explicatam
273 2160 434 2235 ediderim,
459 2178 586 2240 eumque
609 2159 716 2221 librum
737 2178 754 2221 a
775 2159 923 2240 plerisque
944 2176 1064 2233 eorum,
1090 2160 1140 2239 qui
1162 2162 1234 2223 haoo

104 2263 228 2336 mnemia
245 2263 341 2344 legero
362 2262 476 2336 solent,
497 2270 548 2324 aut
566 2261 674 2324 leotum
692 2279 760 2323 esse
782 2268 833 2323 aut
851 2260 958 2323 loetum
973 2260 1008 2322 iri
1024 2261 1152 2335 amdam,
1170 2281 1234 2324 non

103 2358 202 2424 almum
216 2383 280 2428 esso
293 2365 397 2437 statui,
412 2364 469 2426 hae
481 2381 563 2427 nuno
576 2362 723 2426 smhendi
739 2362 957 2442 opportunitate
971 2361 1068 2425 oblata
1082 2363 1186 2440 ilenti,
1203 2374 1235 2427 ut

103 2460 239 2545 deshqmt
253 2467 336 2531 illius
351 2466 464 2528 sahulae
484 2466 557 2528 loeis
579 2465 724 2528 disseram
746 2473 775 2527 et
793 2465 877 2546 quasi
896 2465 1042 2545 quandam
1062 2467 1234 2530 mantissam

102 2570 289 2631 tanmentariis
305 2569 385 2631 meis
399 2568 514 2630 addam.
558 2567 731 2630 llantissam
746 2575 842 2632 autem
863 2565 946 2639 dioo,
976 2583 1014 2628 ne
1036 2567 1106 2646 qrrid
1134 2570 1233 2650 magni

101 2665 204 2743 pollioni
215 2670 325 2735 ridear.
369 2670 442 2733 Nam
457 2668 620 2732 versabitur
635 2670 732 2731 omnis
754 2672 826 2734 haoo
840 2668 998 2750 disputatio
1020 2668 1052 2730 in
1074 2669 1161 2733 rohus
1176 2672 1233 2733 mi·

102 2767 199 2832 mma
215 2774 315 2854 speeie
335 2772 494 2835 admodum
513 2771 639 2842 levibns,
661 2790 838 2853 quamquam
857 2771 906 2852 qui
925 2769 1090 2832 studiorum
1111 2780 1234 2835 nostro·

101 2886 151 2931 rom
163 2874 298 2938 rationem
322 2882 399 2937 reote
418 2875 572 2937 aestimare
586 2873 764 2949 didicenmt,
777 2873 850 2935 nihil
865 2874 896 2935 in
910 2874 956 2935 his
971 2871 1076 2935 litteris
1091 2880 1151 2935 tam
1174 2873 1234 2936 lere

102 2988 151 3033 esse
168 2976 270 3052 odunt,
299 2977 381 3057 quod
405 2994 466 3039 non
480 2977 569 3039 etiam
591 2975 691 3037 adres
713 2975 898 3055 gravissimas
912 2976 1063 3056 permagni
1084 2976 1232 3038 interdum

102 3078 216 3140 umenti
228 3099 297 3142 esso
310 3079 417 3160 possit
447 3078 581 3140 Ceterum
596 3077 632 3140 ad
649 3078 832 3141 scribendam
847 3078 923 3141 hane
933 3077 1104 3140 mantissam
1119 3078 1234 3141 induxit

102 3192 136 3237 ne
155 3178 255 3245 libellus
278 3181 520 3244 Adversariorum
544 3180 575 3242 in
594 3180 727 3260 Aeschyli
749 3180 956 3242 Prometheum
978 3188 1007 3242 et
1028 3180 1233 3262 Aristophanis

101 3278 158 3341 lrss
167 3300 261 3364 unm
275 3302 292 3345 a
306 3284 354 3345 Fr.
369 3282 538 3356 Wioselero,
552 3281 615 3343 viro
629 3282 897 3363 praestantissimo,
919 3282 1029 3356 editus,
1051 3283 1101 3362 qui
1119 3283 1233 3346 libellus

100 3396 172 3458 quum
190 3385 324 3447 absoluta
348 3386 467 3446 demum
494 3403 558 3446 mea
580 3382 708 3446 editione
729 3384 765 3445 ad
787 3403 836 3447 mo
856 3385 987 3465 perlatus
1010 3383 1060 3457 sit,
1086 3386 1232 3448 horinon

99 3483 186 3560 poma,
204 3495 238 3550 ut
257 3487 289 3548 in
303 3485 520 3550 commentariis
543 3486 688 3548 rationem
703 3485 766 3548 eius
781 3486 935 3561 haberem,
956 3486 986 3548 id
1006 3486 1083 3566 quod
1103 3487 1232 3550 lauturus

100 3583 200 3651 leuasse
211 3590 243 3653 in
258 3588 369 3670 aliquot
389 3588 462 3652 loeis
481 3588 612 3652 fuissem.
657 3588 831 3652 Tractantur
848 3589 926 3651 enim
946 3588 1057 3651 abhoc
1078 3588 1232 3652 duodecim

100 3683 376 3771 lalulaehesehplme
389 3689 456 3763 looi,
471 3707 598 3770 quorum
619 3708 670 3752 sex
690 3698 741 3753 ant
761 3698 876 3771 septem
896 3708 949 3771 ego
970 3706 1085 3771 quoque
1105 3690 1232 3754 tractari.

99 3783 174 3852 lnhis
187 3810 278 3873 quum
297 3792 394 3855 nullus
413 3790 467 3863 sit,
489 3792 526 3853 de
540 3790 623 3854 ornus
637 3791 842 3855 emendatione
855 3808 917 3855 non
931 3793 1103 3872 longissime
1120 3794 1233 3858 utrius·

99 3905 142 3965 qne
152 3903 284 3956 normam
299 3892 406 3957 iuditia
420 3893 605 3968 dissentiant,
622 3895 869 3976 operaepretium
884 3896 985 3971 luerit,
1006 3895 1093 3959 huius
1116 3896 1233 3960 dissen-

99 3988 173 4054 sionis
186 4013 288 4058 eausas
303 4004 390 4077 atque
404 3995 533 4058 radones
547 3997 644 4077 paullo
659 3997 823 4061 aoouratius
838 4016 994 4079 exponere.

38 4078 40 4167 p
164 4094 293 4160 Primum
308 4095 396 4178 igitur
410 4116 496 4160 versu
511 4097 562 4169 49,
578 4117 668 4180 quum
682 4099 770 4180 vulgo
786 4100 929 4163 scribetur

277 4191 395 4262 ἅπαντ’
417 4194 572 4287 ἐπράχθη
595 4198 682 4287 πλὴν
703 4203 819 4267 θεοῖσι
839 4203 1017 4285 κοιρανεῖν·

276 4295 450 4385 ἐλεύθερος
471 4299 532 4385 γὰρ
554 4295 645 4379 οὔτις
665 4297 739 4368 ἐστὶ
760 4300 847 4388 πλήν
868 4297 963 4377 Διός.

100 4403 215 4466 densauit
226 4404 342 4485 quidem
358 4404 445 4466 nohis
465 4423 533 4467 oum
550 4406 709 4469 Wiesolaro
723 4415 860 4482 eatenus,
881 4412 915 4469 nt
937 4406 1058 4468 verbum
1077 4398 1231 4490 ἐπράχθη
1249 4411 1266 4467 l
