3290 5142
849 498 1000 596 A

337 686 625 769 sapientissimenrm
640 686 771 749 urorum
785 705 843 749 vex
857 687 1000 769 optimam
1016 686 1103 761 dixit,
1125 704 1215 768 msam
1230 687 1365 771 proxime
1380 686 1504 750 aecede-

336 794 391 865 ret,
406 807 463 852 nec
476 789 623 852 minueret
635 788 707 869 regii
721 789 837 869 imperii
851 790 925 862 vim,
947 795 978 851 et
991 789 1177 853 subditorum
1193 807 1313 871 queque
1332 789 1389 852 iuri
1412 809 1446 853 ac
1464 789 1503 851 li·

336 891 443 954 bertati
463 893 639 956 consuleret.
677 891 752 954 Nam
774 893 854 973 qued
877 892 1056 972 Taciturn)
1079 893 1115 954 de
1136 892 1256 973 optimis
1275 892 1502 973 imperatoribus

335 993 430 1057 Nerva
444 1002 475 1056 et
489 993 613 1056 Traiane
630 994 787 1074 praedicat,
802 993 955 1056 miscuisse
970 1013 1022 1056 ecs
1036 1011 1085 1056 res
1100 1001 1184 1058 antea
1197 995 1403 1072 dissdciabilee‚
1418 995 1503 1075 prin-

333 1096 463 1177 cipatum
478 1103 508 1158 et
520 1096 700 1169 libertatem,
721 1096 751 1158 id
766 1096 851 1159 nobis
867 1114 928 1159 nen
949 1097 1050 1159 miuus
1065 1115 1132 1158 vere
1147 1097 1184 1159 de
1197 1104 1301 1159 nostre
1316 1096 1393 1177 Rege
1414 1113 1501 1178 prac-

335 1199 431 1262 dicare
447 1199 532 1273 licet,
547 1207 577 1262 et
592 1217 681 1280 quam
695 1198 734 1260 u.
749 1199 915 1261 Antoninus
930 1200 1029 1261 anime
1044 1217 1099 1262 sue
1114 1199 1233 1261 infixam
1248 1198 1338 1261 tuisse
1348 1198 1421 1260 dixit
1431 1217 1500 1279 spe·

334 1301 410 1363 ciem
425 1302 549 1365 civitatis
564 1301 720 1364 salubriter
735 1302 823 1365 unius
838 1302 962 1382 imperio
985 1308 1014 1364 et
1033 1301 1136 1383 pepuli
1152 1301 1287 1364 fineen
1306 1306 1499 1382 temperatae,

334 1405 436 1466 eadem
461 1406 551 1468 etiem
572 1405 757 1468 Friderici
781 1405 956 1469 Guileimi
981 1405 1081 1467 anime
1106 1404 1292 1476 inhaerebat,
1314 1404 1351 1466 ad
1374 1422 1500 1484 eamque

334 1505 433 1568 emnia
447 1525 500 1569 sua
514 1506 645 1583 consilia,
670 1508 746 1571 dicta
768 1509 905 1589 iactaque
926 1507 1025 1570 emnia
1046 1507 1203 1586 dirigebat,
1224 1507 1292 1569 inde
1313 1506 1349 1569 ab
1370 1506 1499 1568 ineuntis

331 1609 414 1688 regni
430 1609 565 1690 auspiciis
581 1627 675 1689 usque
690 1610 727 1673 ad
742 1611 825 1672 illum
840 1611 929 1681 diem,
946 1628 1049 1691 quum,
1064 1610 1175 1672 nactus
1195 1608 1291 1672 morbi
1305 1609 1427 1688 impetu,
1442 1627 1499 1688 gu-

331 1709 523 1773 bernaculum
537 1713 579 1774 rei
594 1713 728 1794 publicae
743 1714 827 1776 tratri
841 1713 970 1787 tradidit,
986 1713 1144 1775 veluntatis
1160 1712 1411 1790 consiliorumque
1425 1728 1480 1771 sue

332 1829 400 1875 rum
414 1814 495 1877 secie
514 1814 685 1877 fidelissime
708 1823 739 1878 et
759 1816 895 1879 adiutori.
927 1816 995 1878 Non
1015 1820 1152 1878 nostrum
1173 1822 1219 1877 est
1237 1814 1310 1877 haec
1330 1812 1498 1893 singulatim

331 1917 483 1996 persequi:
499 1918 608 1980 taciem
625 1918 683 1981 hec
696 1918 759 1992 alii,
780 1936 836 1982 nec
857 1936 928 1981 sane
942 1919 1080 1992 deerunt,
1105 1918 1155 1999 qni
1176 1923 1286 1998 quanta
1300 1915 1389 1977 ttrerit
1404 1915 1435 1976 in
1450 1914 1497 1976 his

332 2019 457 2098 negotiis
476 2018 564 2099 Regis
586 2020 737 2101 sapientia,
763 2038 852 2100 quam
872 2028 987 2084 rectum
1009 2029 1040 2084 et
1061 2021 1267 2100 incorruptum
1289 2018 1326 2080 de
1346 2035 1446 2079 rerum
1466 2024 1498 2079 et

332 2127 503 2202 temporum
514 2121 731 2185 conditionibus
753 2123 910 2196 iudicium,
929 2131 1019 2205 preut
1037 2123 1157 2202 dignum
1177 2128 1224 2184 est
1242 2120 1412 2202 praedicent
1433 2119 1498 2182 lau·

332 2221 471 2304 dentque.
493 2222 585 2286 Nebis
599 2224 656 2286 hcc
667 2243 761 2286 unum
773 2227 928 2301 sumimus,
941 2227 1016 2288 utin
1030 2225 1257 2287 Fridericum
1272 2222 1499 2284 Guilelmum

330 2323 402 2388 iliud
418 2325 537 2388 Selenis
555 2326 666 2389 dictum
683 2328 905 2403 transferamus,
921 2329 970 2409 qui
986 2347 1079 2410 quum
1094 2328 1292 2407 interrogatus
1308 2332 1401 2398 esset,
1424 2343 1498 2388 num

332 2426 459 2507 optimas
474 2426 583 2491 civitati
594 2447 665 2493 suae
680 2430 757 2512 leges
773 2430 910 2505 dedisset,
926 2449 1029 2493 earum
1044 2430 1179 2511 quidem,
1192 2428 1354 2509 respondit,
1370 2446 1497 2509 quarum

332 2545 423 2609 capax
437 2536 509 2604 erat,
525 2530 653 2611 optimas
663 2533 675 2572 ⁸
684 2534 724 2611 ⁹).
750 2532 789 2594 Et
803 2533 883 2614 qued
897 2533 976 2595 idem
991 2533 1213 2595 Atheniensium
1227 2531 1375 2611 legislator
1395 2530 1432 2592 de
1446 2550 1497 2593 se·

331 2639 396 2693 met
408 2631 472 2713 ipse
485 2634 640 2712 profitetur
649 2635 663 2674 ⁴
672 2636 711 2714 ⁰),

435 2727 530 2817 δήμῳ
552 2730 612 2814 μὲν
634 2731 695 2820 γάρ
717 2729 825 2800 ἔδωκα
846 2729 946 2800 τόσον
965 2728 1092 2821 κράτος,
1116 2728 1217 2800 ὅσσον
1238 2728 1385 2818 ἐπαρκεῖ,

431 2836 531 2919 τιμῆς
553 2827 624 2898 οὔτ’
647 2829 779 2922 darei-eds
794 2830 867 2902 οὔτ’
889 2834 1142 2924 ἐπορεξάμενος·

432 2926 470 2998 οἳ
487 2928 522 2999 d'
544 2924 633 3015 εἶχον
655 2934 795 3020 δύναμιν
815 2937 872 3003 καὶ
891 2936 1056 3025 χρήμασιν
1077 2928 1159 3025 ἦσαν
1182 2930 1306 3024 άμητοί,

430 3034 574 3115 καὶτοῖς
595 3034 789 3126 ἐφρασάμην
809 3039 911 3128 μηδὲν
933 3035 1042 3119 άεικὲς
1068 3038 1167 3121 ἔχειν·

430 3135 526 3224 ἔστην
547 3134 578 3203 d'
603 3134 803 3228 ἀμφιβαλών
823 3143 980 3230 κρατερὸν
1001 3141 1102 3221 σάκος
1124 3137 1375 3231 ἀμφοτέροισιν,

429 3244 523 3304 νικᾶν
545 3236 658 3307 δὀὐκ
680 3237 770 3309 ei'ae'
792 3238 985 3331 οὐδετέρους
1006 3239 1135 3323 demea,

328 3342 387 3406 hec
411 3343 490 3406 idem
513 3345 618 3408 iisdem
640 3347 725 3428 plane
739 3350 834 3414 verbis
849 3352 939 3415 ctiam
960 3351 1160 3415 1¹¹riderice
1186 3350 1372 3415 Guilelmc
1388 3354 1492 3412 nestro

328 3445 366 3506 de
378 3463 412 3507 sc
427 3446 557 3527 profiteri
571 3448 661 3512 licuit.

411 3548 475 3611 lam
490 3568 558 3613 vere
573 3558 730 3634 postquam
747 3555 783 3617 de
797 3556 885 3638 Regis
899 3556 931 3619 in
946 3556 1113 3619 universam
1134 3555 1358 3638 rempublicam
1375 3555 1489 3618 meritis

326 3666 381 3729 pre
397 3656 484 3732 captu
498 3660 602 3716 nostre
617 3655 754 3731 diximus,
776 3658 834 3720 ient
848 3659 965 3721 animus
980 3668 1015 3722 ut
1028 3679 1063 3722 ea
1077 3678 1196 3741 queque
1212 3659 1398 3741 attingamus,
1415 3676 1490 3739 qrsae

326 3753 444 3833 proprie
459 3753 495 3816 ad
511 3771 566 3818 nes
580 3766 771 3841 nostramque
794 3760 1014 3825 universitatem
1034 3763 1190 3843 pertinent.
1221 3762 1288 3824 Non
1303 3762 1397 3824 semel
1412 3763 1491 3824 enim

327 3854 413 3918 uehis
428 3857 559 3940 contigit,
574 3867 608 3922 ut
618 3861 728 3942 Regem
738 3869 875 3926 nestrum
886 3873 1072 3946 praesentem
1084 3867 1161 3927 inter
1171 3883 1227 3926 nes
1237 3865 1414 3939 uideremus,
1425 3865 1490 3927 sin·

325 3957 516 4040 guiaremque
529 3961 599 4024 Eius
614 3981 676 4026 nen
690 3964 779 4027 mede
794 3967 965 4031 comitatem
980 3973 1011 4030 et
1024 3968 1219 4041 clementiam,
1237 3967 1289 4029 sed
1305 3968 1391 4030 etiam
1407 3968 1490 4049 inge·

325 4058 368 4122 nii
382 4060 547 4125 ubematem
562 4065 726 4146 artiumque
741 4074 772 4129 et
785 4069 949 4136 litterarum
963 4070 1127 4147 scientiam,
1141 4070 1308 4135 facundiam
1319 4069 1446 4151 denique
1460 4076 1491 4132 et

394 4227 427 4279 38
450 4228 537 4280 vics
571 4230 638 4283 icc.
652 4235 677 4284 ³.

394 4230 438 4376 8θῖ
448 4246 576 4367 ΡΙαῑιοσῗ.
588 4317 673 4369 8ο1οο.
688 4335 711 4371 α.
726 4320 769 4373 152
781 4318 930 4393 ἐρωτηθεὶς
942 4324 968 4377 ei
979 4322 1046 4383 τούς
1061 4319 1193 4396 ἀρίστους
1210 4320 1371 4391 Ἀθηναίοις
1382 4319 1489 4394 νόμους

324 4389 462 4467 ἔγραψεν·
474 4384 513 4449 ὧν
524 4392 566 4465 ἄν,
579 4397 641 4472 ἔφη,
655 4405 861 4478 προσεδέξαντο
873 4407 942 4469 τούς
952 4406 1095 4479 ἀρίστους.

391 4482 434 4549 40)
447 4479 521 4548 Apud
532 4487 636 4542 mium
647 4505 670 4543 α.
684 4490 725 4544 18.
