3284 5152
674 487 824 585 „12³-

371 659 425 734 αίν
439 662 555 739 ob‘rrov'
576 662 614 760 ἦν
636 664 658 757 ἢ
678 671 779 758 χωρίς
799 667 929 761 ίστάἀη
952 675 1054 755 βορᾶς

368 768 526 860 τράπεζα.

170 878 283 961 Βσρᾶς
302 871 468 960 τράπεζαν
481 895 550 941 cuns
571 879 723 942 Erfurdtio
739 879 775 941 de
789 896 891 942 mense
906 878 1013 942 ciberis
1028 878 1158 959 accipere
1170 886 1251 942 unio
1270 870 1328 942 nri·

165 998 226 1050 nus
240 980 352 1055 dubito,
367 998 426 1062 quo
441 979 540 1043 minus
555 974 721 1064 τράπεζαν
740 975 842 1066 χωρίς
862 978 981 1062 βορᾶς,
1004 999 1137 1044 memsam
1160 980 1224 1043 sine
1246 978 1328 1053 cibis,

169 1083 306 1163 oriqusm
321 1083 429 1164 epponi
443 1082 561 1146 solitam
576 1083 674 1146 credo.
705 1084 779 1146 Nam
793 1084 819 1146 si
839 1083 887 1147 cui
907 1084 1001 1147 rictus
1022 1084 1199 1164 denegetur,
1221 1083 1328 1145 cinon

169 1202 300 1259 murm,
314 1185 366 1248 sed
381 1186 491 1250 nulium
507 1203 641 1249 mensem
656 1185 765 1268 epponi
780 1194 1009 1250 consentaneum
1032 1193 1087 1248 cst.
1117 1185 1157 1248 Ut
1177 1205 1231 1267 ego
1251 1184 1329 1247 erbi-

169 1300 241 1362 tror‚
264 1288 391 1369 Oedipus
408 1288 486 1362 dicit,
508 1288 621 1352 diisbus
640 1307 792 1371 nunquam
809 1290 897 1353 uilem
912 1307 1045 1352 mensam
1061 1307 1196 1352 scorsum
1211 1297 1241 1350 et
1261 1288 1330 1351 ebs·

170 1411 273 1475 queso
288 1391 450 1474 appositam
466 1410 542 1454 esse.
574 1393 647 1455 Nnru
664 1382 779 1455 οὔποτ’
791 1379 829 1474 ἦν
842 1384 864 1478 ip'
877 1391 954 1455 idern
970 1401 1014 1455 est
1028 1401 1116 1476 etque
1132 1383 1256 1454 odacri
1267 1410 1330 1466 τις.

170 1495 213 1558 Gi.
233 1493 367 1575 Xenopb.
395 1493 466 1556 Heli.
488 1494 547 1568 vll,
570 1496 598 1570 5,
622 1497 675 1559 li:
694 1494 761 1558 τῶν
782 1486 951 1575 πολεμίων
966 1484 1006 1577 ἦν
1020 1484 1077 1571 o‘dc
1098 1488 1332 1569 ὑποσπόνδους

171 1589 351 1660 ἀπέδοσαν.
374 1596 405 1658 b.
420 1617 447 1659 c.
469 1597 534 1660 τῶν
556 1589 727 1677 πολεμίων
747 1592 849 1674 uode.

256 1699 289 1762 ln
304 1698 435 1762 ciusdem
451 1698 565 1762 inbulsc
581 1720 607 1762 v.
624 1699 686 1764 328
702 1700 835 1764 codicum
852 1701 1008 1767 lectionem

772 1798 837 1887 dytd
859 1795 890 1866 δ’
911 1798 950 1868 οὐ
971 1799 1103 1890 μήποτε

373 1895 458 1983 τᾶμ’,
481 1896 526 1980 uic
548 1895 589 1968 ἀν
611 1896 699 1969 οίπω
720 1902 765 1990 μή
786 1903 828 1970 soi
851 1899 888 1983 α’,
911 1901 1043 1994 ἀναφήνω
1064 1901 1159 1982 saed,

173 2042 234 2087 non
248 2040 323 2105 nego
339 2025 458 2117 quidem
473 2030 524 2100 sic,
539 2034 604 2089 uta
620 2046 667 2089 me
681 2029 791 2091 iactum
806 2038 866 2104 est,
886 2030 1104 2109 interpunctsrn
1127 2027 1263 2109 explicari
1277 2027 1332 2088 cli·

175 2146 234 2209 quo
249 2127 340 2190 modo
354 2146 456 2209 posse:
473 2127 553 2191 valde
569 2136 669 2191 umen
683 2132 850 2212 perplexam
866 2138 896 2194 et
911 2132 1066 2194 obscuram
1084 2129 1249 2192 orationem
1267 2147 1332 2192 csse

174 2229 326 2293 fotendum
340 2237 394 2293 cst.
425 2229 502 2304 Quid
518 2228 628 2312 iginui
641 2233 667 2296 si
680 2233 842 2296 scribamus

774 2346 839 2437 ἐγώ
862 2344 891 2417 d'
913 2345 954 2417 od
974 2347 1107 2436 μήποτε

375 2444 513 2536 decorae
535 2446 633 2531 σίπω,
654 2453 699 2540 μὴ
723 2452 765 2519 roi
786 2447 945 2542 σάκφήνω
966 2450 1063 2520 κακαί.

173 2574 336 2655 planiorem
362 2583 441 2638 certe
466 2577 629 2638 ontionem
655 2577 826 2649 tenesmos,
849 2594 903 2640 nec
932 2577 1021 2639 nimis
1044 2578 1131 2658 longe
1155 2595 1173 2639 c
1199 2575 1334 2639 codicum

173 2676 317 2758 scriptura
332 2678 562 2742 discesserimus
1260 2674 1265 2683 ’

258 2780 291 2842 in
307 2780 439 2864 Aeschyli
456 2781 644 2865 supplicibus
660 2782 817 2846 mulierum
832 2783 1047 2867 progenitorcm
1068 2800 1156 2846 suum
1178 2780 1334 2865 Epcpbusn

175 2881 373 2947 invocantium
388 2884 474 2949 verbu
491 2884 534 2946 sic
548 2884 578 2947 in
594 2883 743 2948 codicibus
758 2887 867 2968 scripte
881 2895 960 2959 sunt
976 2905 1001 2947 r.
1019 2887 1059 2948 45
1075 2903 1140 2967 sqq.

775 2993 840 3069 ίνιν

374 3096 626 3188 ἀνθονομούσας
648 3101 818 3191 προγόνου
835 3101 926 3189 βοός,
948 3098 985 3185 ἐξ
1005 3099 1188 3181 ἀποπνοίας

375 3207 484 3294 Ζηνός
504 3204 634 3295 ἔφαψιν
655 3204 828 3296 ίπωνυμίρ
850 3201 878 3271 d'

375 3307 589 3392 ίπακραίνατο
610 3307 777 3399 μόρσιμος
798 3304 880 3377 οἷσίν

377 3404 691 3502 αάίαίγωςἚπαφόν
711 3406 918 3501 τ’ἒγίννασον.

176 3534 233 3609 Qni
248 3544 315 3618 post
328 3526 458 3618 ἔφαψιν
471 3538 724 3621 interpunxerunt,
739 3556 860 3601 necesse
875 3546 919 3600 cst
932 3537 990 3600 boc
1013 3536 1185 3600 vocnbtdnm
1206 3553 1259 3617 pro
1281 3554 1335 3619 sp·

175 3637 323 3722 positione
339 3638 496 3702 habuerint
509 3641 545 3703 nd
560 3628 625 3703 ίνιν
639 3641 814 3724 pertinente,
831 3648 864 3703 ut
878 3640 926 3703 ilic
941 3641 1027 3711 tilius,
1042 3656 1132 3720 quem
1147 3640 1179 3700 io
1193 3638 1269 3701 iovis
1290 3639 1336 3700 si-

176 3741 247 3803 ilntu
262 3747 292 3802 et
303 3748 441 3803 contactu
456 3743 579 3825 peperit,
594 3744 657 3827 ipse
676 3734 807 3827 ἔφαψις
825 3742 902 3807 ioris
921 3742 1081 3807 diceretur:
1103 3740 1335 3822 qundoquidem

176 3843 238 3905 iieri
259 3842 395 3907 debuisse
416 3862 499 3924 nego.
528 3843 696 3909 biutsndsm
719 3846 807 3927 igitur
827 3863 935 3909 censeo
955 3844 1232 3927 interpunctionem,
1250 3861 1336 3904 com-

177 3953 254 4010 mstc
270 3955 338 4030 post
353 3939 459 4031 Ζηνίς
472 3947 585 4029 posito,
608 3965 661 4030 pro
683 3940 855 4033 ἐπωνυμίᾳ
877 3956 976 4010 sutem
1001 3946 1189 4010 scribendum
1210 3940 1336 4009 ἐπωνυ-

175 4041 264 4125 μίαν,
298 4048 380 4112 ilenc
393 4048 529 4112 adiectivi
543 4049 668 4111 immam
684 4049 816 4113 tuebitur
830 4050 946 4114 Pindari
961 4050 1130 4122 nectentes,
1147 4050 1199 4131 qui
1219 4047 1335 4133 Oiymp.

177 4150 225 4223 iii,
247 4151 288 4212 95
309 4170 428 4216 carmen
447 4151 605 4236 epinicium
627 4144 818 4231 ἐπωνυμίαν
839 4147 935 4233 χάριν
955 4145 1048 4228 νίκας
1069 4143 1235 4236 ἀγερώχου
1257 4150 1335 4225 dicit,

176 4263 205 4315 et
221 4252 305 4335 Pptb.
322 4252 343 4324 ί,
360 4254 401 4318 30
416 4256 540 4317 Aetnam
557 4253 660 4316 urbem
681 4254 716 4316 sb
732 4254 859 4318 Hierone
870 4255 1018 4318 conditum
1035 4245 1134 4340 ὅρους
1145 4244 1339 4333 ἐπωνυμίαν

176 4350 284 4421 πόλιν.
328 4356 367 4418 Et
380 4375 471 4438 quum
488 4351 660 4437 ίπυίνυμος
682 4358 771 4420 modo
787 4357 824 4419 do
838 4376 874 4420 co
888 4356 1010 4431 ἀίσσων,
1026 4356 1105 4437 quod
1120 4356 1157 4419 eb
1167 4356 1267 4437 aliquo
1280 4371 1337 4416 no·

176 4477 245 4522 rnen
261 4459 359 4531 babet,
375 4462 462 4522 modo
478 4462 513 4522 de
529 4480 573 4531 eo,
590 4462 667 4523 unde
682 4478 791 4522 nomeu
811 4460 896 4523 elicui
915 4460 1088 4544 impositum
1111 4470 1170 4535 est,
1186 4460 1230 4521 sic
1249 4458 1337 4521 etism
