3284 5152
811 436 963 544 ...Q-

302 624 454 700 Qnasnrm
474 626 536 690 sint
557 616 730 708 ἀστραπαὶ
750 619 888 690 Πύθιαι
907 624 1019 690 dudum
1035 623 1081 689 alii
1096 622 1261 686 docuerunt
1274 640 1291 683 s
1306 618 1462 695 Strabone,

302 727 343 790 tx
358 745 385 810 p.
403 728 476 790 404.
519 728 686 810 Pptbaistao
700 727 790 800 onim,
806 738 977 809 antequam
994 727 1122 809 Delphos
1136 725 1252 788 abirent
1264 741 1347 787 sacra
1357 722 1464 786 iaotnri

302 836 355 894 aut
369 829 523 894 oraculum
537 830 708 900 consulturi,
725 830 761 893 dc
776 830 856 893 caclo
871 830 1036 904 sociabant,
1052 829 1088 892 ad
1099 827 1208 893 Harma
1220 836 1396 908 spectantes,
1412 823 1464 904 qni

302 930 385 996 locus
400 932 457 995 luit
468 949 562 1014 propo
577 931 690 1014 Pbylon
703 931 815 995 litticac
830 931 989 1013 oppidum.
1010 949 1066 994 nco
1085 942 1154 993 anto
1168 929 1285 994 abibant
1299 943 1389 1008 quam
1403 925 1464 988 iul·

303 1028 376 1114 puro
391 1033 431 1095 ibi
451 1044 619 1115 conspecto.
661 1025 813 1117 Ἐτήρουυ
835 1030 883 1107 δέ,
904 1035 1000 1114 inquit
1021 1031 1142 1106 Strabo,
1166 1026 1225 1093 lut
1245 1031 1332 1112 τρεῖς
1352 1025 1466 1113 μῆνας,

304 1125 382 1197 καθ’
409 1126 547 1199 ἕκαστον
572 1136 662 1218 μῆνα
688 1126 749 1198 ἐπὶ
774 1133 862 1216 τρεῖς
888 1126 1012 1218 ἡμέρας
1044 1131 1103 1196 καὶ
1136 1130 1267 1206 νέκυας,
1302 1124 1375 1191 ἀπὸ
1407 1129 1466 1212 τῆς

304 1228 446 1313 λσχυὶρας
479 1233 539 1301 τοῦ
566 1226 794 1317 {incommotos
825 1232 923 1309 Διός·
955 1229 1043 1301 ἔστι,
1061 1227 1094 1298 d'
1121 1229 1203 1318 αὕτη
1231 1226 1264 1297 ἐν
1293 1234 1341 1314 τῷ
1364 1222 1467 1305 τείχει

305 1332 427 1418 porrigo
449 1341 510 1405 rori
531 1332 668 1403 Πυθίου
691 1333 830 1400 καὶτοῦ
851 1328 1038 1415 Ὀλυμπίου.
1081 1337 1192 1400 Eadem
1208 1335 1316 1415 rspotit
1329 1331 1466 1395 bustam.

306 1439 539 1523 additam
600 1442 763 1504 llacrarunr
784 1438 815 1502 in
837 1438 883 1502 bis
904 1438 1015 1503 nullam
1035 1439 1217 1502 montionorn
1238 1438 1302 1501 dori
1326 1436 1467 1509 vid-mos,

307 1559 363 1606 noc
376 1543 493 1607 aliunde
509 1543 668 1626 quidquam
684 1553 868 1622 ootrrpsrtum
884 1547 931 1606 ost
953 1542 990 1604 dc
1004 1543 1207 1606 obsorrationo
1226 1541 1377 1622 fulgurum
1400 1539 1469 1601 binc

306 1644 369 1707 flori
384 1644 480 1707 solita.
525 1643 601 1707 Naro
616 1647 694 1725 quod
710 1643 904 1726 Gooltlingius
918 1645 951 1706 in
970 1645 1080 1726 sylloqo
1095 1643 1381 1706 commentationum
1397 1638 1470 1714 (Go-

309 1747 465 1809 sammoltc
485 1745 558 1809 dbb.
580 1765 607 1810 a.
628 1747 655 1809 d.
672 1746 839 1809 altorthutn
861 1746 874 1808 l
897 1765 926 1828 p.
956 1748 1027 1818 113)
1052 1748 1219 1829 suspicatur
1244 1739 1278 1807 ἐν
1299 1741 1347 1824 τῷ
1367 1734 1471 1818 τείχει

308 1865 371 1910 non
392 1849 429 1909 do
449 1848 530 1911 urbis
551 1848 722 1918 moenibus,
742 1848 794 1910 sod
815 1848 851 1911 de
872 1849 1058 1911 munimento
1077 1851 1152 1912 arcis
1172 1844 1374 1927 accipiendum
1395 1861 1471 1931 osso,

309 1948 373 2012 flori
388 1949 433 2013 rix
449 1955 546 2031 potest
559 1959 678 2032 proptor
692 1949 818 2015 additam
831 1952 907 2013 situs
918 1951 1117 2014 dolinitiouom
1128 1946 1250 2028 μεταξύ
1264 1943 1322 2010 roi
1337 1945 1472 2010 norton

308 2049 366 2115 soi
388 2050 447 2116 τοῦ
468 2043 654 2133 Όλυμυίυυ,
671 2051 816 2132 siquidom
833 2053 905 2116 baoc
918 2053 978 2116 duo
994 2053 1103 2135 tompla
1117 2051 1198 2115 urbis
1213 2050 1331 2131 quidom
1353 2047 1469 2111 mosai-

309 2152 366 2216 bus
381 2155 555 2236 propinqua,
573 2154 611 2216 ab
632 2172 699 2217 arco
718 2159 817 2217 autern
838 2155 954 2236 longius
975 2160 1089 2218 romola
1104 2163 1197 2227 orant,
1219 2170 1315 2233 noque
1330 2151 1419 2231 igom
1432 2148 1470 2213 ad

310 2254 479 2319 huiusmodi
494 2255 724 2337 designationonr
741 2256 859 2319 idonea:
877 2262 909 2318 ut
925 2261 1034 2319 taccam
1050 2257 1161 2319 blacras
1175 2256 1212 2319 ad
1227 2253 1469 2335 soptontrionom

311 2356 449 2440 Pythium
469 2364 568 2421 autom
589 2366 620 2421 ot
634 2358 802 2439 Olympium
825 2357 861 2421 ad
876 2357 1018 2420 orianum
1034 2368 1192 2441 spectasse.
1235 2355 1299 2419 Nisi
1313 2355 1380 2437 quis
1395 2356 1473 2416 lorto

312 2460 399 2524 otiam
417 2461 473 2525 boc
487 2459 665 2540 Gootttiugio
680 2459 787 2532 modat,
803 2459 863 2523 duo
878 2460 968 2523 fuisso
984 2460 1015 2523 in
1029 2479 1096 2524 arco
1117 2459 1324 2528 observatoris,
1345 2466 1472 2519 altorum

312 2561 344 2626 in
357 2561 470 2636 liboris,
485 2563 610 2627 altorum
625 2581 719 2645 propo
734 2581 814 2626 aram
831 2563 905 2625 lovis
919 2563 1079 2644 dodonaei.
1108 2561 1178 2624 blibi
1193 2561 1313 2643 quidam
1328 2576 1388 2622 non
1403 2574 1474 2640 por·

314 2664 406 2728 suasit
422 2666 463 2727 vir
478 2664 761 2749 praestantissimus,
782 2682 838 2727 noc
852 2664 942 2745 pudo-t
956 2666 1085 2749 proditori
1101 2665 1213 2728 nosmro
1228 2683 1276 2727 rus
1291 2663 1361 2745 quid
1376 2661 1419 2724 roi
1434 2659 1475 2723 sit

314 2775 344 2830 ot
357 2785 502 2850 quasnam
517 2767 595 2831 intor
607 2766 719 2832 Macros
734 2776 765 2830 et
778 2767 928 2848 fulgurum
945 2767 1116 2849 l'ytbiorurn
1132 2766 1365 2829 observationom
1378 2764 1475 2827 intor-

315 2870 437 2936 cossorit
456 2871 634 2936 coniunctio.
649 2906 693 2918 -
706 2871 759 2937 Est
777 2881 878 2935 autom
898 2870 953 2933 alia
973 2870 1004 2932 in
1023 2869 1081 2933 boc
1099 2888 1185 2933 vorsu
1206 2868 1417 2932 offensiuncula
1439 2884 1476 2928 ox

315 2971 435 3035 nominc
450 2969 595 3046 Πύθιος.
611 2972 690 3053 quod
709 2971 735 3035 si
752 2965 977 3051 τρισυλλάβως
996 2972 1214 3054 pronuntiatur,
1229 2971 1343 3037 duabus
1359 2976 1476 3049 postro-

315 3075 374 3138 mis
387 3074 505 3155 syllabis
521 3093 589 3138 cum
604 3075 700 3157 prima
715 3075 866 3163 sequentis
881 3074 1012 3137 vocabuli
1028 3074 1203 3144 coniunctis,
1218 3083 1393 3153 anapaestus
1407 3089 1476 3134 ova·

316 3175 367 3238 dat
379 3175 504 3247 illicitus,
519 3177 567 3238 sin
582 3166 802 3253 δισυλλάβως,
815 3176 955 3256 spumosis
970 3175 1113 3240 vocalium
1128 3175 1281 3239 sotuonds
1297 3174 1345 3245 sit,
1360 3172 1478 3256 qualem

316 3279 512 3348 dermannus,
535 3279 603 3342 licet
622 3278 654 3341 in
674 3279 828 3343 dementis
848 3277 941 3342 doctr.
961 3288 1049 3342 metr.
1069 3296 1097 3360 p.
1114 3281 1153 3340 54
1169 3278 1341 3350 defenderit,
1363 3284 1473 3349 tamon,

317 3398 386 3444 cum
401 3379 567 3449 llattbiaao.
583 3380 614 3443 in
629 3380 737 3461 tragico
753 3389 837 3462 posta
853 3380 951 3443 minus
965 3379 1115 3445 forandam
1130 3399 1196 3443 asso
1211 3379 1329 3443 iudicat.
1374 3377 1476 3458 Scrip-

318 3482 461 3563 sicigitur
475 3475 584 3546 Hodoi
605 3473 643 3554 r’‚
664 3483 844 3565 probabilius
858 3487 948 3552 corto,
969 3499 1058 3563 qtram
1079 3482 1158 3560 quod
1172 3482 1329 3545 llattlriaso
1343 3482 1373 3544 in
1389 3495 1475 3545 mon·

318 3591 378 3648 tons
399 3585 493 3660 vonit,
515 3585 652 3660 Φυῑβυς,
673 3585 798 3649 altorum
820 3603 930 3647 nomon
949 3604 965 3647 a
985 3583 1110 3648 librariis
1125 3584 1319 3647 substitutum
1335 3582 1475 3655 madanti,

318 3685 404 3768 longo
418 3688 505 3751 ctiam
521 3687 710 3770 probabilius,
725 3704 814 3770 quam
830 3687 908 3767 quod
926 3685 1108 3755 lladbamus.
1129 3706 1193 3750 soso
1208 3704 1326 3768 quoquo
1341 3687 1384 3751 ori
1396 3686 1477 3751 mum

319 3801 466 3876 praestaro
481 3791 612 3874 cupiens,
626 3790 818 3854 mulidontius
832 3808 922 3871 quam
938 3788 1148 3851 considoratiua
1159 3790 1322 3871 proposcit,
1338 3783 1476 3861 ilc-dois,

319 3892 356 3957 do
368 3894 543 3957 auctoritato
558 3894 645 3958 buius
660 3893 832 3957 nominativi
846 3892 876 3955 in
892 3890 972 3955 urbis
986 3893 1107 3954 nomina
1117 3908 1223 3973 parum
1234 3892 1390 3955 sollicitus:
1407 3907 1477 3953 nam

321 4015 357 4060 ox
372 3995 499 4078 obliquis
513 3997 629 4061 casibus
648 4015 711 4059 non
731 4001 796 4059 tuto
816 3996 903 4058 otiam
923 3995 961 4057 do
981 3993 1152 4057 nominativi
1167 3997 1263 4058 torma
1276 3994 1476 4059 coniecturam

322 4095 386 4178 carri
402 4116 488 4178 possa
504 4098 569 4178 quis
583 4094 700 4161 nescim
715 4098 760 4159 dn
781 4096 858 4160 lortc
878 4114 940 4159 non
960 4096 1063 4160 mmm
1078 4097 1196 4178 intolligi
1213 4097 1319 4170 voluit,
1340 4098 1392 4159 sod
1413 4114 1479 4161 scr·

322 4209 442 4282 pontem
456 4199 494 4262 ab
509 4199 640 4281 Apolline
661 4195 874 4262 interloctumi
896 4198 1040 4280 liquidam
1056 4198 1191 4262 codicum
1205 4199 1380 4280 scripturam
1395 4199 1479 4264 solli·
1616 4256 1617 4283 3

323 4301 412 4366 oms
426 4299 530 4375 norim,
544 4318 602 4365 neo
615 4301 758 4379 croto,
773 4300 805 4365 n
825 4301 881 4366 aas
898 4303 1071 4384 paramo
1084 4302 1191 4382 mm,
1211 4302 1304 4367 nuo
1318 4302 1373 4367 m
1386 4284 1480 4384 negi-
