3276 5144
673 506 822 607 *ipa-

166 696 366 760 llsmosthene
385 696 592 777 cognorimus,
616 698 666 777 (pri
681 697 914 781 lthpphallornm
932 696 989 760 sibi
1003 716 1113 762 nomon
1126 697 1273 774 locarant,
1292 699 1329 764 ab

167 799 345 880 ithyphallo,
366 815 427 862 ano
446 819 483 861 er
497 800 615 880 Dionpsi
630 801 772 863 comitatu
782 804 820 881 ⁴),
837 819 927 881 quem
947 807 1123 882 patronum,
1144 809 1178 864 ut
1192 801 1234 863 illi
1247 800 1330 865 alteri

167 901 339 977 Herculem,
360 903 495 965 ascivisse
509 903 661 979 videntur,
676 904 799 985 eiusque
813 903 902 966 sacris
917 902 1064 978 novicios,
1083 903 1110 966 si
1124 921 1200 985 qnos
1214 904 1329 986 recipe·

167 1012 244 1078 rent,
259 1003 437 1067 iocularibus
453 1004 628 1085 quibasdam
644 1005 828 1069 caerimoniis
843 1005 1045 1082 manauit).
1074 1005 1228 1068 Eiusmodi
1241 1005 1329 1088 igitur

166 1106 337 1171 sodalicium
352 1124 415 1169 non
429 1107 532 1170 dubito
547 1094 619 1189 q’uin
632 1108 703 1171 illud
718 1127 837 1190 quoque
852 1107 962 1171 Cratini
975 1104 1139 1172 κυλικεῖον
1151 1108 1256 1182 luerit,
1271 1125 1328 1173 no·

167 1209 248 1272 mino
267 1229 284 1271 a
304 1208 441 1272 calicibus
460 1209 567 1286 indito,
588 1229 664 1294 quos
684 1212 793 1274 siccare
806 1211 838 1273 in
852 1210 1046 1273 conventibus
1061 1211 1123 1273 suis
1137 1210 1262 1293 impigre
1277 1231 1330 1274 so·

167 1311 276 1384 lebant,
288 1312 626 1394 qussiremaculedicas
638 1313 696 1377 dio
710 1313 888 1377 Becheroi
900 1313 962 1376 sive
977 1312 1329 1377 dasBecherlrrtna-

168 1413 267 1477 chon.
301 1415 387 1479 Certa
407 1434 468 1479 non
488 1417 588 1480 minus
609 1425 710 1498 aptum
732 1418 790 1480 hoc
808 1433 920 1479 nomen
940 1415 1132 1491 iudicabitur,
1157 1433 1248 1497 quam
1270 1433 1330 1496 quo

168 1516 293 1579 Herodis
311 1517 399 1580 Attici
420 1525 515 1583 aetate
536 1519 663 1582 studiosi
682 1519 883 1583 adolescentes
906 1538 923 1580 a
942 1517 1102 1602 clepsydra,
1118 1518 1154 1580 ad
1170 1535 1260 1598 quam
1276 1517 1329 1580 de·

168 1620 294 1684 clamare
316 1620 461 1695 solebam,
482 1621 655 1685 sodalicium
673 1640 763 1685 snum
784 1622 1037 1702 clepsydrium
1059 1621 1253 1699 vocarunttt,
1269 1626 1331 1685 ⁵aut

167 1723 225 1786 hoc
235 1729 340 1786 nostro
351 1733 486 1804 tompore
496 1724 645 1808 pictorum
657 1724 970 1805 Ddsseldorpiensiurn,
986 1723 1139 1786 hilaritatis
1149 1741 1184 1786 ac
1194 1722 1330 1786 iocorum

169 1825 349 1899 amantium,
375 1827 514 1890 sodalitas
534 1827 571 1891 ab
592 1828 664 1891 artis
685 1846 773 1910 quam
795 1826 929 1890 factitant
948 1827 1148 1890 instrumento
1168 1824 1332 1906 appellatur

170 1927 234 1990 der
248 1927 460 1993 llalliasten.
489 1931 675 2013 Quamquam
690 1931 787 1994 Attico
803 1929 853 1992 isli
866 1924 1039 2017 κυλικείῳ,
1060 1928 1086 1990 si
1105 1935 1263 2009 patronum
1277 1925 1331 1990 ali·

169 2048 258 2112 quem
273 2040 360 2112 atque
375 2049 555 2113 eponymum
569 2034 691 2096 heroem
707 2039 891 2114 quaererent,
906 2031 1089 2112 inpromptu
1100 2037 1163 2092 erat
1174 2029 1331 2110 Cylicem

172 2132 227 2195 sibi
246 2134 403 2208 asciscere,
424 2152 512 2213 quem
527 2133 646 2197 Herculi
664 2135 814 2215 qnondam
829 2134 968 2198 comitem
983 2133 1076 2196 luisse
1089 2132 1268 2197 tabuhtoros
1283 2131 1330 2195 al·

171 2236 327 2298 drmahant
337 2238 376 2313 λ).

257 2338 297 2401 lle
312 2338 463 2403 locutione
482 2335 526 2402 τὰ
548 2331 624 2424 τέλη
646 2337 738 2416 τελῶ,
754 2359 831 2423 quae
845 2346 997 2423 postrema
1011 2347 1057 2403 est
1071 2339 1102 2402 in
1117 2338 1226 2403 Cratini
1240 2337 1330 2400 versi·

171 2439 238 2515 hus,
252 2459 348 2525 nuper
362 2443 484 2505 domum
499 2444 730 2506 controversiam
747 2444 839 2507 morit
852 2444 897 2505 vir
910 2443 1098 2507 doctissimus
1113 2442 1188 2505 etin
1202 2440 1332 2521 antiqui·

171 2551 268 2607 tatum
291 2564 462 2627 graecarum
482 2545 648 2626 cognitione
667 2554 786 2609 strenuo
805 2553 953 2621 versatus,
979 2545 1162 2608 Christianus
1182 2545 1331 2617 Peterson,

172 2647 256 2709 cuins
270 2647 411 2709 iudicium
428 2666 488 2729 qao
502 2648 595 2728 pluris
609 2647 699 2722 facio,
714 2655 797 2712 tanto
812 2650 904 2730 magis
920 2647 1080 2712 cavendum
1097 2655 1155 2720 est,
1175 2663 1222 2719 ne,
1238 2663 1331 2726 quum

172 2749 328 2812 dissentire
347 2767 397 2812 me
412 2749 448 2811 ah
462 2769 498 2811 oo
512 2750 661 2831 profitear,
679 2768 741 2812 non
755 2749 826 2812 satis
840 2768 940 2831 grates
955 2747 1146 2812 dissentiendi
1161 2765 1264 2810 causas
1277 2747 1332 2809 ha·

171 2851 271 2914 huisse
286 2852 450 2938 existimer.
479 2853 636 2932 Pervagata
656 2862 724 2914 ante
739 2851 941 2915 Petersenium
956 2852 1160 2932 omniumque,
1176 2868 1250 2931 quos
1265 2848 1332 2930 qui·

170 2953 239 3016 dom
253 2972 307 3036 ego
322 2954 463 3028 noverim,
480 2971 628 3017 consensu
642 2962 758 3036 recepta
773 2954 919 3039 scammis
934 2954 1007 3017 haec
1020 2954 1094 3029 fuit,
1115 2951 1270 3032 significari
1283 2950 1332 3015 illa

171 3055 319 3121 locutione
344 3057 538 3132 tributorum,
560 3058 746 3139 liturgiarum
773 3066 1001 3141 ceterorumque
1034 3056 1171 3120 munium
1199 3060 1333 3139 praesta·

171 3297 284 3365 [στορεῑ
294 3293 325 3349 dl
338 3295 403 3366 περὶ
415 3290 504 3352 αὐτοῦ
516 3298 557 3364 (do
568 3296 693 3367 Philippo)
711 3297 759 3350 κοιλ
769 3293 838 3351 τάδε
847 3293 1042 3368 Ἡγήσανδρος
1054 3292 1069 3348 ὃ
1083 3292 1209 3364 Δελφός,
1225 3288 1262 3352 ὥς
1272 3295 1333 3352 τοῖς

175 3375 327 3446 Ἀθήνησιν
337 3384 378 3440 ελς
389 3380 419 3434 τὸ
433 3384 567 3452 Διομέων
575 3379 740 3455 Ἡράκλειον
751 3382 967 3453 ἀθροιζομένοις
978 3386 1038 3441 τοῖς
1049 3381 1083 3434 τὰ
1095 3383 1192 3451 γελοῖα
1202 3380 1333 3448 λέγουσιν

171 3461 342 3518 ἀπέστελλεν
354 3464 452 3520 ἱκανὸν
463 3464 623 3538 κερμάτιον,
640 3469 687 3521 κοιλ
699 3469 883 3537 προσέτασσέ
891 3481 967 3520 τισιν
978 3462 1195 3537 ἀναγράφοντας
1207 3463 1240 3516 τὰ
1255 3459 1333 3533 λεγό-

172 3563 245 3616 μενοι
257 3545 304 3601 ὑπ’
318 3546 413 3603 adedo
423 3546 611 3605 ἀποστέλλειν
622 3551 695 3623 πρὸς
706 3549 801 3605 αὐτόν.
825 3552 942 3605 Ceteram
955 3570 1004 3604 non
1017 3553 1061 3604 illa
1073 3553 1171 3602 dcmnm
1183 3558 1276 3614 aetate,
1288 3552 1333 3603 scd

174 3633 223 3684 iam
240 3634 417 3701 Aristophanis
437 3644 550 3704 tompore
565 3638 613 3689 hoc
629 3638 764 3691 Dianense
780 3637 928 3689 sodalicium
945 3638 1062 3690 floruisse
1078 3637 1193 3700 videtur,
1211 3635 1333 3702 siqnidem

172 3716 284 3771 dubitari
301 3721 345 3772 vix
363 3728 455 3788 potest,
470 3722 530 3790 qnia
547 3718 782 3793 Διομειολάζονες
791 3723 845 3789 illi,
862 3738 967 3791 quoram
980 3722 1006 3775 in
1018 3723 1127 3775 Achata.
1137 3737 1163 3786 ν,
1177 3720 1226 3772 612
1239 3720 1332 3772 mantio

175 3806 213 3871 tt,
224 3805 274 3856 hnc
285 3807 438 3874 pertineant.

239 3892 265 3955 l)
284 3888 350 3943 Idem
363 3892 418 3943 sias
430 3891 505 3943 dubio
514 3890 670 3963 ithyphallos
683 3901 723 3946 est
734 3902 809 3963 atquo
819 3890 944 3957 Phalss,
955 3907 1028 3960 qnam
1042 3899 1070 3943 nt
1080 3888 1190 3960 ἓτιιιρον
1201 3892 1333 3959 Βακχίου,

169 3971 319 4043 εὔγνωμον
330 3974 636 4049 νυκτοπεριπλινήτην,
651 3975 766 4049 μοιχόν,
783 3973 979 4049 ποιδερᾰστην
993 3976 1155 4044 Dicaaopolis
1167 3977 1283 4029 celebrat
1292 3993 1332 4045 sp.

169 4058 363 4128 Aristophanem
376 4062 440 4114 Acis.
451 4078 478 4113 τ.
489 4061 549 4116 267.

237 4136 262 4205 δ’)
283 4147 320 4200 Oi
329 4148 470 4206 τελοῦντες
478 4142 663 4218 aristoneto?
670 4145 838 4218 ’[θιιφάλλῳ.
854 4149 982 4202 Demosth.
992 4148 1144 4203 meilocon.
1154 4166 1179 4219 p.
1187 4150 1251 4203 1262
1259 4148 1331 4217 §.lh

237 4231 262 4295 ο)
280 4230 402 4285 nitroso.
415 4234 461 4286 vit.
474 4236 545 4302 aspa.
558 4233 588 4300 n,
603 4236 641 4297 ιο,
656 4235 668 4286 1
683 4252 705 4304 p.
719 4236 779 4289 sss.
793 4244 820 4288 st
833 4236 874 4300 ιο,
888 4237 898 4288 ι
913 4253 937 4305 p.
950 4236 1009 4288 aas.

237 4316 263 4381 t)
280 4315 407 4370 Nicander
423 4319 594 4388 Thpstirenus
612 4320 677 4388 apud
692 4321 815 4373 Athenae.
839 4320 915 4385 ΧΗ
934 4338 957 4390 p.
971 4320 1031 4377 sot.
1048 4348 1082 4360 -
1093 4320 1177 4372 Etiam
1189 4320 1332 4391 cyathus

169 4399 196 4452 ln
206 4398 325 4454 Romalis
339 4404 473 4459 conidhns
488 4407 669 4460 nuncubatur
685 4407 717 4460 ah
729 4408 814 4461 altaro
825 4406 968 4471 Nicandro,
986 4404 1152 4476 Colophonio.
1182 4406 1274 4461 Athon.
1286 4404 1331 4460 lx

212 4569 260 4633 IV.
1087 4572 1126 4638 13
