3222 5148
824 507 974 610 gep-

321 709 421 764 autem
437 701 612 782 quibuscum
636 721 669 763 ea
685 699 874 782 componitur
895 700 1003 774 omnia,
1022 708 1056 763 ut
1077 699 1145 772 diri,
1168 710 1219 764 aut
1238 697 1414 781 pronomina
1428 704 1481 760 aut

321 805 544 887 pronominalis,
570 813 686 887 praeter
710 822 804 866 unum
830 806 1000 887 plerique
1026 813 1057 868 et
1081 815 1222 869 neutrum
1249 803 1481 885 plerumque,

321 907 399 988 quod
415 908 543 969 adverbii
558 907 651 968 instar
664 914 717 968 est.
746 906 877 971 Plerus
893 910 971 972 enim
987 908 1160 972 adiectirum
1177 928 1242 970 esse
1257 914 1377 988 apparet
1390 907 1482 987 signi-

320 1008 411 1072 ficans
426 1028 488 1071 nou
503 1011 599 1073 solum
615 1010 633 1071 i.
650 1030 677 1091 q.
694 1011 842 1094 plenus,
857 1013 908 1075 sed
924 1013 1012 1075 etiam
1023 1013 1042 1072 i.
1056 1031 1084 1093 q.
1101 1012 1239 1074 multus
1254 1018 1305 1072 aut
1317 1010 1482 1090 permul-

319 1122 394 1189 tus,
416 1114 612 1196 plurimus,
633 1116 712 1177 utin
728 1115 843 1178 Pacuvii
860 1134 945 1177 versu
960 1115 1036 1195 apud
1051 1114 1172 1179 Festum
1187 1136 1217 1199 p.
1233 1114 1296 1177 230
1311 1121 1341 1175 et
1356 1111 1484 1173 Priscia-

324 1234 397 1280 num
413 1218 446 1291 V,
461 1218 501 1280 65
517 1238 547 1299 p.
566 1216 641 1280 182:
668 1220 840 1292 „Periere
862 1217 990 1280 Danai:
1016 1218 1119 1298 plera
1139 1237 1221 1300 pars
1240 1215 1483 1301 pessumdata

321 1325 406 1382 est.“
446 1319 577 1401 itemque
602 1319 633 1381 iu
659 1322 731 1385 boc:
759 1324 888 1397 „Pater
913 1319 1071 1384 Achivos
1097 1323 1135 1385 in
1160 1316 1358 1405 Caphareis
1383 1318 1483 1382 saxis

320 1422 441 1506 pleros
466 1421 664 1504 perdidit.“
709 1425 783 1487 llinc
809 1424 903 1506 pleri
932 1424 1028 1486 addita
1055 1426 1195 1507 particula
1222 1444 1289 1506 que
1316 1421 1483 1485 indefinitae

321 1524 474 1587 cuiusdam
490 1527 687 1591 multitudinis
702 1527 945 1608 significationem
962 1527 1172 1607 dispertitivam
1188 1528 1302 1607 accipit,
1317 1534 1351 1588 ut
1364 1524 1404 1586 sit
1418 1523 1437 1585 i.
1453 1542 1482 1604 q,

320 1627 440 1709 plurimi
460 1646 580 1711 quoque
596 1637 739 1711 tempore,
766 1632 986 1711 plerumque
1011 1638 1132 1693 autem
1148 1631 1168 1691 i.
1184 1650 1213 1711 q.
1238 1629 1296 1709 (ut)
1322 1629 1484 1709 plurimum

319 1747 438 1811 quoque
453 1734 597 1811 tempore.
614 1768 654 1776 ——
670 1732 710 1794 lle
726 1736 830 1797 ceteris
845 1744 954 1808 autem,
976 1734 1064 1796 etiam
1080 1754 1156 1817 quae
1172 1730 1407 1815 prenominatam
1422 1726 1485 1790 ori·

319 1833 417 1913 ginem
429 1852 490 1896 non
501 1835 564 1915 ipsa
575 1835 675 1897 statim
687 1836 759 1898 facie
771 1839 909 1918 produnt,
923 1840 1023 1920 quales
1035 1846 1105 1901 sunt
1116 1847 1210 1908 uter,
1221 1845 1275 1905 ul,
1288 1833 1362 1905 ubi,
1374 1831 1484 1910 unde,

319 1936 391 1999 satis
407 1954 487 2000 nunc
500 1938 578 2000 inter
592 1957 697 2001 omnes
713 1949 829 2003 constat
843 1944 1008 2023 primitivas
1020 1961 1124 2005 eorum
1136 1942 1249 2003 formas
1261 1936 1351 1999 inisse
1365 1942 1485 2009 auter,

320 2048 383 2102 cut
406 2047 457 2103 aut
483 2042 573 2115 cuti,
600 2040 699 2115 cubi,
727 2045 841 2106 cunda
869 2044 900 2107 iu
915 2046 1022 2127 quibus
1037 2046 1141 2107 eadem
1156 2044 1245 2125 stirps
1260 2035 1483 2126 pronominalis,

321 2162 397 2224 quae
412 2150 458 2206 ast
473 2145 504 2205 in
519 2142 596 2224 qui,
613 2143 710 2224 quis,
728 2145 810 2208 lacile
826 2148 1003 2227 agnoscitur.
1030 2148 1126 2210 Etiam
1141 2166 1197 2219 us,
1214 2144 1292 2207 unde
1307 2145 1340 2205 lit
1355 2157 1483 2218 usque,

320 2247 582 2328 sieutusquam‚
609 2248 775 2331 uspiam,
801 2267 996 2335 nusquam,
1023 2250 1191 2332 quin'olim
1217 2245 1485 2309 cusfueritnemo

320 2349 480 2412 dubitabit:
494 2351 789 2414 cusautemfactum
801 2347 1486 2427 estecubs,sicutosexobs,inostendo

320 2470 364 2532 pr.
381 2451 581 2524 obstando,
603 2472 712 2515 oscen
735 2473 779 2535 pr.
797 2456 950 2518 obscen:
975 2454 1065 2518 cubs
1086 2475 1155 2517 vero
1176 2448 1486 2535 proximeacceditad

320 2554 421 2629 cubi,
445 2561 475 2615 et
490 2555 738 2635 quemadmodum
759 2556 818 2618 hoc
831 2557 964 2631 localem,
981 2558 1025 2621 sic
1045 2558 1115 2621 illud
1130 2556 1324 2641 temporalem
1338 2553 1487 2632 significa-

322 2656 437 2718 tionem
453 2656 633 2720 indefinitam
650 2658 763 2732 babuit,
791 2677 865 2739 quae
880 2660 978 2722 addita
992 2660 1133 2743 particula
1154 2678 1224 2741 que
1243 2657 1335 2737 magis
1350 2656 1488 2718 dilatatur

320 2777 355 2821 ac
376 2759 588 2842 dispertitivam
611 2761 852 2841 significationem
874 2766 1006 2837 assumit,
1032 2771 1067 2825 ut
1091 2764 1267 2844 situsque
1288 2760 1308 2822 i.
1323 2779 1352 2841 q.
1368 2774 1487 2839 quoque

320 2867 455 2942 tempore
471 2871 522 2924 aut
535 2881 589 2943 per
603 2863 742 2945 quodque
757 2873 886 2948 ternpus,
903 2885 978 2947 quae
994 2866 1164 2946 significatio
1181 2883 1270 2946 quam
1286 2862 1382 2924 allinis
1396 2861 1435 2923 sit
1449 2860 1486 2935 ei,

321 2966 400 3044 quod
415 2973 462 3028 est
476 2985 622 3048 semper
646 2978 697 3031 aut
717 2978 917 3051 perpetuo,
936 2968 1087 3031 neminem
1101 2968 1186 3048 fugit.
1229 2967 1267 3028 Et
1281 2964 1359 3048 apud
1373 2969 1487 3027 veteres

321 3067 441 3147 quidem
468 3068 667 3151 probatosque
691 3074 851 3154 scriptores
877 3090 989 3152 usque
1015 3070 1113 3134 solum
1139 3088 1292 3151 nunquam
1316 3067 1372 3128 alio
1395 3082 1486 3128 sensu

194 3242 200 3254 ,
320 3171 459 3251 usurpari
484 3179 617 3248 constat,
644 3174 761 3237 additur
786 3183 886 3236 aulem
912 3173 1090 3256 praepositio
1117 3172 1173 3245 ad,
1200 3191 1260 3252 quo
1286 3169 1431 3231 indicetur
1450 3167 1488 3229 ad

321 3289 411 3352 quem
436 3274 597 3336 terminum
622 3274 678 3337 ista
700 3277 881 3358 perpetuitas
901 3275 1049 3356 procedat,
1070 3294 1095 3337 e.
1112 3294 1136 3337 c.
1153 3280 1317 3357 pugnatum
1332 3281 1379 3333 est
1392 3288 1488 3350 usque

320 3374 357 3436 ad
372 3382 501 3437 noctem.
532 3375 690 3457 Sequiores
710 3379 831 3441 demum
852 3378 939 3441 etiam
954 3379 1018 3441 sine
1033 3377 1250 3458 praepositione
1265 3392 1383 3455 usque
1398 3390 1487 3436 usur·

322 3483 394 3558 pant
408 3498 444 3539 co
459 3495 559 3552 sensu,
575 3497 634 3561 quo
649 3498 706 3542 nos
720 3480 775 3542 bis
791 3500 850 3555 zu,
874 3481 976 3543 Graeci
990 3473 1105 3559 μέχρις
1120 3479 1231 3540 dicunt

408 3579 547 3642 Ceterum
563 3600 655 3662 quum
671 3601 736 3663 que
751 3593 868 3665 praeter
881 3584 958 3646 hanc
973 3582 1154 3644 indesmitam
1170 3579 1429 3661 significationem,
1451 3577 1489 3640 de

322 3699 381 3760 qua
397 3682 488 3745 modo
504 3682 617 3746 dictum
633 3694 687 3756 est,
710 3687 798 3748 etiam
814 3686 936 3748 alteram
951 3685 1057 3748 babeat
1072 3684 1257 3746 notissimam
1272 3683 1352 3746 illam
1367 3681 1490 3765 copula·

321 3787 423 3857 livam,
450 3804 527 3866 quae
549 3789 699 3867 quemme
715 3808 751 3851 ex
766 3789 885 3851 relativa
900 3787 1041 3869 prodierit
1056 3787 1149 3868 capite
1164 3787 1261 3867 primo
1276 3786 1382 3847 barum
1397 3802 1490 3864 quae-

322 3889 456 3952 stionum
473 3891 675 3973 exposuimus,
691 3909 752 3954 non
766 3910 836 3953 sane
851 3891 960 3953 mirum
974 3896 1019 3951 est
1034 3890 1121 3951 etiam
1133 3887 1359 3971 pronominibus
1374 3894 1404 3948 et
1417 3904 1491 3967 pro·

321 3993 521 4057 nominalibus
542 3994 708 4058 adiunctam
730 3995 902 4074 particulam
925 3994 1159 4073 haudquaquam
1183 4009 1300 4072 semper
1324 3990 1385 4051 vim
1410 3988 1489 4051 illam

322 4094 507 4160 indefinitam
528 4115 681 4168 exercere,
706 4097 759 4158 sed
784 4116 926 4179 persaepe
946 4095 1019 4157 nibil
1039 4095 1115 4156 aliud
1137 4094 1195 4156 nisi
1214 4092 1407 4155 conexionem
1426 4090 1490 4153 eius

322 4199 465 4272 rocabun,
481 4201 530 4263 cui
542 4199 719 4280 adiungitur,
737 4218 805 4264 cum
826 4199 890 4261 aliis
904 4199 1043 4261 indicare.
1072 4196 1185 4270 Quodsi
1198 4195 1424 4277 pronominibus
1438 4200 1492 4255 aut

321 4301 577 4385 pronominalibus
591 4321 646 4385 pro
661 4303 765 4383 copula
786 4302 961 4381 adiungitur,
982 4301 1092 4362 borum
1107 4316 1225 4379 quoque
1239 4296 1414 4377 significatio
1429 4311 1492 4357 non

323 4405 478 4484 indefinita
490 4412 545 4478 est,
567 4407 620 4468 sed
634 4414 686 4468 aut
698 4406 819 4467 relativa
833 4414 931 4466 auter
945 4402 1086 4465 relatione
1100 4402 1238 4473 derivata,
1259 4400 1352 4479 (velut
1372 4399 1397 4461 si
1411 4398 1492 4460 uli-

331 4527 401 4590 que
417 4509 524 4572 dicitur
538 4527 593 4590 pro
608 4508 706 4572 etuti
723 4526 791 4571 cum
805 4506 1014 4589 significatione
1030 4505 1108 4567 linali
1123 4512 1175 4567 aut
1190 4502 1342 4580 effectiva)
1369 4509 1419 4564 aut
1436 4498 1492 4562 de-
