3290 5142
711 493 861 593 *er—

208 684 298 748 etiam
316 701 447 765 nupenu
466 685 563 747 editor
579 685 783 766 interpresque
802 684 907 747 mehor
920 682 1096 762 Theognidis
1111 699 1201 764 qnam
1215 680 1365 764 hoschyh3

208 787 261 850 sed
274 795 398 869 propter
409 786 506 868 ipsam
520 785 599 849 iilam
614 787 857 868 significationem
870 786 927 848 hos
941 802 1044 848 versus
1054 773 1116 847 non
1124 782 1302 866 Theognidis
1313 785 1365 848 sed

208 889 328 952 Solonis
347 907 415 951 esse
433 896 547 951 censet:
568 889 678 952 seilicet
697 890 765 971 quia
778 890 809 952 in
824 889 964 952 Solonem
979 906 1031 951 eos
1045 888 1196 970 aptissime
1210 888 1367 951 convenire

208 997 342 1073 apparet,
370 992 407 1054 de
426 992 596 1072 'theognide
624 999 724 1056 eutem
744 991 955 1073 Megarensium
981 991 1024 1055 rei
1044 991 1176 1072 pnbhcae
1197 991 1365 1072 praeposito

206 1094 281 1156 nihii
300 1112 427 1174 usquam
448 1095 610 1158 memoriae
631 1096 782 1176 proditum
803 1102 856 1157 ost
887 1093 979 1158 Nobis
998 1102 1098 1156 tamon
1118 1094 1149 1155 in
1167 1099 1250 1156 tenta
1262 1111 1365 1156 rerum

207 1196 415 1278 Megaricorum
426 1195 602 1259 obscuritate
613 1197 783 1260 huiusmodi
797 1201 1049 1277 argumentum
1064 1215 1080 1258 e
1094 1195 1245 1259 silentio
1259 1214 1365 1277 perum

205 1300 346 1381 ponderis
372 1299 479 1362 hahere
503 1299 630 1374 ridetur,
657 1301 830 1382 praesertim
855 1301 882 1363 si
899 1306 1065 1363 statuemus
1083 1299 1256 1380 perbrevem
1274 1298 1366 1361 fuisse

205 1401 384 1481 Theognidis
398 1402 636 1483 procurationem
651 1405 695 1466 rei
707 1403 842 1486 publicae
856 1409 887 1465 et
899 1403 963 1465 sine
978 1402 1093 1464 effectu.
1122 1401 1269 1463 Nimirum
1284 1400 1365 1481 quod

206 1503 310 1567 Soloni
331 1504 450 1577 accidit,
470 1512 505 1566 ut
519 1506 735 1587 sapientissima
749 1506 813 1569 eius
827 1506 960 1568 instituta
974 1503 1130 1586 permultis
1144 1510 1247 1567 temen
1261 1502 1366 1585 displi-

205 1613 322 1681 cerent,
345 1606 424 1670 idem
444 1606 532 1667 edam
547 1607 710 1688 Theognidi
729 1604 882 1680 eccidisse,
903 1625 1056 1688 quumque
1074 1606 1196 1670 consilia
1210 1606 1288 1680 eius,
1311 1623 1365 1668 seu

204 1706 268 1771 iure
288 1727 343 1771 seu
362 1710 530 1786 immerito,
550 1731 567 1774 a
585 1711 733 1799 plerisque
752 1716 782 1773 et
796 1711 924 1773 maxime
939 1710 1060 1792 quidem
1074 1726 1091 1771 e
1104 1708 1226 1789 plebeiis
1241 1722 1364 1789 sperne-

204 1817 321 1886 rentur,
341 1812 404 1892 ipse
423 1813 455 1874 in
476 1832 613 1895 magnam
633 1814 710 1894 apud
725 1812 802 1876 cites
816 1812 954 1876 invidiam
969 1812 1112 1875 adductus
1127 1817 1364 1893 potestatemque

204 1919 273 1994 post
300 1913 388 1976 breve
413 1921 529 1997 ternpus
555 1917 703 1998 deponere
727 1923 845 1979 coochu
872 1934 938 1978 esse
963 1914 1087 1977 ridetur.
1127 1913 1193 1976 fluo
1216 1912 1364 1995 pertinere

206 2017 335 2079 credor.
351 2016 424 2080 233.
440 2018 475 2080 4:

305 2110 505 2204 Ἅνρόνωλις
524 2113 582 2182 καὶ
604 2110 729 2199 πύργος
750 2111 812 2180 doio
831 2111 1022 2204 κενεόφρονι
1044 2110 1148 2202 δήμῳ,

390 2213 506 2305 Κύρν’,
529 2212 641 2306 ὀλίγης
660 2223 760 2302 τιμῆς
780 2212 921 2301 ἔμμορεν
940 2214 1064 2295 ἐσθλὸς
1086 2210 1177 2302 ἀνήρ,

205 2340 281 2404 quae
298 2322 386 2386 rerha
406 2324 565 2405 quominus
586 2325 623 2386 de
641 2323 819 2404 semetipso
840 2321 950 2385 dixisse
970 2314 1132 2394 statuatur,
1150 2318 1283 2393 tertiam,
1304 2335 1365 2402 qus

204 2443 276 2488 usus
291 2432 351 2500 est,
370 2445 527 2508 personam
541 2444 603 2489 non
618 2427 736 2488 obstare
749 2424 836 2507 periti
851 2424 1022 2505 intelligent.
1052 2423 1090 2486 Et
1103 2423 1220 2505 plebem
1235 2422 1364 2485 maxims

203 2526 259 2609 ipsi
279 2528 461 2593 adversatam
480 2548 545 2593 esse
559 2529 712 2611 epitheton
726 2523 909 2614 sevodopmo
923 2527 1100 2609 persuadere
1113 2530 1223 2607 potest.
1254 2525 1364 2588 Pleris-

204 2646 263 2711 que
277 2635 377 2693 autem
392 2651 424 2694 se
438 2631 591 2713 displicere
605 2631 696 2695 etiem
712 2630 779 2693 aiibi
793 2630 904 2712 passim
920 2630 1063 2711 queritur,
1078 2629 1158 2690 velut
1172 2647 1199 2691 s.
1215 2626 1361 2710 setsqqe

303 2723 432 2797 Ἅστῶν
453 2724 494 2796 οὕ
516 2729 660 2813 δύναμαι
681 2735 804 2814 γνῶναι
824 2726 900 2795 νόον
922 2723 1035 2821 ὅντιν’,
1047 2723 1193 2808 ἔχουσιν·

390 2826 466 2897 οὔτε
488 2831 550 2921 γάρ
572 2822 608 2898 εὖ
630 2828 735 2917 ἔρδων
756 2825 885 2898 doddoni
907 2824 983 2897 οὔτε
1003 2834 1119 2908 κακῶς.

306 2936 513 3017 Μωμεῦνται
532 2931 573 3001 δέ
594 2956 636 3018 με
657 2931 779 2999 πολλοὶ
800 2928 889 3016 ὁμῶς
910 2932 1008 2999 κακοὶ
1028 2927 1089 3021 ἡδὲ
1109 2927 1167 2997 καὶ
1188 2924 1319 3008 dodtot,

388 3039 571 3119 μιμεῖσθαι
594 3030 627 3101 d'
649 3030 756 3113 οὐδεὶς
776 3035 842 3099 τῶν
863 3027 1000 3121 dedomo
1022 3029 1170 3098 δύναται.

205 3140 368 3222 eodemque
383 3140 536 3203 referenda
549 3148 622 3222 puto
637 3142 727 3204 etiem
742 3159 859 3222 quaer.
875 3138 948 3201 287.
963 3139 983 3202 8
998 3139 1150 3219 leguntur:

300 3233 355 3304 Ἐν
376 3237 439 3326 γάρ
460 3262 516 3308 τοι
537 3237 637 3307 πόλει
659 3229 725 3305 ὦδε
744 3234 928 3324 κακοψόγῳ
950 3232 1084 3304 ἁνδάνει
1108 3232 1212 3325 οὐδέν,

389 3337 473 3407 ὥστε
496 3339 533 3408 δὲ
555 3343 618 3420 σῶς
641 3331 728 3408 εἶναι
748 3340 864 3428 πολλῷ
885 3333 1108 3427 ἅνολβότνρος.

204 3463 385 3526 quamquem
400 3446 436 3508 de
451 3447 560 3510 hornm
574 3466 714 3511 versuum
730 3446 891 3521 sententia,
906 3453 1030 3530 propter
1044 3453 1216 3527 corruptam
1230 3446 1262 3511 in
1276 3443 1362 3507 codi-

204 3547 286 3610 cibus
306 3548 482 3629 scripturam
496 3548 615 3612 alterins
623 3595 633 3627 ,
653 3566 760 3630 perum
774 3548 876 3630 liquet.
905 3548 966 3612 Nos
981 3548 1060 3629 quod
1075 3569 1111 3611 ex
1126 3549 1292 3612 coniectura
1306 3565 1362 3628 po·

203 3650 333 3725 suimus,
353 3650 516 3730 significare
533 3657 633 3733 potest
650 3651 798 3713 civitatem
817 3651 854 3713 ad
868 3651 1093 3732 ritrrperandum
1108 3652 1362 3734 promptissimam

202 3760 326 3833 propter
348 3752 406 3815 hoc
431 3753 530 3835 ipsum
550 3754 586 3816 ad
606 3753 763 3817 sanitatem
782 3772 817 3817 ec
837 3753 962 3817 odotem
982 3755 1213 3835 recuperandam
1232 3754 1361 3817 maxime

202 3854 322 3935 inopem
348 3858 481 3936 essen).
530 3856 644 3938 Nempe
669 3856 795 3920 salnhrie
821 3874 875 3920 sua
900 3856 1021 3920 oonsihts
1039 3856 1188 3939 Theognis
1213 3856 1360 3920 aoivihm

201 3964 301 4038 spreta
315 3976 380 4020 esse
394 3958 576 4040 indignatur,
595 3960 775 4041 fueruntque
789 3959 915 4023 tortasse
929 3960 961 4023 hi
976 3978 1077 4023 versus
1093 3961 1164 4023 oiim
1179 3960 1279 4023 statim
1293 3964 1363 4041 post

202 4058 267 4122 234
288 4061 387 4141 positi.
418 4061 478 4125 Sed
496 4068 658 4145 utcumque
676 4064 714 4125 de
732 4061 779 4126 his
799 4062 988 4138 iudicabitur,
1011 4081 1099 4145 quam
1119 4063 1304 4129 emotionem
1318 4060 1361 4125 rei

201 4231 403 4247 m

272 4316 314 4383 ll)
334 4312 528 4388 Ἀνολβότερος
543 4315 660 4370 ieninino
676 4332 769 4383 genere
779 4316 874 4369 dimum
886 4334 935 4369 non
947 4316 1026 4383 magis
1039 4331 1112 4384 qnam
1124 4317 1179 4375 σῶς
1191 4316 1301 4368 offendet
1313 4329 1357 4381 ps·

202 4400 316 4455 ritiorss.
338 4400 428 4457 Potest
443 4411 528 4457 autem
542 4405 619 4457 cttsn
635 4397 815 4475 ἆνολβότεροι
830 4418 887 4455 curn
903 4403 975 4455 codd
992 4402 1071 4455 scribi
1087 4410 1114 4455 st
1130 4402 1187 4461 usic
1201 4416 1248 4468 pro
1263 4398 1358 4470 piursii

202 4489 408 4559 muse
