3276 5144
682 472 832 569 ffl-
901 444 905 451 .

174 663 292 744 quidem
306 662 375 725 alibi
388 678 536 742 nusquam
550 660 587 723 ab
602 658 796 742 Aristophane
811 661 842 722 in
852 660 1023 723 huiusmodi
1034 658 1183 722 locutione
1194 660 1334 723 articulus

174 766 288 828 nomini
309 764 427 846 proprio
447 764 514 826 addi
534 764 624 836 solet,
646 763 675 824 id
691 763 771 844 quod
786 782 854 826 rere
868 764 904 825 ab
919 762 1058 825 Elmsleio
1075 764 1262 826 observatum
1278 771 1332 827 est.

174 869 203 930 Is
217 868 305 948 igitur
318 868 423 946 aliique
437 886 507 928 eum
527 867 618 929 secuti
638 859 673 941 dg
693 861 734 927 τὰ
750 861 919 929 Πιττάλου
940 866 1130 928 scribendum
1144 874 1334 941 censuerunt,

174 989 269 1051 neque
294 989 348 1050 ego
373 969 416 1031 sic
440 968 496 1032 diei
520 969 654 1049 poluisse
678 969 860 1048 negaverim,
887 984 1002 1031 memor
1022 968 1182 1049 Vesparnm
1202 987 1228 1030 a.
1253 968 1334 1030 1432

175 1074 358 1153 aliorumque
373 1072 576 1153 exemplorum
591 1092 609 1135 a
623 1071 767 1133 bleinekio
781 1072 811 1134 in
824 1070 980 1133 Menstruis
992 1070 1078 1132 dead.
1094 1070 1189 1132 Berol.
1210 1069 1289 1133 1852
1304 1089 1334 1152 p.

176 1176 239 1239 584
259 1175 442 1238 collatorum.
474 1173 540 1235 Non
560 1174 659 1239 miuus
678 1182 777 1236 tatum
793 1174 981 1255 probabiliter
995 1167 1131 1248 edomia
1152 1170 1228 1247 τούς
1249 1175 1333 1237 Πιτ-

174 1272 276 1341 τάλου
297 1277 384 1340 scribi
400 1278 504 1357 potuit,
520 1279 758 1358 quandoquidem
773 1278 853 1340 bunc
867 1296 955 1340 usum
971 1277 1195 1357 praepositionis
1210 1270 1244 1350 ἐς
1265 1296 1334 1340 cum

175 1381 340 1444 accusativo
364 1396 507 1460 personae
526 1379 648 1442 nomine
669 1396 729 1443 non
750 1380 839 1445 modo
861 1380 936 1460 apud
954 1379 1116 1442 Homerum
1138 1379 1189 1441 sed
1205 1396 1242 1439 na
1257 1378 1334 1460 apud

175 1482 285 1544 Atticos
301 1482 420 1561 quidem
435 1483 466 1543 in
482 1482 609 1562 pedestri
624 1499 762 1544 sermone
776 1481 939 1544 inauditum
956 1500 1020 1545 esse
1035 1482 1105 1544 satis
1120 1482 1194 1544 mihi
1208 1481 1333 1544 demon-

174 1592 284 1647 strasse
304 1585 405 1646 videor
427 1585 458 1646 in
479 1592 638 1646 comment.
655 1584 691 1645 ad
707 1584 821 1646 lsaeum
837 1603 866 1665 p.
883 1582 954 1644 363.
984 1584 1061 1646 Sunt
1076 1592 1175 1645 autem
1191 1573 1224 1645 ολ
1246 1583 1334 1645 Πιτ-

175 1681 276 1749 τάλου
297 1688 363 1749 sine
383 1687 472 1749 dubio
487 1687 550 1749 eiua
565 1687 736 1759 familiares,
756 1686 889 1769 discipuli
903 1695 954 1749 ant
968 1687 1069 1749 famuli
1083 1694 1114 1749 et
1127 1686 1158 1747 in
1173 1694 1235 1750 arte
1249 1685 1334 1747 lacti·

176 1790 264 1853 tanda
291 1789 433 1865 ministri3
459 1797 491 1851 et
514 1790 546 1852 in
566 1810 590 1851 r.
619 1789 698 1852 1032
724 1785 811 1872 πρὸς
831 1785 908 1863 τοὺς
929 1781 1100 1852 Πιττάλου
1121 1789 1225 1852 eodem
1244 1805 1335 1851 sensu

176 1892 288 1954 dictum
303 1900 359 1965 est,
375 1911 434 1974 quo
449 1892 537 1955 latine
552 1892 646 1973 apud
660 1892 716 1954 dici
731 1893 815 1954 solet
846 1893 889 1953 Cl.
905 1892 941 1953 ad
956 1893 1029 1955 lsae.
1045 1913 1073 1974 p.
1089 1892 1162 1954 244.
1335 1892 1337 1897 ’

262 1994 296 2054 V.
312 1994 403 2056 1064.
426 1994 518 2057 Verba
534 1993 754 2075 llicaeopolidis,
771 1994 821 2076 qui
832 2004 1023 2074 posteaquam
1034 1994 1222 2057 mulierculae
1232 2010 1335 2056 recens

177 2105 286 2179 nuptae
305 2096 472 2177 portionem
491 2098 528 2159 de
548 2098 669 2160 indutiis
687 2099 749 2160 suis
761 2117 795 2161 se
809 2099 982 2175 largiturum
997 2097 1149 2178 promisit,
1170 2116 1229 2177 quo
1245 2096 1334 2158 modo

174 2219 209 2262 ea
227 2201 372 2262 utendum
392 2200 429 2261 sit
451 2200 616 2280 pronubam
636 2200 754 2274 edocet,
776 2200 807 2263 in
827 2201 974 2281 plerisque
994 2200 1144 2262 codicibus
1166 2201 1208 2263 sic
1225 2201 1335 2285 scripta

175 2311 259 2366 sunt:

339 2391 436 2467 οἷσθ’
458 2395 502 2478 ὥς
523 2404 673 2467 ποιεῖται
695 2405 809 2481 τοῦτο,
830 2406 872 2491 τῇ
892 2396 1003 2489 νύμφῃ
1027 2399 1165 2489 φράσον,

339 2499 419 2569 ὅταν
440 2500 642 2588 στρατιαλτας
662 2504 880 2588 καταλέγωσι,
900 2501 1023 2590 τουτῳὶ

339 2604 461 2693 νύκτωρ
484 2601 649 2693 dissuetus
663 2605 703 2673 τὸ
726 2602 808 2684 πέος
828 2611 889 2671 τοῦ
902 2610 1053 2693 νυμφίου.

258 2713 388 2795 Apparet
408 2720 507 2774 summ
524 2712 673 2773 ποιεῖται
696 2712 739 2774 sic
753 2711 874 2774 demum
888 2720 967 2774 recte
982 2712 1039 2774 dici
1054 2710 1194 2792 potuisse,
1211 2711 1236 2772 si
1250 2710 1287 2772 de
1301 2728 1334 2773 re

173 2816 260 2896 vulgo
275 2816 381 2877 usitata
396 2834 431 2877 ao
445 2816 508 2876 lieri
522 2814 608 2877 solita
621 2832 720 2877 sermo
735 2822 831 2887 emet,
852 2814 881 2875 id
896 2814 975 2895 quod
989 2814 1020 2874 in
1035 2814 1092 2876 boc
1105 2831 1198 2893 genus
1212 2814 1335 2877 medici-

174 2936 230 2983 nae
250 2936 311 2981 non
331 2919 435 2981 cadere
454 2917 643 2979 manifestum
665 2923 720 2978 est.
750 2915 832 2979 Hanc
852 2917 890 2978 ob
911 2934 1029 2979 caueam
1044 2916 1201 2979 Elmsleius
1216 2924 1334 2997 poetam

176 3013 220 3094 ὥς
247 3021 415 3085 ποιείσθω
442 3021 540 3082 τοῦτο
568 3020 719 3100 scripsisse
745 3020 912 3102 suspicatus
938 3028 998 3093 est,
1023 3021 1053 3082 b.
1080 3039 1106 3081 e.
1128 3021 1335 3101 imperativum

175 3122 297 3205 passivi:
319 3123 423 3185 melius
439 3140 525 3196 sane,
547 3141 645 3202 quam
667 3123 745 3203 qnod
762 3125 791 3185 in
807 3124 871 3185 eod.
886 3122 957 3187 Rev.
973 3123 1124 3204 alteroque
1139 3122 1335 3186 Laurentiano

174 3227 318 3308 scriptum
338 3234 369 3288 et
388 3247 404 3288 a
424 3224 635 3289 recentioribus
651 3225 812 3288 editoribus
827 3227 973 3306 plerisque
987 3233 1137 3307 receptum
1153 3233 1212 3298 est,
1236 3212 1334 3287 οἶσθ’

176 3318 222 3401 ὠς
243 3328 373 3390 ποιεῖτε
394 3330 509 3405 τοῦτο,
531 3329 604 3391 Nam
620 3329 791 3409 perineplus
806 3336 852 3390 est
866 3327 1054 3409 imperativus
1070 3329 1215 3392 secundae
1230 3345 1335 3409 perso-

175 3446 231 3492 nae
250 3429 371 3509 pluralis
390 3431 421 3491 in
441 3449 488 3503 re,
509 3449 599 3510 qnam
619 3431 671 3493 uni
691 3446 783 3492 norae
805 3437 930 3510 nuptae,
952 3450 1049 3513 neque
1070 3432 1121 3494 ulli
1138 3438 1335 3513 praeteream

175 3531 268 3603 alteri,
284 3533 479 3611 peragendam
494 3532 585 3595 luisse
600 3551 705 3596 sensus
719 3534 886 3596 communis
900 3535 1007 3596 docere
1023 3534 1137 3596 debuit:
1153 3533 1231 3595 unde
1246 3532 1335 3594 etiam

176 3651 248 3693 mox
261 3623 438 3717 ἀλειφέτω,
453 3636 537 3697 tertia
551 3653 677 3715 persona
692 3636 840 3715 singulari,
857 3637 1036 3717 llicaeopolis
1051 3636 1153 3698 utitur.
1185 3636 1234 3697 Sic
1248 3634 1336 3713 igitur

176 3735 303 3797 dubitari
322 3751 383 3796 non
402 3743 515 3818 potest,
539 3738 611 3816 quin
633 3739 721 3800 etiam
740 3739 881 3802 ποιείτω
901 3739 1015 3801 dixerit.
1045 3738 1214 3799 Pronomcn
1234 3743 1333 3798 autem

175 3834 273 3900 τοῦτο
285 3820 351 3900 ’τοο
370 3855 438 3900 cum
460 3839 518 3901 buc
532 3839 718 3920 imperativo,
734 3840 785 3902 sed
800 3860 868 3903 cum
884 3835 1010 3926 φράσω
1025 3839 1256 3903 construendum
1271 3856 1335 3900 esse

175 3941 259 4003 facile
273 3949 320 4002 est
334 3941 370 4002 ad
385 3941 615 4021 intelligendum.
641 3942 757 4004 nudum
772 3943 815 4005 sic
824 3945 904 4006 bunc
915 3962 1030 4006 versum
1042 3942 1172 4004 restitnit
1182 3942 1334 4021 Reisigius,

175 4044 290 4107 domm
306 4043 371 4105 crit.
387 4044 423 4105 ad
435 4043 525 4125 Sopb.
539 4042 680 4105 Oeddol.
696 4064 726 4124 p.
744 4044 814 4120 189,
829 4046 858 4107 id
874 4048 952 4127 qnod
969 4046 1096 4109 editores
1111 4062 1216 4106 omnes
1227 4045 1335 4125 fugisse

174 4145 297 4207 ridetur.
329 4146 440 4227 Neque,
456 4145 570 4225 opinor,
585 4144 754 4220 Meinelrius,
770 4149 820 4227 qui
835 4153 932 4209 totum
945 4166 1061 4209 versum
1077 4147 1245 4221 eliminavit,
1260 4147 1336 4210 banc

175 4244 289 4308 beandi
302 4244 552 4330 formamaodao
573 4242 716 4332 pupeieno·
733 4283 775 4294 -
791 4240 964 4330 ἀλειφέτω,
980 4267 1113 4329 graecam
1128 4267 1192 4313 esse
1207 4250 1333 4328 negabit,

176 4356 236 4420 aut,
252 4350 277 4411 si
291 4351 368 4412 rorte
382 4351 538 4430 negaverit,
555 4350 717 4414 audiendus
732 4351 797 4413 erit.
812 4351 1005 4415 -Ceterum
1022 4353 1057 4416 de
1071 4353 1162 4415 altera
1176 4360 1333 4425 structura,

87 4466 89 4469 ’
177 4436 280 4511 οἶσθ’
292 4443 339 4527 ὥς
361 4452 512 4530 ποιείτω,
534 4454 601 4516 licet
615 4453 738 4517 minime
751 4453 861 4534 ignota,
876 4454 983 4517 addere
998 4459 1097 4517 nmen
1112 4454 1192 4526 libet,
1206 4453 1267 4516 lalli
1281 4473 1332 4516 eos
