3276 5144
804 442 955 542 joe—

300 635 400 716 ticipio
415 630 454 697 τδ
475 627 774 719 παροφισσάμενον,
798 634 880 697 onius
896 631 1077 715 probabilem
1092 632 1237 695 rationem
1252 630 1362 695 nnllam
1377 632 1463 697 reddi

300 757 388 821 posse
405 737 497 809 video,
512 736 733 799 rescribendum
747 736 803 797 erit
816 736 943 797 activum
957 728 997 797 ιδ
1012 726 1279 819 παρυφισιάνονι
1302 733 1372 797 hinc
1384 752 1461 815 pen·

301 842 352 903 det
365 841 548 902 aecusativus
563 834 602 901 ιδ
619 830 679 900 ode
694 828 901 919 ἐγγινόμενον
915 830 949 901 δν
964 831 1172 915 προσώποις,
1187 837 1298 903 scilicet
1312 834 1459 920 πρᾶγμα,

275 943 380 1027 ·quod
395 962 412 1004 e
427 942 579 1024 superiore
605 941 741 1003 membro
766 940 917 1003 subaudiri
943 939 1037 1001 debet
1072 939 1121 1002 Sic
1146 940 1182 1002 de
1207 950 1316 1006 constr.
1336 941 1386 1016 111,
1411 940 1461 1002 13.

300 1068 330 1131 p.
353 1048 430 1120 229,
460 1048 497 1107 15
525 1041 664 1128 πρᾶγμα
685 1036 891 1125 ἐγγινόμενον
913 1036 947 1104 δν
968 1034 1164 1126 προσώποις
1189 1044 1259 1107 iilud
1285 1051 1345 1119 est,
1380 1042 1462 1125 quod

300 1171 369 1215 cum
390 1166 587 1231 personarum
607 1146 854 1227 adsignificatione
877 1146 1066 1226 perverbum
1086 1146 1203 1208 finitum
1217 1146 1372 1210 indicatur.
1402 1146 1461 1208 De-

299 1254 390 1335 nique
404 1258 555 1333 postrema
567 1249 653 1312 norbo
664 1249 736 1311 nibil
748 1249 804 1310 nisi
816 1247 946 1310 nominis
957 1248 1231 1329 interpretationem
1242 1268 1308 1313 esse
1318 1249 1459 1312 arbitror:

298 1354 357 1417 hoc
375 1371 450 1426 esse,
471 1351 549 1430 quod
571 1350 714 1429 significet
734 1366 845 1411 nomen
864 1349 935 1411 iliud
957 1340 1211 1434 άπαρέμφοιον,
1232 1352 1343 1416 scilicet
1362 1369 1461 1413 curere

299 1453 476 1519 infinitivum
491 1468 697 1532 personarum,
714 1452 745 1513 in
759 1451 867 1532 quibus
882 1448 921 1514 εδ
933 1453 1072 1532 πρᾶγμα
1086 1454 1134 1527 sit,
1150 1448 1377 1538 παρεμφάσει,
1392 1453 1421 1514 b.
1432 1473 1460 1515 e.

300 1555 560 1639 adsignificatione.
592 1553 651 1614 Sed
665 1552 852 1634 Apollonium
868 1561 919 1615 aut
932 1555 1032 1617 τοῦτο
1047 1548 1108 1637 γάρ
1122 1545 1211 1619 ἐστιν
1224 1564 1276 1618 aut
1289 1552 1346 1618 καὶ
1359 1548 1461 1618 ισῖπδ

300 1656 391 1726 ἔστιν
411 1658 565 1739 scripsisse
579 1656 678 1717 credo.
698 1689 740 1702 -
759 1656 860 1718 Paullo
876 1664 952 1738 post,
976 1676 1002 1719 r.
1019 1657 1070 1731 28,
1091 1657 1142 1721 ubi
1155 1658 1263 1737 iegitur
1275 1651 1354 1721 ἐπεὶ
1369 1649 1463 1733 ἅπαξ

300 1762 551 1847 παροφίσταται
573 1748 757 1844 δνοματικῇ
781 1759 962 1843 κατηγορίᾳ
980 1760 1040 1822 τοῦ
1059 1752 1271 1841 πράγματος,
1298 1760 1461 1822 nominati-

299 1884 369 1930 rnm
386 1882 440 1946 pro
454 1861 552 1925 dativo
567 1858 774 1940 reponendum
789 1880 855 1923 esso
867 1861 1056 1925 manifestum
1067 1869 1121 1924 est.
1144 1861 1221 1935 Quid
1233 1863 1272 1924 sit
1283 1861 1462 1945 κατηγορία

299 1970 361 2033 τοῦ
391 1962 586 2053 πράγματος
607 1965 711 2028 monui
732 1965 763 2025 in
784 1965 937 2046 superiore
963 1965 1079 2027 dissert
1105 1984 1136 2047 p.
1162 1964 1224 2027 239
1252 1972 1315 2027 not
1343 1964 1392 2027 34.
1419 1999 1462 2010 -

299 2074 342 2137 De
362 2070 573 2155 significatione
591 2086 681 2151 porro
703 2067 860 2130 verborum
883 2064 936 2130 δεῖ
954 2075 983 2130 et
1002 2062 1065 2154 χρή
1085 2067 1256 2150 Apollonius
1282 2087 1311 2148 p.
1331 2069 1394 2131 540
1419 2070 1463 2132 sio

300 2175 412 2250 statuit,
439 2180 474 2235 ut
499 2163 651 2255 ἔλλειψιν
676 2170 824 2252 quandam
851 2173 890 2248 (v.
915 2172 966 2250 16)
992 2171 1037 2233 vel
1064 2165 1223 2233 διάθεσιν
1248 2160 1464 2254 ἐλλειπσινήν

300 2295 339 2371 (r.
358 2278 410 2358 10)
431 2276 467 2339 iis
489 2275 612 2337 iudicari
633 2280 775 2349 autumet,
796 2274 825 2334 b
842 2294 868 2336 o.
893 2274 1024 2336 deiectus
1040 2274 1194 2336 cuiusdam
1209 2272 1461 2355 significationem,

299 2397 424 2462 mmquo
438 2378 631 2452 transitivum,
647 2395 737 2458 qnam
749 2376 926 2439 sententiam
942 2377 1031 2439 etiam
1047 2376 1083 2438 de
1101 2383 1212 2440 constr.
1228 2375 1278 2450 111,
1293 2394 1318 2437 e.
1337 2375 1376 2437 16
1391 2394 1463 2457 pro-

298 2484 407 2556 fitetur,
428 2499 524 2561 neque
543 2479 607 2543 aliis
628 2498 694 2542 eam
715 2479 902 2560 displicuisse
920 2479 1064 2541 ridemus.
1110 2480 1152 2542 Cf.
1174 2499 1201 2542 e.
1221 2497 1247 2540 o.
1263 2477 1462 2541 Choerobosc.

297 2604 328 2668 p.
346 2584 438 2646 1277.
453 2584 556 2665 ltaque
569 2583 601 2644 in
615 2582 785 2644 huiusmodi
797 2582 1007 2655 enuntiatione.
1022 2573 1302 2645 δεῖἍπσλλοίνιον
1313 2576 1463 2665 γράφειν,

300 2685 478 2751 infinitivum
494 2677 632 2770 γράφειν
654 2701 708 2765 pro
731 2683 863 2746 subiecto
877 2683 959 2746 verbi
975 2682 1074 2747 bubcri
1089 2682 1160 2756 vult,
1168 2673 1395 2746 Ἀπολλώνιον
1408 2701 1463 2764 pro

302 2790 428 2860 obiecto,
443 2786 528 2869 quasi
543 2785 656 2849 dietum
671 2786 726 2848 sit:
756 2779 870 2849 λείπει
893 2781 932 2849 νδ
955 2782 1094 2868 πρᾶγμα
1117 2780 1157 2847 νδ
1184 2775 1221 2847 ἐκ
1240 2786 1301 2847 τοῦ
1325 2778 1466 2870 γράφειν

302 2883 539 2962 Ἀπολλώνιον,
567 2887 639 2951 be.
669 2890 784 2963 actio,
802 2888 906 2952 cuius
935 2889 1048 2951 notio
1078 2889 1177 2949 inest
1205 2887 1241 2950 in
1269 2887 1463 2951 infinitivo

301 2988 487 3078 γράφειν,
507 2990 644 3053 deiicit
663 2991 910 3072 Apollonium.
956 2992 1014 3053 Sed
1034 3009 1150 3072 quaer.
1170 2989 1385 3072 nungentos:
1406 2988 1464 3055 καὶ

299 3090 319 3181 ἦ
347 3090 506 3169 διάθεσις
528 3079 627 3177 οὖνὴ
654 3093 715 3156 τοῦ
741 3090 791 3156 δεῖ
812 3087 1005 3176 tamensem)
1027 3088 1112 3174 μετά
1133 3093 1193 3157 coti
1218 3083 1463 3177 άπαρεμφάτσυ

300 3191 419 3283 εὐθείᾳ
440 3190 682 3280 συντασσομένη
705 3189 853 3275 μέτεισιν
867 3188 927 3258 ἐπὶ
940 3189 998 3279 τείν
1013 3186 1208 3279 αῖιισιικήν,
1224 3196 1463 3260 emendationem

298 3302 463 3382 requirunt.
496 3298 598 3379 Neque
612 3298 692 3359 enim
708 3297 766 3359 hoe
780 3297 875 3359 dicere
887 3297 1059 3378 Apollonius
1074 3298 1179 3378 potuit,
1195 3296 1274 3360 itiam
1291 3293 1461 3375 διάθεσιν,

298 3421 387 3486 quam
404 3397 457 3463 δεῖ
470 3400 623 3480 significet,
645 3416 764 3480 unaque
785 3418 854 3461 cum
868 3419 903 3462 ea
917 3399 1093 3461 infinitivum
1109 3418 1178 3462 eum
1191 3400 1373 3465 nominativo
1387 3420 1461 3465 oon-

298 3513 446 3570 structum
465 3502 593 3567 tramim
614 3502 644 3562 in
665 3502 872 3576 accusativum,
893 3501 946 3564 sod
961 3502 1019 3564 hoc
1033 3508 1159 3576 tantum
1178 3502 1356 3566 infinitivum
1369 3503 1461 3566 rerbo

299 3606 352 3671 δεῖ
365 3608 538 3670 adiunctum
557 3605 656 3686 ipsum
670 3604 884 3667 nominativum
901 3624 979 3667 esse.
1011 3605 1069 3667 Sed
1085 3624 1180 3686 quum
1194 3606 1231 3668 do
1243 3605 1390 3668 sententia
1403 3607 1462 3670 du·

298 3708 383 3772 biteri
404 3714 542 3790 nequent
565 3707 741 3770 emendandi
761 3708 824 3770 riae
843 3709 942 3788 plures
963 3713 1042 3770 sunt.
1087 3708 1231 3789 Equidem
1252 3708 1331 3772 houd
1345 3708 1461 3791 impro-

298 3811 391 3874 babile
411 3818 484 3892 puto
505 3810 695 3891 Apollonium
714 3810 884 3891 scripsisse:
911 3806 967 3873 καὶ
989 3801 1009 3895 ἦ
1030 3804 1190 3886 διάδοσις
1208 3798 1264 3874 οὖν
1283 3802 1304 3896 ἦ
1327 3813 1389 3875 τοῦ
1408 3808 1464 3874 δεῖ

297 3906 488 3994 dissemina*
498 3905 534 3973 ἒν
544 3908 601 3974 τοῦ
613 3903 856 3996 άπαρεμφάτου
867 3905 902 3975 ,ἒν
912 3907 1034 3999 ίυδείρ
1044 3907 1305 3995 συντασσομένοο
1313 3909 1461 3995 μέτεισιν

299 4009 361 4079 tat
374 4010 432 4096 νῆν
446 4005 645 4098 οίιιαιικήν.
670 4014 744 4077 Nam
759 4016 833 4079 notio
845 4016 1007 4091 transitiva,
1022 4016 1141 4098 quidem
1152 4013 1205 4080 δεῖ
1214 4017 1459 4098 significarerult,

303 4136 339 4180 ex
353 4116 486 4179 subiecto
505 4134 560 4178 suo
581 4117 612 4178 in
628 4117 776 4179 obiectum
792 4118 918 4179 transire
938 4112 1100 4197 (μετιέναι
1113 4120 1158 4182 rel
1173 4114 1458 4200 διαβιβάζεσδαι)

298 4219 386 4284 etiam
402 4216 470 4281 aiibi
485 4218 590 4281 dicitur
605 4218 653 4293 (ci.
671 4239 745 4300 quac
760 4240 848 4302 supra
863 4221 905 4302 (p.
922 4221 996 4297 244)
1013 4221 1049 4283 de
1063 4241 1092 4302 p.
1110 4220 1182 4297 529,
1201 4223 1239 4283 17
1250 4222 1411 4297 diximus),
1427 4230 1460 4285 ct

297 4316 333 4386 ἕν
347 4310 464 4405 εάδείᾳ
484 4321 660 4383 infinitivum
681 4341 709 4404 p.
727 4323 798 4398 540,
823 4322 860 4384 18
882 4323 1035 4386 babemus.
1065 4322 1149 4385 Conf.
1170 4342 1293 4405 gramm.
1314 4324 1346 4386 in
1359 4324 1458 4387 Rach-

297 4424 398 4486 monni
412 4423 520 4485 dnecd.
537 4424 573 4486 ΙΙ.
588 4444 617 4504 p.
635 4423 706 4502 313,
723 4424 780 4488 22:
795 4421 900 4488 ταῦτα
915 4420 955 4489 δέ
967 4425 1111 4506 (loquitur
1125 4426 1161 4488 de
1177 4423 1236 4503 δεῖ,
1251 4419 1312 4511 χρή
1327 4435 1356 4488 ct
1370 4426 1458 4489 simi·
