3222 5148
650 482 800 582 *sea-

147 671 184 734 de
204 678 263 734 nat.
284 671 364 734 deor.
384 670 420 745 ll,
437 670 488 745 31,
505 671 546 733 79
567 672 706 752 legimus:
735 670 931 753 „sequitur
955 678 996 733 ut
1020 670 1142 733 eadem
1167 671 1302 734 veritas

146 775 345 856 utrubique
359 774 411 836 sit
425 774 621 854 eademque
634 775 723 837 ler.“
753 775 844 855 Epist.
860 774 897 837 ad
911 774 981 836 lam.
996 773 1045 847 lll,
1061 774 1096 836 b:
1113 780 1176 847 „ut
1190 773 1302 836 scires

146 878 207 940 ubi
222 877 424 960 hospitium
440 877 505 939 tibi
520 895 685 958 parares,
701 876 755 938 vel
768 876 895 957 potius
910 883 947 938 ut
961 877 1195 957 utrubique.“
1220 875 1301 938 Asin.

145 980 239 1042 Pollio
254 981 285 1041 in
300 999 347 1059 ep.
365 979 398 1051 ll,
415 979 471 1042 31:
488 980 718 1062 „utrubique
740 997 887 1061 magnos
909 980 1081 1042 inimicos
1095 978 1302 1041 habebam.“

146 1084 232 1145 Corn.
248 1081 321 1162 Nep.
336 1081 438 1155 Xlllll,
456 1084 503 1157 10,
520 1082 555 1144 3:
573 1083 661 1156 „sed
682 1082 883 1162 utrubique
897 1082 1076 1144 Eumenes
1098 1082 1181 1162 plus
1203 1081 1302 1145 vale·

144 1185 236 1248 bat.“
251 1220 292 1230 -
309 1185 358 1247 Sic
373 1184 460 1265 igitur
474 1185 553 1246 nulla
568 1203 637 1247 sana
653 1185 780 1257 ratione,
800 1185 853 1247 sed
868 1184 961 1248 fallaci
975 1192 1090 1246 tantum
1104 1184 1201 1265 specie
1215 1183 1303 1246 bum

144 1290 182 1351 de
207 1288 340 1369 ubique
366 1287 537 1367 opinionem
556 1288 610 1349 niti
630 1306 746 1361 censeo,
766 1305 822 1350 neo
835 1294 992 1369 propterea
1008 1287 1208 1369 spernendum
1223 1286 1303 1349 arbi-

145 1397 217 1464 tror,
233 1391 311 1470 quod
327 1390 403 1470 apud
414 1389 584 1453 Ciceronem
600 1390 636 1452 de
650 1398 711 1452 nat.
728 1390 808 1453 deor.
820 1390 855 1464 ll,
876 1390 923 1463 18,
940 1391 980 1453 47
996 1408 1049 1472 pro
1064 1389 1189 1453 lectione
1204 1388 1302 1453 mani-

143 1495 221 1556 festo
236 1501 389 1574 corrupta:
410 1513 447 1568 „a
470 1493 664 1574 medioque
680 1497 822 1556 tantum
841 1492 937 1554 absit
958 1499 1163 1554 extremum
1184 1510 1302 1572 quan·

143 1604 217 1659 tum
232 1597 326 1658 idem
346 1613 363 1656 a
384 1615 495 1658 summ
505 1602 554 1656 0.“
577 1596 678 1658 deletis
692 1596 738 1657 his
753 1595 847 1657 verbis
862 1594 1029 1678 postremis,
1045 1614 1121 1676 quae
1134 1613 1303 1676 perversam

143 1699 319 1761 sententiam
345 1698 485 1769 efficiunt,
511 1700 654 1779 scriptum
678 1699 749 1761 olim
775 1698 867 1761 fuisse
890 1697 1015 1760 conieci:
1038 1717 1079 1772 „a
1105 1697 1302 1777 medioque

143 1802 363 1864 tantundem
383 1802 516 1883 ubique
537 1802 630 1865 absit
647 1807 879 1877 extremum‘,
895 1800 931 1863 ad
945 1800 1169 1863 similitudinem
1184 1802 1303 1864 alterius

143 1904 215 1976 loci,
241 1904 359 1967 Tuscul.
387 1904 408 1974 l,
439 1904 489 1978 43,
519 1905 593 1966 104:
624 1904 813 1984 „undique
842 1902 882 1965 ad
912 1903 1055 1966 inferos
1083 1905 1301 1968 tantundem

143 2004 222 2067 viae
243 2011 333 2067 est.“

230 2108 400 2171 Graviorem
415 2109 502 2172 etiam
518 2127 552 2170 ae
565 2108 647 2170 valde
662 2108 819 2171 mirilioum
839 2127 971 2170 errorem
987 2107 1163 2171 doctissimis
1178 2109 1302 2192 quibus-

144 2211 213 2273 dam
228 2211 295 2274 viris
311 2212 417 2273 obiecit
437 2211 607 2274 adverbium
627 2211 770 2291 utique,
791 2212 870 2293 quod
892 2229 984 2293 quum
1003 2231 1105 2292 saepe,
1127 2212 1204 2293 apud
1225 2213 1301 2275 anti-

144 2314 261 2396 quiores
276 2315 459 2396 praesertim,
475 2314 547 2377 nihil
562 2315 639 2376 aliud
653 2314 693 2375 sit
712 2334 802 2396 quam
822 2322 858 2378 et
877 2316 945 2389 uti,
966 2321 1078 2395 postea,
1098 2322 1128 2376 et
1146 2316 1205 2378 iarn
1225 2316 1302 2399 apud

143 2419 314 2482 Ciceronem
329 2435 389 2479 non
404 2436 481 2490 raro,
497 2417 645 2499 quandam
659 2416 824 2479 affirmandi
839 2417 899 2479 vim
913 2418 1029 2492 babeat,
1044 2419 1123 2481 unde
1137 2417 1302 2482 affirmandi

142 2522 310 2585 adverbium
324 2521 495 2584 aveteribus
510 2520 707 2601 grammaticis
722 2519 837 2594 dicitnr,
852 2521 930 2582 hanc
940 2523 998 2583 vim
1010 2522 1051 2584 illi
1065 2523 1208 2605 explicare
1223 2529 1252 2583 et
1267 2541 1301 2584 ex

141 2626 189 2688 illa
204 2625 295 2688 altera
310 2625 407 2706 aliquo
423 2626 513 2686 modo
529 2625 659 2686 derivare
681 2631 821 2687 conantes
841 2625 876 2686 ad
898 2625 1012 2706 ellipsin
1032 2625 1180 2706 quandam
1196 2624 1301 2688 conin-

142 2736 249 2809 gernnt
262 2745 384 2809 prorsus
400 2727 609 2790 incredibilem.
639 2727 677 2788 Et
691 2726 834 2808 Reisigius
854 2727 974 2809 quidem
989 2728 1020 2789 ln
1033 2728 1141 2790 sobolis
1154 2745 1302 2808 mmmd-

143 2830 216 2904 ticis,
232 2850 261 2911 p.
278 2830 349 2905 466,
366 2830 396 2892 in
411 2830 583 2893 huiusmodi
597 2831 754 2912 exemplis,
776 2832 827 2893 ubi
846 2832 913 2912 quis
933 2831 1041 2913 aliquid
1056 2830 1223 2894 faciendum
1237 2850 1302 2894 esse

143 2933 294 2996 inculcans
314 2933 383 2995 dicit
402 2951 427 2995 v.
449 2952 490 2995 e.:
519 2935 675 3015 „utique
697 2934 871 3008 scribas“,
892 2936 1008 3016 plenam
1030 2935 1193 2997 orationem
1214 2935 1301 2998 talem

144 3036 290 3118 quandam
316 3035 500 3115 cogitandam
525 3055 590 3098 esse
616 3038 778 3118 praecepit:
810 3037 979 3111 „scribas
1004 3044 1040 3099 et
1068 3036 1125 3099 lac
1153 3037 1207 3099 uti
1235 3036 1303 3100 hoc

142 3148 270 3202 teneas
291 3139 445 3201 anim0.“
480 3139 558 3212 Quid
574 3147 673 3201 autem
689 3140 718 3201 in
734 3139 796 3202 aliis
812 3141 938 3203 multum
955 3139 1146 3203 dissimilibus
1161 3140 1303 3224 exemplis

141 3241 318 3322 subintelligi
333 3242 428 3316 vellet,
444 3242 541 3304 dicere
556 3242 663 3304 omisit
693 3243 769 3305 Nam
790 3243 846 3304 hoo
861 3243 980 3324 quidem
995 3261 1056 3305 non
1070 3243 1233 3306 verendum
1247 3250 1301 3316 est,

141 3364 180 3407 ne
205 3346 293 3407 etiam
319 3345 350 3405 in
375 3345 424 3406 tali
450 3346 667 3419 enuntiatione,
692 3346 785 3428 qualis
811 3355 856 3407 est
881 3347 953 3408 haee
971 3347 1049 3430 apud
1071 3346 1242 3409 Ciceronem
1265 3345 1301 3409 de

143 3446 444 3521 divin.ll,58,120:
473 3448 593 3523 „Faba
616 3448 763 3529 quidem
783 3449 1010 3529 Pythagorei
1035 3450 1164 3529 utique
1185 3448 1302 3511 absti-

142 3555 340 3622 nuerunt“‚
367 3550 438 3611 item
464 3551 535 3613 illud
562 3569 650 3612 suum
677 3559 736 3625 „et
760 3550 817 3612 fae
838 3549 891 3611 uti
913 3549 981 3613 hoc
1005 3556 1159 3614 teneas“
1180 3551 1302 3613 subesse

69 3672 78 3683 ·
142 3652 276 3714 voluerit.
299 3652 382 3714 Hanc
395 3653 484 3733 igitur
497 3653 615 3734 Reisigii
630 3653 794 3715 doctrinam
810 3652 1015 3716 Lachmannus
1029 3660 1080 3716 aut
1094 3671 1236 3737 spernens
1252 3662 1303 3717 aut

142 3756 280 3837 ignorans
294 3755 379 3817 aliam
396 3756 542 3836 quandam
559 3764 744 3820 commentus
760 3762 817 3829 est,
840 3756 898 3817 iam
914 3755 1007 3837 ipsius
1023 3756 1116 3818 verbis
1131 3774 1302 3839 proponen-

142 3858 221 3922 dam.
252 3857 305 3932 „ld
320 3858 516 3920 vocabulum“
532 3858 640 3938 inquit¹
653 3856 682 3934 ⁹)
703 3860 779 3933 „nisi
793 3858 889 3933 fallor,
904 3877 963 3939 quo
978 3868 1111 3940 tempore
1125 3859 1256 3943 primurn
1270 3859 1302 3922 in

142 3979 312 4025 sermonem
326 3963 473 4040 vulgarem
488 3961 576 4034 venit,
596 3961 654 4024 boo
673 3968 719 4023 est
734 3962 881 4024 Ciceronis
896 3969 998 4035 aetate,
1020 3962 1071 4043 qui
1091 3981 1135 4036 eo,
1156 3970 1301 4043 quantum

141 4066 213 4137 scio,
228 4072 432 4147 praeterquam
449 4063 479 4124 in
494 4063 627 4143 epistulis
643 4072 672 4125 et
693 4064 729 4126 de
743 4065 923 4127 divinatione
937 4065 973 4139 ll,
992 4063 1051 4128 120
1066 4084 1127 4128 non
1141 4065 1301 4145 utiturtv),

213 4233 254 4295 19)
272 4233 310 4283 Ad
324 4232 469 4304 Lucretium
482 4249 505 4299 p.
518 4231 577 4284 250.

212 4318 256 4381 20)
272 4316 381 4370 Fallitur
398 4318 582 4370 halmardus:
601 4325 673 4371 extat
690 4318 755 4370 enim
771 4320 882 4385 atique
899 4320 965 4385 apud
978 4318 1124 4372 Ciceronem
1140 4320 1216 4371 etiarn
1228 4319 1258 4371 de
1271 4335 1300 4371 re

143 4403 212 4470 publ.
225 4402 257 4468 V,
270 4404 295 4466 3,
307 4405 331 4455 5.
345 4402 377 4456 lr.
391 4421 429 4457 or.
442 4423 479 4473 pr.
494 4404 569 4457 Corn.
584 4405 623 4458 13.
647 4403 674 4457 ln
686 4405 764 4457 Bruto
777 4413 869 4471 antem
886 4422 908 4458 o.
919 4406 962 4472 98,
975 4406 1025 4458 304
1036 4407 1183 4460 restitutura
1194 4412 1235 4458 est
1245 4419 1301 4459 cor*

142 4489 242 4542 tissima
254 4488 334 4542 lahnii
345 4492 427 4543 nostri
438 4491 620 4544 emendatione.
