3284 5152
836 455 988 549 „El-

325 639 354 705 b.
370 661 396 702 e.
408 640 520 704 delator
533 640 621 715 senis,
638 659 757 723 operam
773 640 888 705 dedisse
899 650 934 705 ut
944 642 1115 707 adolescens
1126 641 1230 723 aliquis
1239 640 1296 704 sibi
1307 634 1486 725 συνήγορος

326 743 417 806 tieret.
463 744 564 825 Neque
578 751 678 807 tamen
692 750 849 825 propterea
863 742 1059 807 neeessariam
1085 744 1163 807 illam
1179 743 1334 825 singularis
1348 761 1402 824 pro
1416 742 1485 823 plu·

324 846 378 908 rali
408 846 625 910 restitutionem
654 866 720 909 esse
756 846 897 923 arbitrem
931 848 1023 908 immo
1057 847 1201 911 veriorem
1234 852 1308 928 puto
1337 844 1483 927 pluralem

324 955 490 1029 propterea,
511 949 591 1028 quod
610 966 672 1011 non
690 947 823 1029 singulos
843 949 895 1011 sod
921 949 1021 1032 plures
1031 966 1150 1032 semper
1165 941 1362 1034 συνηγόρους
1383 947 1414 1008 in
1436 946 1485 1008 illo

325 1067 433 1131 genere
447 1066 612 1125 causarum,
627 1050 678 1114 ubi
693 1050 759 1133 quis
772 1069 826 1132 per
846 1042 1053 1133 εἰσαγγελίαν
1074 1069 1143 1115 reue
1161 1050 1257 1114 iactus
1277 1055 1349 1123 erat,
1373 1049 1411 1123 ei,
1434 1048 1485 1129 qui

325 1170 435 1216 nomen
459 1152 536 1215 illius
557 1152 711 1226 detulerat,
736 1153 887 1217 adiutores
912 1172 930 1215 a
946 1153 1058 1235 populo
1072 1153 1137 1215 dari
1150 1152 1254 1214 solitos
1269 1170 1336 1214 esse
1351 1150 1486 1231 exempla

326 1254 549 1338 persuadent).
593 1256 638 1318 Ad
652 1256 871 1337 ambiguitatem
886 1262 986 1320 autem
1001 1256 1081 1338 quod
1095 1254 1399 1357 arimannorum
1420 1253 1486 1334 qoi-

325 1357 394 1419 dem
409 1357 495 1421 uobis
509 1365 540 1421 et
554 1359 678 1439 scriptas
692 1358 803 1422 litterae
818 1358 999 1422 intuentibus
1015 1358 1101 1421 obiici
1114 1377 1180 1421 cam
1202 1374 1263 1420 non
1282 1374 1433 1439 negamus,
1456 1356 1487 1417 in

325 1460 443 1523 theatro
462 1468 561 1523 autem
581 1461 671 1524 attico
695 1462 807 1525 nubam
833 1461 923 1524 luisse
949 1467 1098 1541 putamus,
1124 1478 1283 1541 veramque
1308 1466 1486 1523 structuram

328 1562 484 1626 verborum
498 1570 529 1625 et
543 1564 721 1626 seutentiam
741 1564 859 1627 cuilibet
878 1562 979 1626 statim
999 1562 1117 1643 planam
1138 1562 1246 1625 iactam
1261 1580 1326 1624 esse
1348 1560 1420 1624 boni
1439 1560 1487 1622 bi·

325 1665 445 1727 strionis
460 1664 707 1747 pronuntiatione,
728 1685 803 1748 quae
824 1656 895 1729 δδί
907 1683 969 1728 non
988 1665 1228 1746 coniungendum
1248 1684 1314 1729 ease
1329 1682 1399 1727 cum
1412 1681 1487 1725 νια-

327 1759 399 1841 νίας
420 1772 451 1828 ct
464 1775 587 1829 accentu
602 1775 632 1830 et
647 1758 821 1846 ἐπισχίσοι
842 1786 866 1831 s.
882 1786 966 1832 mora
981 1768 1115 1850 quamvis
1136 1768 1257 1850 parvule
1270 1767 1341 1832 satis
1357 1766 1486 1831 declus·

328 1877 390 1932 rct:
406 1885 503 1949 oeque
517 1868 707 1944 intercedam,
727 1870 752 1932 si
772 1871 838 1951 quis
856 1870 913 1933 hoc
931 1870 1021 1933 etiam
1040 1870 1287 1952 interpunctione,
1308 1871 1339 1933 h
1360 1888 1387 1932 e.
1402 1887 1486 1932 com-

328 1978 407 2034 mate
422 1963 525 2053 postb'
547 1965 585 2034 δί
599 1972 696 2053 posito
716 1973 870 2053 significari
886 1974 1019 2057 potuisse
1047 1974 1134 2037 dicat.
1193 1974 1243 2036 Sic
1271 1973 1361 2054 igitur
1389 1988 1486 2052 neque

328 2074 505 2138 mutandam
520 2074 578 2137 loci
597 2074 772 2156 scripturam
793 2094 859 2139 esse
879 2076 1025 2152 dicemus,
1048 2094 1144 2157 neque
1170 2095 1240 2139 vero
1260 2074 1488 2156 mniugiendurn

327 2177 363 2240 ad
376 2176 421 2239 W.
434 2176 584 2239 Ribbcclrii
594 2176 879 2260 interpretationem,
895 2179 944 2243 cui
955 2197 1047 2260 quum
1059 2170 1189 2254 νεανίας
1198 2177 1397 2242 nomimtivus
1409 2180 1488 2240 essct

327 2298 396 2343 cum
412 2266 432 2341 δ
455 2272 494 2342 δι’
508 2280 678 2354 cohaerens,
700 2271 809 2364 ἑαυτῷ
829 2280 1016 2366 συνηγορεῖν
1036 2281 1109 2343 nihil
1123 2281 1201 2345 aliud
1215 2281 1377 2362 significare
1391 2279 1487 2342 visum

328 2388 385 2456 est,
400 2380 457 2444 nisi
471 2382 544 2444 sibi
559 2382 681 2466 ipsum
704 2383 956 2468 συνηγορεῖν,
979 2384 1067 2466 idque
1081 2383 1118 2446 de
1131 2403 1168 2447 eo
1182 2383 1249 2458 dici
1265 2383 1316 2465 qui
1332 2381 1414 2445 nullo
1432 2379 1486 2443 ali-

329 2484 411 2549 euius
426 2477 605 2569 συνηγόρου
626 2484 732 2547 auxilio
758 2493 849 2567 egeat,
875 2487 927 2550 sed
942 2487 998 2550 sibi
1019 2489 1082 2569 ipse
1103 2486 1239 2561 sufficiat,
1262 2485 1401 2567 quodque
1420 2483 1487 2547 aliis

329 2580 506 2671 συνήγοροι
526 2586 616 2649 additi
631 2595 788 2671 praestent,
803 2607 858 2671 per
871 2609 903 2652 se
918 2591 1000 2653 solus
1013 2597 1164 2671 praestare
1178 2587 1282 2672 posuit.

413 2689 531 2751 Prolert
544 2689 650 2752 deinde
665 2690 772 2754 chorus
786 2693 955 2776 exemplum
969 2693 1048 2755 senis
1062 2692 1240 2774 Thucydidis
1254 2708 1351 2776 nuper
1363 2689 1400 2754 ab
1413 2688 1487 2753 ado·

330 2791 460 2857 lescente
473 2791 688 2875 Cephisodemo
703 2795 831 2857 accusati
846 2795 1102 2876 condemnatique,
1118 2816 1144 2857 v.
1161 2794 1239 2857 703:

457 2889 512 2977 Τῷ
535 2889 597 2978 γδρ
620 2885 710 2970 οἶκός
732 2887 835 2978 ἄνδρα
857 2891 972 2982 κυφόν,
994 2890 1109 2982 ἡλίκον
1134 2888 1350 2981 Θουκυδίδην,

451 2988 630 3072 ἐξολέσθαι
651 2993 882 3078 ξυμπλακένια
903 2996 944 3086 τῇ
963 3000 1106 3064 Σκυθῶν
1127 2991 1255 3084 ἐρημίη,

450 3096 538 3182 τῷδε
559 3101 607 3184 τῷ
630 3095 873 3185 Κηφισοδήμῳ,
896 3103 945 3187 τῷ
966 3097 1057 3186 λα’λῳ
1080 3095 1264 3184 ξυνηγόρῳ,

332 3202 483 3267 Sententia
498 3201 617 3283 quidem
632 3200 804 3283 planissima
817 3210 878 3279 est,
889 3204 926 3267 de
940 3205 1045 3289 primis
1059 3211 1176 3267 tantum
1191 3200 1287 3265 verbis
1298 3200 1406 3281 ambigi
1418 3206 1488 3283 pot·

330 3313 385 3381 est,
400 3306 477 3368 sitne
491 3300 539 3389 τῷ
549 3305 579 3368 h.
595 3324 621 3366 e.
633 3296 710 3375 τίνι,
726 3322 794 3367 cum
806 3306 840 3368 l.
851 3305 983 3379 blittero,
998 3326 1052 3391 pro
1063 3307 1159 3370 dativo
1173 3304 1289 3387 generis
1303 3303 1402 3366 neutri
1411 3301 1489 3365 acci·

330 3409 486 3492 piendum,
506 3406 801 3489 subaudiendumque
818 3403 1000 3495 τεκμηρίῳ,
1023 3428 1061 3471 an
1081 3409 1180 3494 potius
1198 3406 1313 3489 generis
1335 3404 1490 3469 masculini

330 3510 379 3585 sit,
393 3510 593 3591 significatque
607 3510 752 3572 cuinam
768 3510 921 3574 homini.
964 3512 1075 3575 Eadem
1089 3511 1233 3575 dubitatio
1245 3516 1382 3573 moretur
1396 3509 1433 3571 tle
1446 3508 1490 3570 al-

331 3621 395 3677 tero
410 3613 486 3687 loco,
502 3612 716 3696 Thesmophcr.
732 3632 760 3674 v.
776 3612 854 3676 845:

457 3717 513 3799 Τῷ
535 3711 597 3797 γαρ
619 3707 718 3790 οἰκός,
741 3705 769 3776 ιδ
791 3710 903 3792 πόλις,

452 3813 511 3903 τὴν
529 3809 739 3901 Ὑπερβόλου
760 3815 942 3903 καθῆσθαι
962 3808 1072 3903 μηιίρ’
1094 3809 1320 3903 ἡμφιοσμίνην

452 3915 552 3984 λευκοὶ
574 3914 632 3983 καί
653 3914 759 4001 κόμας
779 3920 957 3998 achaicum·

239 4037 243 4041 ·
332 4023 414 4098 Quae
428 4030 528 4087 autern
543 4031 751 4108 comparantur
764 4043 781 4086 a
796 4024 858 4087 viro
872 4023 1052 4098 doctissimo,
1066 4023 1164 4087 Nubb.
1176 4043 1203 4084 r.
1216 4021 1291 4086 38⁴1:
1308 4014 1387 4106 φέρι
1396 4013 1491 4084 τουτὶ

330 4129 381 4211 τῷ
401 4122 460 4211 χρὴ
483 4121 669 4204 nectariam,-
699 4135 728 4189 et
753 4126 830 4190 Plut.
854 4146 881 4190 v.
898 4126 951 4190 48:
972 4124 1020 4210 τῷ
1041 4128 1141 4190 τοῦτο
1162 4117 1304 4209 κρίνεις,
1325 4123 1491 4188 munaum

332 4279 534 4293 μαι-

401 4365 427 4431 6)
445 4363 483 4417 Gi.
498 4365 529 4416 tle
541 4366 624 4418 comit
638 4364 730 4419 Athen.
744 4383 767 4435 p.
786 4366 844 4432 109,
860 4374 913 4418 not.
928 4367 968 4420 to.
991 4366 1047 4419 adol.
1065 4365 1166 4420 liceret
1184 4380 1225 4433 ap.
1241 4363 1284 4417 Pr.
1301 4363 1369 4416 Pina
1388 4363 1446 4418 stu.
1464 4360 1491 4416 X

334 4456 410 4504 oratt.
420 4465 444 4516 p.
458 4451 506 4505 att
518 4450 546 4501 F.
562 4450 676 4503 Dicarcb.
691 4459 739 4504 etr.
752 4452 865 4519 Aristus.
878 4449 895 4520 λ
907 4450 932 4503 δ.
945 4451 1064 4505 Demoath
1085 4452 1143 4504 acle.
1156 4449 1266 4505 Timoth.
1281 4449 1333 4517 5⁹.
