3178 5136
842 448 904 515 210

297 644 468 719 patesceret
496 637 570 700 Nam
586 636 612 699 si
626 636 797 718 simpliciter
811 635 1022 699 assentiebatur
1032 635 1225 699 Philodemus
1236 634 1456 716 Theophrasto,

301 741 370 821 quid
386 759 463 822 opus
478 748 539 803 erat
552 739 588 803 ad
603 739 778 802 sententiam
792 739 855 802 eius
870 738 929 800 boc
942 739 1028 801 mam
1043 737 1163 809 addere,
1179 754 1329 817 nunquam
1343 736 1458 798 esseio

298 843 413 923 politica
428 841 689 917 administratione,
705 842 785 924 quod
801 842 837 904 ad
849 840 1033 915 domesticae,
1044 839 1179 920 nequein
1191 838 1362 913 domestica,
1374 838 1458 919 quod

299 946 335 1007 ad
350 946 484 1026 politicae
499 944 760 1007 administrationis
776 943 993 1007 similitudinem
1009 939 1182 1005 accederet?
1202 941 1286 1003 Hanc
1299 940 1376 1003 enim
1391 940 1459 1003 dus

299 1048 456 1111 verborum
472 1046 646 1111 sententiam
662 1065 727 1109 esse
740 1065 802 1108 non
817 1045 928 1109 dubito.
958 1043 1066 1106 Contra
1086 1043 1112 1105 si
1130 1043 1344 1123 reprehendere
1358 1042 1459 1105 Theo·

298 1148 410 1230 phrasti
424 1149 561 1228 placitum
577 1148 681 1221 voluit,
700 1166 762 1210 non
777 1148 874 1228 inepte
892 1147 962 1209 baec
976 1146 1125 1209 addidisse
1138 1145 1231 1208 videri
1247 1144 1345 1219 debet,
1364 1163 1459 1225 quum

300 1269 511 1331 saepenumero
526 1251 637 1314 accidat
651 1259 680 1313 et
692 1250 723 1315 in
737 1250 885 1314 civitatum
896 1249 1146 1311 administratione
1159 1256 1193 1311 ut
1203 1247 1359 1328 imperium
1370 1264 1458 1319 unus,

300 1355 376 1417 sicut
389 1354 420 1415 in
435 1354 526 1416 domo
541 1360 623 1432 pater
644 1353 780 1427 familias,
801 1360 943 1428 exerceat,
963 1362 992 1414 et
1009 1352 1041 1412 in
1060 1350 1233 1425 domestica,
1254 1358 1287 1412 ut
1304 1351 1377 1413 haec
1394 1366 1459 1411 non

299 1456 387 1519 unius
403 1454 525 1529 domini,
541 1455 592 1517 sed
608 1456 777 1531 multorum,
792 1455 841 1536 qui
857 1472 959 1535 parere
973 1452 1096 1515 domino
1111 1453 1261 1528 deberent,
1269 1451 1418 1523 „solmone
1429 1463 1461 1514 et

299 1556 419 1619 arbitrio
438 1564 566 1635 regatur.
604 1556 738 1618 Ceterum
760 1555 850 1617 nihilo
870 1556 969 1619 minus
987 1556 1223 1636 Theophrastum
1242 1554 1323 1617 facile
1343 1553 1459 1616 delendi

299 1678 388 1741 posse
403 1665 531 1740 apparet
562 1658 628 1719 Non
643 1658 720 1720 euim
736 1658 917 1739 respicienda
931 1658 1112 1739 philosopho
1126 1658 1184 1721 nisi
1200 1677 1235 1721 ea
1248 1657 1292 1719 vel
1303 1656 1403 1719 ciritm
1413 1656 1461 1719 rel

300 1762 407 1824 domus
421 1769 495 1835 erat,
510 1779 584 1842 quae
599 1768 677 1823 recte
691 1767 721 1821 et
734 1760 839 1822 rationi
854 1760 1058 1822 convenienter
1074 1760 1232 1823 comtituta
1246 1767 1300 1823 est.
1330 1758 1461 1821 Domum

300 1871 397 1925 antem
416 1863 452 1925 ab
474 1863 536 1925 aliis
556 1871 671 1944 praeter
692 1881 785 1926 unum
810 1870 923 1942 patrem
950 1862 1070 1925 familias
1096 1861 1251 1943 gubernari
1273 1879 1335 1924 non
1358 1861 1461 1923 minus

301 1974 401 2028 conus
416 1964 559 2027 rationem
574 1973 628 2039 est,
644 1984 732 2046 quam
748 1964 859 2027 dudem
876 1964 1159 2027 administrationem
1171 1982 1288 2027 omnem
1300 1963 1389 2026 unius
1400 1963 1461 2024 irn-

300 2066 381 2147 perio
396 2069 466 2147 regi.
498 2067 613 2129 Scilicet
626 2067 739 2129 civilem
756 2066 1036 2129 administrationem
1056 2083 1124 2129 cum
1138 2065 1292 2128 Aristotele
1314 2073 1345 2127 ct
1358 2065 1461 2127 Theo-

299 2169 421 2250 phrasto
436 2187 499 2231 non
514 2169 638 2231 dicimus
653 2170 712 2232 nisi
727 2188 798 2240 eam,
814 2188 887 2249 quae
902 2178 947 2231 est
960 2169 1067 2231 liberae
1083 2167 1213 2243 dumbs,
1228 2168 1260 2229 in
1271 2186 1327 2249 qua
1339 2185 1462 2231 necesse

300 2278 346 2333 est
359 2270 514 2352 imperium
530 2271 605 2334 inter
620 2273 717 2352 plures
731 2274 871 2354 partitum
887 2290 965 2334 esse:
977 2271 1084 2352 quodsi
1096 2279 1197 2335 contra
1207 2278 1333 2345 estnon
1343 2270 1402 2333 mm
1414 2278 1464 2332 est

299 2372 388 2435 libera
404 2372 502 2435 civitas
517 2373 648 2448 dicenda,
663 2394 759 2456 neque
773 2375 985 2437 administratio
1001 2374 1093 2436 civilis
1108 2392 1133 2435 s.
1148 2367 1317 2457 πολιτική,
1332 2372 1384 2435 sed
1399 2391 1463 2451 μο-

301 2469 446 2558 ναρχική,
462 2475 491 2536 h.
504 2494 530 2536 e.
547 2484 597 2537 aut
610 2472 768 2561 βασιλικὴ
784 2486 835 2540 aut
849 2471 1031 2561 δεσποτικὴ
1047 2484 1097 2538 aut
1110 2469 1292 2560 τυραννική.
1304 2509 1346 2520 -
1365 2475 1464 2553 Atque

302 2574 387 2639 etiam
402 2576 520 2638 alteram
536 2576 701 2641 Philodami
714 2579 988 2657 reprehensionem,
1007 2579 1086 2659 quod
1102 2595 1349 2660 supervacaneum
1369 2576 1463 2639 luisse

302 2676 371 2738 dicit
390 2676 437 2739 illa
456 2678 578 2758 exponi,
598 2681 743 2743 removeri
761 2699 853 2763 posse
872 2681 1044 2743 iudicamus.
1076 2681 1182 2761 Tetigit
1200 2681 1278 2743 enim
1298 2679 1345 2740 illa
1360 2678 1462 2741 Theo-

301 2778 442 2858 phrastus
463 2790 633 2862 propterea,
659 2782 738 2863 quod
759 2783 924 2845 arctissima
946 2801 1015 2844 sane
1036 2782 1190 2845 intercedit
1211 2783 1288 2844 inter
1308 2780 1458 2861 politicam

301 2891 330 2942 et
344 2882 564 2945 oeconomicam
580 2883 763 2959 coniunctio,
784 2885 967 2965 pertinetque
981 2885 1057 2947 baud
1073 2885 1162 2948 dubie
1176 2883 1283 2966 aliquid
1298 2885 1335 2946 ad
1350 2885 1463 2946 atrim-

301 3002 358 3064 que
373 2984 429 3044 vim
447 2993 475 3046 ct
488 2993 622 3047 naturam
639 2987 749 3049 rectius
764 2986 1011 3067 perspiciendam,
1028 2986 1143 3067 utquid
1157 3004 1314 3049 commune
1333 2987 1409 3048 inter
1429 3006 1465 3049 se

301 3083 439 3159 habeant,
461 3085 531 3165 quid
552 3086 607 3147 sibi
627 3104 759 3167 quaeque
778 3088 945 3167 proprium,
966 3088 1147 3170 intelligatur.
1268 3154 1276 3161 ,

270 3202 286 3251 9
390 3186 437 3248 hit
450 3206 540 3268 porro
558 3188 796 3269 Theophrastus,
819 3208 908 3270 wem
925 3190 1059 3271 politicae
1081 3191 1151 3254 artis
1174 3191 1212 3253 sit
1233 3199 1264 3253 et
1285 3191 1466 3254 constituere

301 3288 383 3365 initio
399 3287 541 3350 civitatem
557 3298 585 3351 et
600 3290 789 3354 constitutam
803 3299 883 3354 recte
896 3292 1109 3369 administrare,
1125 3293 1355 3373 hincapparere,
1371 3312 1465 3357 oeco-

301 3389 434 3451 nomicae
449 3408 567 3471 quoque
581 3399 740 3473 utrumque
755 3411 831 3469 esse,
846 3403 875 3456 et
888 3403 921 3456 ut
935 3397 1164 3474 parationem,
1179 3403 1208 3458 el
1222 3403 1255 3457 ut
1265 3404 1397 3476 paratam
1407 3397 1464 3458 ad-

301 3491 458 3553 ministret.
493 3492 558 3555 Hoc
572 3513 628 3574 qua
643 3494 755 3557 ratione
770 3504 968 3576 consequatur
982 3516 1018 3559 ex
1036 3497 1084 3559 illo
1105 3498 1197 3561 altero
1216 3515 1278 3559 nou
1298 3498 1464 3561 accuratius

301 3593 497 3656 demonstrat:
527 3612 622 3675 neque
643 3596 671 3658 id
695 3615 771 3677 opus
794 3597 884 3659 luisse
906 3597 1095 3661 Philodemus
1117 3608 1226 3662 censet.
1249 3634 1291 3645 -
1324 3600 1465 3680 Sequitau

301 3694 404 3757 deinde
424 3696 554 3759 delinitio
575 3697 712 3760 civitatis:
727 3718 793 3761 esse
813 3718 878 3761 eam
898 3700 1113 3763 multitudinem
1134 3701 1275 3763 domuum
1292 3721 1358 3764 cum
1383 3704 1464 3781 agris

302 3797 447 3878 rebusque
462 3798 497 3860 ad
512 3817 601 3861 usum
615 3802 790 3864 necessariis
806 3803 900 3879 talem,
921 3821 995 3883 quae
1010 3803 1145 3885 sibiipsa
1160 3806 1196 3866 ad
1209 3803 1285 3867 bene
1305 3804 1463 3869 vivendum

302 3900 435 3963 sufficere
456 3902 567 3981 possit:
594 3902 663 3965 binc
686 3903 825 3984 consequi
848 3912 880 3964 ut
902 3903 1062 3967 domestica
1083 3904 1297 3968 administratio
1318 3906 1401 3987 prior
1424 3908 1465 3969 sit

300 4001 387 4075 civili,
403 4001 546 4084 siquidem
563 4005 670 4066 domus
684 4004 748 4084 ipsa
764 4005 846 4085 prior
860 4005 900 4066 sit
915 4005 1036 4080 deute,
1053 4015 1181 4089 utpotee
1196 4008 1332 4071 domibus
1347 4018 1464 4072 exorta:

302 4098 401 4186 δῆλον
425 4097 479 4166 ὅτι
503 4097 665 4189 πρότερον
689 4101 812 4187 γενέσει
832 4096 854 4191 ἡ
875 4097 1065 4193 οἰκονομική
1085 4104 1264 4195 πολιτικῆς
1283 4103 1372 4173 ἐστι·
1403 4109 1466 4174 καὶ

300 4200 362 4288 γὰρ
381 4201 421 4268 τὸ
436 4196 543 4290 ἔργον·
564 4200 683 4291 μόριον
705 4203 765 4292 γὰρ
782 4200 873 4272 οἰκία
888 4202 1018 4284 πόλεώς
1031 4203 1129 4273 ἐστιν.
1155 4211 1188 4273 ln
1199 4211 1247 4274 his
1259 4213 1338 4293 quod
1352 4214 1464 4278 domus

299 4306 420 4388 eiusque
436 4307 650 4370 administratio
668 4303 792 4391 γενέσει
809 4310 890 4391 prior
905 4331 969 4375 esse
984 4313 1089 4375 dicitur
1104 4312 1216 4377 deitate
1230 4324 1260 4376 et
1273 4315 1464 4380 administra-

300 4409 381 4470 tione
397 4410 479 4481 obili,
499 4426 629 4489 pugnare
646 4410 821 4492 Goettlingio
837 4412 986 4477 ridebatur
1005 4433 1073 4479 cum
1092 4415 1181 4477 brist
1196 4414 1282 4478 Polit
1301 4416 1324 4492 l,
1343 4416 1364 4479 2
1384 4437 1416 4497 p.
1433 4421 1464 4493 4,
