3276 5144
670 481 820 580 Qa-

161 668 365 735 Piraeensibus
389 669 467 733 inter
485 669 541 733 alia
559 669 623 733 iura
643 668 732 733 etiam
751 670 810 732 hoc
829 667 1016 733 conceditur:
1035 662 1139 731 τελεῖν
1160 657 1261 733 inte
1280 661 1323 732 τὰ

45 853 48 857 .
161 765 248 839 δοτδ
273 767 351 858 τίλη
380 765 415 834 δν
440 774 490 855 coi
517 766 626 857 δήμῳ,
656 763 745 857 ὅπερ
768 761 809 836 δν
829 767 886 836 καί
907 770 1094 857 Πειραιεῖς,
1122 765 1180 835 καί
1201 766 1245 856 μὴ
1269 764 1323 834 διι-

162 871 269 957 λίγειν
294 865 375 958 παρ’
403 865 505 937 αδτοῦ
530 868 588 937 τὸν
615 868 783 959 δήμαρχον
803 870 842 938 τδ
864 866 1077 958 ἔγκτητιιιόνῖ
1106 874 1147 937 De
1171 892 1323 938 sacrorum

163 978 372 1043 communione
387 976 586 1040 Callidamanti
601 994 738 1039 concessa
753 977 784 1040 in
798 979 857 1041 hoc
871 985 1011 1046 contextu
1025 977 1146 1059 cogitari
1160 995 1222 1040 non
1235 997 1324 1059 posse

162 1081 353 1146 maniiestum
368 1088 427 1155 est,
442 1098 476 1144 ao
489 1080 515 1142 si
530 1079 597 1161 quis
611 1088 712 1143 umen
728 1080 757 1143 id
773 1080 828 1143 sibi
842 1080 1033 1145 manifestum
1048 1100 1113 1144 esse
1128 1089 1230 1162 neget,
1251 1098 1324 1144 con·

162 1185 240 1247 vinci
259 1182 369 1265 poterit
389 1201 426 1244 ex
445 1184 504 1246 hoc
522 1183 588 1264 ipso
610 1183 739 1258 decreto,
755 1202 848 1265 quum
863 1184 960 1268 paullo
975 1193 1058 1259 ante,
1073 1203 1101 1247 r.
1120 1183 1266 1257 11-17,
1288 1183 1325 1247 de

164 1287 253 1350 sacris
281 1285 491 1368 praecipiatur:
521 1279 579 1349 καί
608 1277 689 1348 ὅταν
714 1281 829 1350 θύωσι
848 1287 1023 1372 Πειραιεῖς
1049 1279 1084 1349 ἐν
1110 1284 1180 1360 τοῖς
1200 1284 1327 1360 κοινοῖς

165 1381 268 1472 ἱεροῖς
296 1382 405 1468 νέμειν
436 1383 495 1450 καὶ
520 1381 781 1470 Καλλιδοίμαντι
805 1381 943 1478 μερίδα,
976 1382 1136 1471 καθάπερ
1167 1384 1225 1451 eoi
1255 1385 1327 1463 τοῖς

167 1482 285 1566 δίλλοις
310 1491 541 1573 Πειραιεῦσιν,
576 1485 635 1553 καί
667 1491 912 1555 συνεστιᾶσθαι
948 1484 1208 1571 Καλλιδιίμαντα
1239 1484 1324 1570 μεταλ

164 1588 353 1677 Πειρσιίων
367 1589 401 1658 ἐν
416 1586 528 1659 ἱίνιασι
542 1593 614 1668 τοῖς
627 1585 739 1679 ἱεροῖς,
754 1590 841 1678 πλην
855 1585 957 1658 εἶ’ποο
974 1585 1087 1668 αὐτοῖς
1104 1593 1143 1672 [h.
1159 1612 1186 1655 e.
1198 1585 1325 1672 μόνοις]

165 1697 382 1783 Πειραιεῦσιν
400 1688 544 1777 νομιμόν
558 1690 648 1761 ἔστιν
662 1689 812 1761 εἰσιέναι.
840 1696 919 1759 Nihil
934 1697 1021 1779 igitur
1033 1714 1188 1778 superesse
1202 1695 1326 1771 ridetur,

166 1799 224 1862 nisi
242 1806 277 1862 ut
295 1805 457 1872 statuatur,
476 1800 608 1880 potuisse
629 1802 748 1882 quidem
769 1794 812 1863 τδ
830 1793 905 1884 τέλη
924 1796 1029 1863 τελεῖν
1048 1799 1137 1862 etiam
1158 1800 1195 1861 de
1209 1798 1328 1861 irrisutis

167 1901 238 1975 dici,
252 1903 278 1963 si
292 1911 415 1983 propter
428 1903 599 1966 universum
614 1902 756 1969 orationis
774 1908 945 1964 contextum
961 1901 1052 1965 errari
1066 1900 1103 1963 de
1117 1901 1328 1983 significatione

166 2012 308 2083 nequeat,
329 2004 381 2066 sed
402 2006 526 2068 eandem
546 2005 726 2069 locutionem
746 2023 800 2086 per
818 2023 851 2066 se
874 2005 969 2067 solam
982 2021 1043 2067 non
1058 2005 1194 2087 usurpari
1208 2004 1327 2066 solitam

167 2125 232 2169 esse
251 2106 309 2169 nisi
329 2108 366 2169 de
385 2108 485 2171 sacris
515 2107 655 2170 Attamen
672 2125 711 2169 ne
731 2108 789 2170 hoo
803 2106 922 2188 quidem
939 2106 1064 2169 obtineri
1078 2107 1197 2189 poterit,
1212 2108 1265 2168 sod
1278 2125 1328 2170 re·

167 2210 311 2273 tutabitur
330 2210 468 2274 Dinarchi
488 2211 668 2274 auctoritate.
697 2210 726 2274 Is
746 2209 826 2273 enim
842 2209 873 2272 in
887 2209 1020 2272 oratione
1035 2217 1137 2272 contra
1151 2209 1327 2289 Aristogito-

167 2328 237 2375 nem
252 2332 282 2393 p.
298 2312 339 2376 86
352 2318 381 2389 t.
402 2315 449 2389 17,
465 2321 604 2396 quattuor
617 2331 725 2395 genera
740 2312 905 2375 officiorum
920 2330 1108 2385 enumerans,
1124 2312 1160 2375 de
1175 2311 1282 2396 quibus
1297 2311 1328 2374 in

168 2416 395 2496 magistratuum
423 2407 593 2499 ἀνακρίσει
618 2416 778 2480 examinari
800 2415 946 2478 candidati
965 2416 1112 2492 sokbant,
1137 2416 1275 2499 deinceps
1294 2421 1330 2479 ut

167 2519 276 2582 horum
299 2520 380 2583 nulio
395 2520 623 2602 Aristogitonem
638 2521 827 2603 perfunctum
843 2538 908 2582 esse
923 2520 1123 2594 demonstret,
1144 2519 1266 2600 singuiis
1281 2519 1327 2583 ot-

167 2622 302 2685 iioiorum
317 2623 471 2703 generibus
487 2623 599 2704 singula
611 2623 675 2685 sius
686 2622 791 2685 delicta
802 2602 906 2684 eodem
919 2622 1021 2685 ordine
1033 2622 1167 2704 opponit.
1194 2621 1328 2685 Primum

168 2732 213 2787 est
233 2716 264 2787 εί
286 2720 398 2806 γονέας
419 2715 455 2788 εδ
477 2726 589 2802 ποιεῖς
608 2726 712 2801 immo,
727 2726 833 2808 inquit,
854 2716 926 2789 ἀντὶ
946 2726 1007 2789 τοῦ
1029 2720 1146 2808 γονέας
1167 2710 1329 2787 εὖνιοιεῖν

167 2822 277 2901 κακῶς
304 2812 402 2901 οὗτος
426 2823 483 2891 τδν
508 2818 629 2891 ἑαυτοῦ
657 2822 789 2910 πατέρα
810 2828 1002 2913 πεποίηκεν.
1040 2828 1188 2891 Alterum:
1219 2819 1249 2890 εί
1269 2821 1330 2901 τδς

169 2922 345 3011 προνοίας
370 2921 456 3013 ὑπὲρ
484 2927 543 3014 τῆς
570 2923 702 3004 πόλεως
728 2923 963 3014 δοτροίτιντοις
995 2929 1118 2992 minime
1152 2948 1238 2993 vero:
1273 2922 1329 2993 ὅτε

170 3021 201 3092 δ’
203 3023 295 3110 ὑμεῖς
321 3025 574 3112 δστρατείεσδε,
603 3018 698 3107 οὗτος
722 3019 762 3116 ἦν
787 3025 821 3095 ἐν
846 3032 897 3116 cui
919 3024 1142 3117 δεσμωτηρίῳ.
1179 3032 1329 3095 Tertium:

170 3123 200 3196 εἰ
223 3124 296 3217 isco?
317 3135 463 3218 πατρῷα
483 3124 592 3211 ἔστιν,
612 3152 652 3198 οε
670 3136 729 3198 hoc
748 3133 885 3216 quidem:
907 3131 1065 3198 τοσοῦτον
1087 3126 1331 3199 δ’διιολέλοωιε
1368 3122 1372 3126 ’

168 3237 228 3299 τοῦ
250 3233 378 3316 πατρὸς
398 3229 510 3321 μνῆμά
529 3256 565 3298 τι
588 3227 683 3314 ἔχειν,
706 3224 783 3298 ὥστ’
805 3227 878 3299 οὐδ’
900 3228 936 3299 δν
955 3228 1100 3324 Ἐρετρίᾳ
1120 3234 1180 3302 τοῦ
1201 3232 1330 3319 τατρδς

172 3330 275 3401 αὐτοῦ
307 3332 558 3421 τελευτήσαντος
590 3331 658 3400 ἐκεῖ
689 3333 732 3400 ιδ
758 3333 959 3419 νομιζόμενα
987 3332 1145 3418 ἐποίησεν
1172 3332 1330 3425 nieuw).

172 3439 318 3513 Quartum
340 3440 481 3521 denique:
505 3431 536 3502 εί
556 3436 599 3503 τὰ
619 3433 697 3525 τέλη
719 3436 823 3518 τελεῖς
844 3440 937 3503 immo
951 3440 1022 3504 huic
1035 3459 1154 3523 quoquc
1170 3441 1266 3506 officio
1278 3442 1332 3504 δο-

170 3541 236 3611 tuit,
257 3537 323 3603 τῶν
345 3532 483 3603 δ’δ’λλων
497 3532 688 3626 Ἀθηναίων
704 3533 979 3627 εἰσφερόντων
993 3536 1030 3605 ἐκ
1044 3547 1109 3607 τῶν
1123 3536 1219 3608 ἰδίων
1235 3530 1332 3619 οὗτος

172 3635 251 3707 οὐδὲ
275 3639 340 3705 τοῖν
366 3636 534 3727 δημοσίων
554 3638 613 3706 καὶ
635 3630 679 3705 ὦν
700 3631 794 3727 ὦφλε
813 3639 853 3706 τδ
875 3633 1029 3729 ἀργύριον
1049 3638 1142 3708 ἅπαν
1163 3639 1332 3709 δκτίτικεν.

171 3746 361 3810 Manifestum
383 3753 429 3808 est
447 3746 537 3825 igitur
557 3746 703 3809 Dinarcho
721 3746 793 3808 iilud
813 3741 857 3810 τδ
875 3742 952 3832 τέλη
972 3743 1076 3809 τελεῖν
1094 3765 1156 3810 non
1176 3748 1212 3811 ad
1230 3749 1332 3813 nescio

172 3870 261 3933 quam
282 3867 436 3913 sacrorum
451 3848 650 3931 operationem
665 3850 813 3931 pertinere
826 3850 921 3913 risum
937 3868 1015 3925 esse,
1036 3851 1088 3913 scd
1102 3850 1138 3913 ad
1153 3851 1332 3914 tributorum

170 3955 359 4036 pensionem,
380 3970 478 4033 neque
497 3951 624 4014 dubitari
644 3972 733 4034 posse
752 3971 856 4033 spero,
880 3953 951 4034 quin
972 3953 1009 4015 de
1028 3972 1096 4016 vora
1110 3953 1173 4016 eius
1186 3953 1333 4017 formulae

173 4058 384 4137 significatione
403 4073 521 4136 usuque
542 4054 681 4135 loquendi
696 4055 841 4119 Dinarcho
862 4055 929 4140 plus
949 4072 1039 4139 quam
1060 4054 1195 4137 cuiquam
1211 4065 1334 4120 nostro·

172 4176 241 4223 rum
260 4161 417 4224 hominum
438 4159 618 4222 medendum
632 4159 679 4222 sit.
710 4159 795 4233 Quod
810 4159 836 4223 si
850 4159 890 4223 ita
905 4165 967 4234 est,
987 4157 1076 4223 etiam
1091 4160 1128 4224 de
1142 4160 1252 4223 Cratini
1266 4179 1333 4223 ver·

244 4416 285 4483 1³)
303 4416 425 4484 Neglecta
437 4420 505 4472 iusta
517 4417 634 4472 funebria
645 4418 852 4472 demonstrabant
866 4416 901 4473 τὰ
914 4418 1032 4489 πατρῷα
1045 4413 1107 4490 ἱερεῖ
1118 4419 1257 4485 contemni,
1272 4435 1334 4489 ηοε-

179 4515 235 4555 rum
247 4504 382 4572 praecipua
393 4520 453 4572 parc
465 4506 598 4559 consultat
609 4506 712 4559 deornm
724 4507 834 4559 manium
846 4504 916 4558 cultu
926 4504 959 4556 εδ
971 4505 1103 4574 ιορολελινε
1115 4514 1254 4573 parentum.

1118 4588 1182 4652 ts*
