<?xml version="1.0" encoding="UTF-8"?>
<!DOCTYPE html PUBLIC "-//W3C//DTD XHTML 1.0 Transitional//EN"
    "http://www.w3.org/TR/xhtml1/DTD/xhtml1-transitional.dtd">
<html xmlns="http://www.w3.org/1999/xhtml" xml:lang="en" lang="en">
 <head>
  <title>
</title>
<meta http-equiv="Content-Type" content="text/html;charset=utf-8" />
  <meta name='ocr-system' content='tesseract 3.04.00' />
  <meta name='ocr-capabilities' content='ocr_page ocr_carea ocr_par ocr_line ocrx_word'/>
</head>
<body>
  <div class='ocr_page' id='page_1' title='image "./opusculaacademi00schogoog_0203.png"; bbox 0 0 3178 5136; ppageno 0'>
   <div class='ocr_carea' id='block_1_1' title="bbox 854 472 913 537">
    <p class='ocr_par' dir='ltr' id='par_1_1' title="bbox 854 472 913 537">
     <span class='ocr_line' id='line_1_1' title="bbox 854 472 913 537; baseline 0.034 -2"><span class='ocrx_word' id='word_1_1' title='bbox 854 472 913 537; x_wconf 80' lang='lat'>190</span> 
     </span>
    </p>
   </div>
   <div class='ocr_carea' id='block_1_2' title="bbox 273 655 1466 4517">
    <p class='ocr_par' dir='ltr' id='par_1_2' title="bbox 273 655 1466 4517">
     <span class='ocr_line' id='line_1_2' title="bbox 309 655 1457 746; baseline -0.007 -20"><span class='ocrx_word' id='word_1_2' title='bbox 309 664 377 727; x_wconf 90' lang='lat' dir='ltr'>tbiis</span> <span class='ocrx_word' id='word_1_3' title='bbox 392 663 545 746; x_wconf 81' lang='lat' dir='ltr'>placuisse,</span> <span class='ocrx_word' id='word_1_4' title='bbox 559 662 631 725; x_wconf 86' lang='lat' dir='ltr'>adeo</span> <span class='ocrx_word' id='word_1_5' title='bbox 645 659 765 742; x_wconf 85' lang='lat' dir='ltr'>proprie</span> <span class='ocrx_word' id='word_1_6' title='bbox 780 678 814 722; x_wconf 91' lang='lat' dir='ltr'>ac</span> <span class='ocrx_word' id='word_1_7' title='bbox 827 658 870 722; x_wconf 90' lang='lat' dir='ltr'>rei</span> <span class='ocrx_word' id='word_1_8' title='bbox 884 658 1089 721; x_wconf 80' lang='lat' dir='ltr'>convenienter</span> <span class='ocrx_word' id='word_1_9' title='bbox 1103 657 1222 731; x_wconf 90' lang='lat' dir='ltr'>dictum,</span> <span class='ocrx_word' id='word_1_10' title='bbox 1236 665 1269 720; x_wconf 93' lang='lat' dir='ltr'>ut</span> <span class='ocrx_word' id='word_1_11' title='bbox 1279 674 1377 739; x_wconf 91' lang='lat' dir='ltr'>proeo</span> <span class='ocrx_word' id='word_1_12' title='bbox 1386 655 1457 718; x_wconf 90' lang='lat' dir='ltr'>alte-</span> 
     </span>
     <span class='ocr_line' id='line_1_3' title="bbox 308 759 1458 843; baseline -0.007 -15"><span class='ocrx_word' id='word_1_13' title='bbox 308 785 373 829; x_wconf 91' lang='lat' dir='ltr'>rum</span> <span class='ocrx_word' id='word_1_14' title='bbox 385 765 473 839; x_wconf 90' lang='lat' dir='ltr'>istud,</span> <span class='ocrx_word' id='word_1_15' title='bbox 486 773 519 827; x_wconf 90' lang='lat' dir='ltr'>nt</span> <span class='ocrx_word' id='word_1_16' title='bbox 528 763 643 826; x_wconf 79' lang='lat' dir='ltr'>erilium</span> <span class='ocrx_word' id='word_1_17' title='bbox 658 761 730 843; x_wconf 83' lang='lat' dir='ltr'>ejus,</span> <span class='ocrx_word' id='word_1_18' title='bbox 746 778 806 823; x_wconf 91' lang='lat' dir='ltr'>uon</span> <span class='ocrx_word' id='word_1_19' title='bbox 821 761 894 841; x_wconf 90' lang='lat' dir='ltr'>ipsa,</span> <span class='ocrx_word' id='word_1_20' title='bbox 910 759 1067 823; x_wconf 82' lang='lat' dir='ltr'>Corinthiis</span> <span class='ocrx_word' id='word_1_21' title='bbox 1078 760 1223 842; x_wconf 79' lang='lat' dir='ltr'>placuisse</span> <span class='ocrx_word' id='word_1_22' title='bbox 1235 760 1354 834; x_wconf 89' lang='lat' dir='ltr'>dicatur,</span> <span class='ocrx_word' id='word_1_23' title='bbox 1368 776 1458 821; x_wconf 92' lang='lat' dir='ltr'>nemo</span> 
     </span>
     <span class='ocr_line' id='line_1_4' title="bbox 307 862 1459 949; baseline -0.008 -17"><span class='ocrx_word' id='word_1_24' title='bbox 307 868 389 932; x_wconf 75' lang='lat' dir='ltr'>facile</span> <span class='ocrx_word' id='word_1_25' title='bbox 403 866 531 949; x_wconf 87' lang='lat' dir='ltr'>requirat</span> <span class='ocrx_word' id='word_1_26' title='bbox 544 865 602 928; x_wconf 88' lang='lat' dir='ltr'>nisi</span> <span class='ocrx_word' id='word_1_27' title='bbox 617 864 666 946; x_wconf 84' lang='lat' dir='ltr'>qui</span> <span class='ocrx_word' id='word_1_28' title='bbox 681 882 772 927; x_wconf 91' lang='lat' dir='ltr'>sensu</span> <span class='ocrx_word' id='word_1_29' title='bbox 786 862 937 925; x_wconf 90' lang='lat' dir='ltr'>communi</span> <span class='ocrx_word' id='word_1_30' title='bbox 949 872 1050 925; x_wconf 83' lang='lat' dir='ltr'>careat</span> <span class='ocrx_word' id='word_1_31' title='bbox 1070 863 1268 938; x_wconf 80' lang='lat' dir='ltr'><strong>Quamobrem</strong></span> <span class='ocrx_word' id='word_1_32' title='bbox 1278 862 1459 944; x_wconf 79' lang='lat' dir='ltr'>grammatici</span> 
     </span>
     <span class='ocr_line' id='line_1_5' title="bbox 309 965 1460 1049; baseline -0.005 -17"><span class='ocrx_word' id='word_1_33' title='bbox 309 969 554 1043; x_wconf 84' lang='lat' dir='ltr'>observationem,</span> <span class='ocrx_word' id='word_1_34' title='bbox 575 966 787 1029; x_wconf 78' lang='lat' dir='ltr'><strong>nominativum</strong></span> <span class='ocrx_word' id='word_1_35' title='bbox 802 984 857 1047; x_wconf 89' lang='lat' dir='ltr'>pro</span> <span class='ocrx_word' id='word_1_36' title='bbox 873 965 969 1029; x_wconf 86' lang='lat' dir='ltr'>dativo</span> <span class='ocrx_word' id='word_1_37' title='bbox 989 965 1120 1049; x_wconf 87' lang='lat' dir='ltr'>positum</span> <span class='ocrx_word' id='word_1_38' title='bbox 1138 985 1222 1040; x_wconf 90' lang='lat' dir='ltr'>esse,</span> <span class='ocrx_word' id='word_1_39' title='bbox 1239 965 1376 1046; x_wconf 78' lang='lat' dir='ltr'>equidem</span> <span class='ocrx_word' id='word_1_40' title='bbox 1396 982 1460 1027; x_wconf 91' lang='lat' dir='ltr'>non</span> 
     </span>
     <span class='ocr_line' id='line_1_6' title="bbox 308 1067 1459 1152; baseline -0.004 -18"><span class='ocrx_word' id='word_1_41' title='bbox 308 1072 519 1152; x_wconf 87' lang='lat' dir='ltr'>adbancquam</span> <span class='ocrx_word' id='word_1_42' title='bbox 536 1070 651 1133; x_wconf 81' lang='lat' dir='ltr'>codices</span> <span class='ocrx_word' id='word_1_43' title='bbox 662 1069 772 1131; x_wconf 89' lang='lat' dir='ltr'>habent</span> <span class='ocrx_word' id='word_1_44' title='bbox 785 1069 938 1130; x_wconf 79' lang='lat' dir='ltr'>tectionem</span> <span class='ocrx_word' id='word_1_45' title='bbox 949 1068 1095 1149; x_wconf 87' lang='lat' dir='ltr'>pertinere</span> <span class='ocrx_word' id='word_1_46' title='bbox 1107 1068 1204 1143; x_wconf 88' lang='lat' dir='ltr'>credo,</span> <span class='ocrx_word' id='word_1_47' title='bbox 1220 1067 1272 1129; x_wconf 89' lang='lat' dir='ltr'>sed</span> <span class='ocrx_word' id='word_1_48' title='bbox 1283 1085 1349 1129; x_wconf 88' lang='lat' dir='ltr'>cum</span> <span class='ocrx_word' id='word_1_49' title='bbox 1361 1067 1459 1130; x_wconf 87' lang='lat' dir='ltr'>Elms·</span> 
     </span>
     <span class='ocr_line' id='line_1_7' title="bbox 307 1164 1460 1256; baseline -0.003 -22"><span class='ocrx_word' id='word_1_50' title='bbox 307 1172 361 1236; x_wconf 88' lang='lat' dir='ltr'>leio</span> <span class='ocrx_word' id='word_1_51' title='bbox 377 1183 473 1237; x_wconf 91' lang='lat' dir='ltr'>statuo</span> <span class='ocrx_word' id='word_1_52' title='bbox 487 1192 554 1236; x_wconf 90' lang='lat' dir='ltr'>eum</span> <span class='ocrx_word' id='word_1_53' title='bbox 573 1164 758 1235; x_wconf 73' lang='lat' dir='ltr'>o‘rudoiaoooo</span> <span class='ocrx_word' id='word_1_54' title='bbox 769 1164 857 1256; x_wconf 73' lang='grc' dir='ltr'>φυγή</span> <span class='ocrx_word' id='word_1_55' title='bbox 871 1171 984 1251; x_wconf 77' lang='lat' dir='ltr'>legisse,</span> <span class='ocrx_word' id='word_1_56' title='bbox 999 1190 1089 1252; x_wconf 89' lang='lat' dir='ltr'>eaque</span> <span class='ocrx_word' id='word_1_57' title='bbox 1104 1170 1227 1233; x_wconf 87' lang='lat' dir='ltr'>verbain</span> <span class='ocrx_word' id='word_1_58' title='bbox 1241 1170 1322 1232; x_wconf 90' lang='lat' dir='ltr'>bunc</span> <span class='ocrx_word' id='word_1_59' title='bbox 1335 1169 1460 1232; x_wconf 87' lang='lat' dir='ltr'>modum</span> 
     </span>
     <span class='ocr_line' id='line_1_8' title="bbox 308 1265 1461 1359; baseline -0.003 -22"><span class='ocrx_word' id='word_1_60' title='bbox 308 1276 467 1356; x_wconf 87' lang='lat' dir='ltr'>accepisse,</span> <span class='ocrx_word' id='word_1_61' title='bbox 476 1276 622 1356; x_wconf 89' lang='lat' dir='ltr'>quasipro</span> <span class='ocrx_word' id='word_1_62' title='bbox 631 1265 813 1359; x_wconf 77' lang='grc' dir='ltr'><strong><em>ἇνόανούσῃ</em></strong></span> <span class='ocrx_word' id='word_1_63' title='bbox 826 1269 913 1359; x_wconf 75' lang='grc' dir='ltr'>φυγῇ</span> <span class='ocrx_word' id='word_1_64' title='bbox 921 1273 995 1335; x_wconf 89' lang='lat' dir='ltr'>dicta</span> <span class='ocrx_word' id='word_1_65' title='bbox 1011 1282 1119 1348; x_wconf 89' lang='lat' dir='ltr'>assent,</span> <span class='ocrx_word' id='word_1_66' title='bbox 1134 1273 1314 1336; x_wconf 83' lang='lat' dir='ltr'>nominativo</span> <span class='ocrx_word' id='word_1_67' title='bbox 1326 1272 1461 1335; x_wconf 90' lang='lat' dir='ltr'>absolute</span> 
     </span>
     <span class='ocr_line' id='line_1_9' title="bbox 273 1367 1462 1459; baseline -0.002 -20"><span class='ocrx_word' id='word_1_68' title='bbox 273 1395 289 1446; x_wconf 77' lang='grc' dir='ltr'><strong><em>ι</em></strong></span> <span class='ocrx_word' id='word_1_69' title='bbox 313 1387 363 1440; x_wconf 91' lang='lat' dir='ltr'>aut</span> <span class='ocrx_word' id='word_1_70' title='bbox 382 1397 436 1458; x_wconf 88' lang='lat' dir='ltr'>per</span> <span class='ocrx_word' id='word_1_71' title='bbox 455 1379 602 1459; x_wconf 88' lang='lat' dir='ltr'>quandam</span> <span class='ocrx_word' id='word_1_72' title='bbox 622 1367 826 1439; x_wconf 75' lang='lat' dir='ltr'>dntmuao</span> <span class='ocrx_word' id='word_1_73' title='bbox 844 1375 952 1457; x_wconf 91' lang='lat' dir='ltr'>posito.</span> <span class='ocrx_word' id='word_1_74' title='bbox 996 1376 1038 1438; x_wconf 78' lang='lat' dir='ltr'>dc</span> <span class='ocrx_word' id='word_1_75' title='bbox 1056 1394 1093 1438; x_wconf 90' lang='lat' dir='ltr'>ne</span> <span class='ocrx_word' id='word_1_76' title='bbox 1111 1375 1178 1456; x_wconf 86' lang='lat' dir='ltr'>quis</span> <span class='ocrx_word' id='word_1_77' title='bbox 1194 1375 1309 1439; x_wconf 94' lang='lat' dir='ltr'>obiiciat</span> <span class='ocrx_word' id='word_1_78' title='bbox 1328 1393 1407 1450; x_wconf 90' lang='lat' dir='ltr'>eum,</span> <span class='ocrx_word' id='word_1_79' title='bbox 1426 1384 1462 1437; x_wconf 89' lang='lat' dir='ltr'>ut</span> 
     </span>
     <span class='ocr_line' id='line_1_10' title="bbox 312 1476 1460 1560; baseline -0.003 -19"><span class='ocrx_word' id='word_1_80' title='bbox 312 1497 392 1541; x_wconf 91' lang='lat' dir='ltr'>nunc</span> <span class='ocrx_word' id='word_1_81' title='bbox 405 1479 523 1560; x_wconf 87' lang='lat' dir='ltr'>quidem</span> <span class='ocrx_word' id='word_1_82' title='bbox 537 1479 627 1542; x_wconf 86' lang='lat' dir='ltr'>rerba</span> <span class='ocrx_word' id='word_1_83' title='bbox 640 1478 704 1540; x_wconf 92' lang='lat' dir='ltr'>eius</span> <span class='ocrx_word' id='word_1_84' title='bbox 723 1478 832 1559; x_wconf 83' lang='lat' dir='ltr'>scripta</span> <span class='ocrx_word' id='word_1_85' title='bbox 855 1485 965 1553; x_wconf 78' lang='lat' dir='ltr'>extant,</span> <span class='ocrx_word' id='word_1_86' title='bbox 988 1476 1079 1539; x_wconf 89' lang='lat' dir='ltr'>solius</span> <span class='ocrx_word' id='word_1_87' title='bbox 1103 1477 1260 1558; x_wconf 80' lang='lat' dir='ltr'>participii,</span> <span class='ocrx_word' id='word_1_88' title='bbox 1276 1495 1337 1540; x_wconf 93' lang='lat' dir='ltr'>non</span> <span class='ocrx_word' id='word_1_89' title='bbox 1362 1476 1460 1551; x_wconf 77' lang='lat' dir='ltr'>edam,</span> 
     </span>
     <span class='ocr_line' id='line_1_11' title="bbox 308 1578 1462 1661; baseline -0.002 -19"><span class='ocrx_word' id='word_1_90' title='bbox 308 1589 342 1643; x_wconf 93' lang='lat' dir='ltr'>ut</span> <span class='ocrx_word' id='word_1_91' title='bbox 355 1581 482 1655; x_wconf 79' lang='lat' dir='ltr'>deberet,</span> <span class='ocrx_word' id='word_1_92' title='bbox 497 1580 667 1644; x_wconf 72' lang='lat' dir='ltr'><strong>substantivi</strong></span> <span class='ocrx_word' id='word_1_93' title='bbox 681 1579 860 1642; x_wconf 82' lang='lat' dir='ltr'>mentionem</span> <span class='ocrx_word' id='word_1_94' title='bbox 875 1580 983 1643; x_wconf 81' lang='lat' dir='ltr'>faeere:</span> <span class='ocrx_word' id='word_1_95' title='bbox 998 1578 1123 1642; x_wconf 88' lang='lat' dir='ltr'>dubitari</span> <span class='ocrx_word' id='word_1_96' title='bbox 1136 1598 1198 1642; x_wconf 91' lang='lat' dir='ltr'>non</span> <span class='ocrx_word' id='word_1_97' title='bbox 1208 1586 1308 1661; x_wconf 88' lang='lat' dir='ltr'>potest</span> <span class='ocrx_word' id='word_1_98' title='bbox 1320 1579 1390 1661; x_wconf 92' lang='lat' dir='ltr'>quin</span> <span class='ocrx_word' id='word_1_99' title='bbox 1401 1579 1462 1641; x_wconf 89' lang='lat' dir='ltr'>boe</span> 
     </span>
     <span class='ocr_line' id='line_1_12' title="bbox 309 1678 1462 1762; baseline 0 -18"><span class='ocrx_word' id='word_1_100' title='bbox 309 1678 452 1746; x_wconf 85' lang='lat' dir='ltr'>scholium</span> <span class='ocrx_word' id='word_1_101' title='bbox 467 1700 534 1745; x_wconf 89' lang='lat' dir='ltr'>cum</span> <span class='ocrx_word' id='word_1_102' title='bbox 548 1681 610 1744; x_wconf 88' lang='lat' dir='ltr'>aliis</span> <span class='ocrx_word' id='word_1_103' title='bbox 624 1699 685 1743; x_wconf 90' lang='lat' dir='ltr'>non</span> <span class='ocrx_word' id='word_1_104' title='bbox 700 1681 800 1762; x_wconf 73' lang='lat' dir='ltr'>paums</span> <span class='ocrx_word' id='word_1_105' title='bbox 814 1699 830 1742; x_wconf 92' lang='lat' dir='ltr'>e</span> <span class='ocrx_word' id='word_1_106' title='bbox 845 1680 1050 1743; x_wconf 79' lang='lat' dir='ltr'>vetustioribus</span> <span class='ocrx_word' id='word_1_107' title='bbox 1061 1681 1279 1744; x_wconf 88' lang='lat' dir='ltr'>commentariis</span> <span class='ocrx_word' id='word_1_108' title='bbox 1290 1690 1462 1762; x_wconf 83' lang='lat' dir='ltr'>excerptum</span> 
     </span>
     <span class='ocr_line' id='line_1_13' title="bbox 309 1782 1462 1865; baseline -0.001 -18"><span class='ocrx_word' id='word_1_109' title='bbox 309 1785 348 1847; x_wconf 92' lang='lat' dir='ltr'>sit</span> <span class='ocrx_word' id='word_1_110' title='bbox 360 1784 396 1846; x_wconf 89' lang='lat' dir='ltr'>ab</span> <span class='ocrx_word' id='word_1_111' title='bbox 410 1783 531 1846; x_wconf 93' lang='lat' dir='ltr'>homine</span> <span class='ocrx_word' id='word_1_112' title='bbox 550 1783 622 1847; x_wconf 89' lang='lat' dir='ltr'>satis</span> <span class='ocrx_word' id='word_1_113' title='bbox 642 1783 776 1857; x_wconf 90' lang='lat' dir='ltr'>indocto,</span> <span class='ocrx_word' id='word_1_114' title='bbox 801 1782 850 1862; x_wconf 86' lang='lat' dir='ltr'>qui</span> <span class='ocrx_word' id='word_1_115' title='bbox 870 1801 960 1864; x_wconf 89' lang='lat' dir='ltr'>quum</span> <span class='ocrx_word' id='word_1_116' title='bbox 982 1783 1137 1846; x_wconf 86' lang='lat' dir='ltr'>tectionem</span> <span class='ocrx_word' id='word_1_117' title='bbox 1157 1783 1245 1846; x_wconf 90' lang='lat' dir='ltr'>hodie</span> <span class='ocrx_word' id='word_1_118' title='bbox 1265 1784 1408 1865; x_wconf 72' lang='lat' dir='ltr'>irrigatam</span> <span class='ocrx_word' id='word_1_119' title='bbox 1427 1783 1462 1846; x_wconf 91' lang='lat' dir='ltr'>in</span> 
     </span>
     <span class='ocr_line' id='line_1_14' title="bbox 309 1881 1463 1972; baseline -0.001 -23"><span class='ocrx_word' id='word_1_120' title='bbox 309 1904 363 1949; x_wconf 88' lang='lat' dir='ltr'>suo</span> <span class='ocrx_word' id='word_1_121' title='bbox 375 1886 507 1965; x_wconf 82' lang='lat' dir='ltr'>exemplo</span> <span class='ocrx_word' id='word_1_122' title='bbox 519 1885 670 1959; x_wconf 86' lang='lat' dir='ltr'>inveniret,</span> <span class='ocrx_word' id='word_1_123' title='bbox 685 1884 808 1967; x_wconf 89' lang='lat' dir='ltr'>ideoque</span> <span class='ocrx_word' id='word_1_124' title='bbox 820 1882 908 1971; x_wconf 74' lang='grc' dir='ltr'>φυγῇ</span> <span class='ocrx_word' id='word_1_125' title='bbox 918 1903 978 1948; x_wconf 91' lang='lat' dir='ltr'>non</span> <span class='ocrx_word' id='word_1_126' title='bbox 990 1881 1079 1972; x_wconf 81' lang='grc' dir='ltr'>φυγή</span> <span class='ocrx_word' id='word_1_127' title='bbox 1089 1885 1230 1967; x_wconf 91' lang='lat' dir='ltr'>scriptum</span> <span class='ocrx_word' id='word_1_128' title='bbox 1241 1886 1359 1961; x_wconf 88' lang='lat' dir='ltr'>videret,</span> <span class='ocrx_word' id='word_1_129' title='bbox 1372 1885 1463 1948; x_wconf 90' lang='lat' dir='ltr'>buius</span> 
     </span>
     <span class='ocr_line' id='line_1_15' title="bbox 308 1986 1462 2052; baseline 0.003 -3"><span class='ocrx_word' id='word_1_130' title='bbox 308 1987 438 2051; x_wconf 80' lang='lat' dir='ltr'>vocabtdi</span> <span class='ocrx_word' id='word_1_131' title='bbox 460 1987 641 2050; x_wconf 82' lang='lat' dir='ltr'>mentionem</span> <span class='ocrx_word' id='word_1_132' title='bbox 663 1987 693 2049; x_wconf 92' lang='lat' dir='ltr'>in</span> <span class='ocrx_word' id='word_1_133' title='bbox 714 1986 906 2050; x_wconf 90' lang='lat' dir='ltr'>describendo</span> <span class='ocrx_word' id='word_1_134' title='bbox 929 1988 1041 2050; x_wconf 89' lang='lat' dir='ltr'>scholio</span> <span class='ocrx_word' id='word_1_135' title='bbox 1065 1989 1255 2052; x_wconf 88' lang='lat' dir='ltr'>omittendam</span> <span class='ocrx_word' id='word_1_136' title='bbox 1277 1990 1403 2052; x_wconf 85' lang='lat' dir='ltr'>duceret</span> <span class='ocrx_word' id='word_1_137' title='bbox 1417 2023 1462 2036; x_wconf 90' lang='lat'><strong>—</strong></span> 
     </span>
     <span class='ocr_line' id='line_1_16' title="bbox 309 2089 1461 2173; baseline 0.001 -20"><span class='ocrx_word' id='word_1_138' title='bbox 309 2091 421 2166; x_wconf 77' lang='lat' dir='ltr'>Quodsi</span> <span class='ocrx_word' id='word_1_139' title='bbox 436 2091 472 2152; x_wconf 90' lang='lat' dir='ltr'>de</span> <span class='ocrx_word' id='word_1_140' title='bbox 486 2090 656 2172; x_wconf 74' lang='lat' dir='ltr'>antiquitate</span> <span class='ocrx_word' id='word_1_141' title='bbox 674 2089 749 2151; x_wconf 87' lang='lat' dir='ltr'>illius</span> <span class='ocrx_word' id='word_1_142' title='bbox 769 2090 902 2152; x_wconf 84' lang='lat' dir='ltr'>iectionis</span> <span class='ocrx_word' id='word_1_143' title='bbox 922 2107 983 2151; x_wconf 91' lang='lat' dir='ltr'>non</span> <span class='ocrx_word' id='word_1_144' title='bbox 1003 2091 1116 2152; x_wconf 88' lang='lat' dir='ltr'>videtur</span> <span class='ocrx_word' id='word_1_145' title='bbox 1135 2091 1259 2154; x_wconf 89' lang='lat' dir='ltr'>dubitari</span> <span class='ocrx_word' id='word_1_146' title='bbox 1277 2111 1381 2173; x_wconf 90' lang='lat' dir='ltr'>posse,</span> <span class='ocrx_word' id='word_1_147' title='bbox 1401 2092 1461 2155; x_wconf 92' lang='lat' dir='ltr'>iam</span> 
     </span>
     <span class='ocr_line' id='line_1_17' title="bbox 308 2191 1464 2274; baseline 0.001 -18"><span class='ocrx_word' id='word_1_148' title='bbox 308 2193 345 2256; x_wconf 85' lang='lat' dir='ltr'>de</span> <span class='ocrx_word' id='word_1_149' title='bbox 358 2193 595 2274; x_wconf 74' lang='lat' dir='ltr'>interpretatione</span> <span class='ocrx_word' id='word_1_150' title='bbox 613 2191 770 2254; x_wconf 85' lang='lat' dir='ltr'>videndum</span> <span class='ocrx_word' id='word_1_151' title='bbox 785 2202 844 2254; x_wconf 89' lang='lat' dir='ltr'>est:</span> <span class='ocrx_word' id='word_1_152' title='bbox 870 2211 958 2272; x_wconf 88' lang='lat' dir='ltr'>quam</span> <span class='ocrx_word' id='word_1_153' title='bbox 979 2192 1095 2274; x_wconf 87' lang='lat' dir='ltr'>quidem</span> <span class='ocrx_word' id='word_1_154' title='bbox 1110 2194 1247 2256; x_wconf 83' lang='lat' dir='ltr'>Eimsieio</span> <span class='ocrx_word' id='word_1_155' title='bbox 1267 2193 1366 2257; x_wconf 88' lang='lat' dir='ltr'>minus</span> <span class='ocrx_word' id='word_1_156' title='bbox 1385 2194 1464 2257; x_wconf 89' lang='lat' dir='ltr'>bene</span> 
     </span>
     <span class='ocr_line' id='line_1_18' title="bbox 309 2287 1464 2377; baseline 0.001 -19"><span class='ocrx_word' id='word_1_157' title='bbox 309 2296 434 2358; x_wconf 82' lang='lat' dir='ltr'>cessisse</span> <span class='ocrx_word' id='word_1_158' title='bbox 452 2296 624 2358; x_wconf 86' lang='lat' dir='ltr'>indicamus.</span> <span class='ocrx_word' id='word_1_159' title='bbox 667 2295 725 2357; x_wconf 90' lang='lat' dir='ltr'>Per</span> <span class='ocrx_word' id='word_1_160' title='bbox 743 2295 960 2377; x_wconf 90' lang='lat' dir='ltr'>appositionem</span> <span class='ocrx_word' id='word_1_161' title='bbox 984 2297 1063 2358; x_wconf 91' lang='lat' dir='ltr'>enim</span> <span class='ocrx_word' id='word_1_162' title='bbox 1083 2297 1154 2359; x_wconf 91' lang='lat' dir='ltr'>baec</span> <span class='ocrx_word' id='word_1_163' title='bbox 1172 2296 1256 2359; x_wconf 87' lang='lat' dir='ltr'>verba</span> <span class='ocrx_word' id='word_1_164' title='bbox 1275 2287 1464 2360; x_wconf 78' lang='grc' dir='ltr'><strong><em>ἆνδάοοοσα</em></strong></span> 
     </span>
     <span class='ocr_line' id='line_1_19' title="bbox 310 2390 1464 2483; baseline 0.001 -23"><span class='ocrx_word' id='word_1_165' title='bbox 310 2390 397 2483; x_wconf 77' lang='grc' dir='ltr'>φυγή</span> <span class='ocrx_word' id='word_1_166' title='bbox 416 2398 472 2461; x_wconf 90' lang='lat' dir='ltr'>dici</span> <span class='ocrx_word' id='word_1_167' title='bbox 492 2398 637 2460; x_wconf 80' lang='lat' dir='ltr'>existimat</span> <span class='ocrx_word' id='word_1_168' title='bbox 658 2399 760 2459; x_wconf 90' lang='lat' dir='ltr'>eadem</span> <span class='ocrx_word' id='word_1_169' title='bbox 779 2398 905 2473; x_wconf 90' lang='lat' dir='ltr'>ratione,</span> <span class='ocrx_word' id='word_1_170' title='bbox 929 2417 985 2480; x_wconf 87' lang='lat' dir='ltr'>qua</span> <span class='ocrx_word' id='word_1_171' title='bbox 1011 2398 1087 2461; x_wconf 82' lang='lat' dir='ltr'>inira</span> <span class='ocrx_word' id='word_1_172' title='bbox 1105 2419 1131 2461; x_wconf 82' lang='lat' dir='ltr'>v.</span> <span class='ocrx_word' id='word_1_173' title='bbox 1155 2399 1250 2461; x_wconf 75' lang='lat'><strong>1217:</strong></span> <span class='ocrx_word' id='word_1_174' title='bbox 1277 2398 1402 2462; x_wconf 80' lang='grc' dir='ltr'><strong><em>κεῖνται</em></strong></span> <span class='ocrx_word' id='word_1_175' title='bbox 1424 2394 1464 2461; x_wconf 77' lang='grc' dir='ltr'>δὲ</span> 
     </span>
     <span class='ocr_line' id='line_1_20' title="bbox 310 2491 1464 2586; baseline 0.006 -27"><span class='ocrx_word' id='word_1_176' title='bbox 310 2494 417 2581; x_wconf 77' lang='grc' dir='ltr'><strong><em>νεκροὶ</em></strong></span> <span class='ocrx_word' id='word_1_177' title='bbox 431 2493 636 2576; x_wconf 67' lang='lat' dir='ltr'>asciscendi</span> <span class='ocrx_word' id='word_1_178' title='bbox 650 2491 751 2583; x_wconf 78' lang='grc' dir='ltr'><em>γέρων</em></span> <span class='ocrx_word' id='word_1_179' title='bbox 766 2495 876 2585; x_wconf 71' lang='grc' dir='ltr'><strong><em>πατὴρ</em></strong></span> <span class='ocrx_word' id='word_1_180' title='bbox 892 2493 1009 2577; x_wconf 78' lang='grc' dir='ltr'><strong><em>πέλοις,</em></strong></span> <span class='ocrx_word' id='word_1_181' title='bbox 1025 2497 1171 2586; x_wconf 67' lang='grc' dir='ltr'><strong><em>ποθεινὴ</em></strong></span> <span class='ocrx_word' id='word_1_182' title='bbox 1188 2496 1363 2584; x_wconf 78' lang='grc' dir='ltr'><strong><em>δακρύοισι</em></strong></span> <span class='ocrx_word' id='word_1_183' title='bbox 1378 2520 1464 2583; x_wconf 73' lang='lat' dir='ltr'>nvn·</span> 
     </span>
     <span class='ocr_line' id='line_1_21' title="bbox 309 2591 1464 2687; baseline 0.004 -25"><span class='ocrx_word' id='word_1_184' title='bbox 309 2594 405 2687; x_wconf 79' lang='grc' dir='ltr'><strong><em>φορά,</em></strong></span> <span class='ocrx_word' id='word_1_185' title='bbox 421 2608 450 2663; x_wconf 89' lang='lat' dir='ltr'>et</span> <span class='ocrx_word' id='word_1_186' title='bbox 463 2600 606 2664; x_wconf 76' lang='lat' dir='ltr'>Heracliti.</span> <span class='ocrx_word' id='word_1_187' title='bbox 621 2620 647 2660; x_wconf 82' lang='lat' dir='ltr'>v.</span> <span class='ocrx_word' id='word_1_188' title='bbox 664 2602 718 2664; x_wconf 87' lang='lat'>70:</span> <span class='ocrx_word' id='word_1_189' title='bbox 735 2591 844 2664; x_wconf 75' lang='grc' dir='ltr'><strong><em>ἱκέται</em></strong></span> <span class='ocrx_word' id='word_1_190' title='bbox 859 2593 889 2663; x_wconf 84' lang='lat' dir='ltr'>d’</span> <span class='ocrx_word' id='word_1_191' title='bbox 909 2592 1000 2678; x_wconf 77' lang='grc' dir='ltr'><strong><em>ὅντες</em></strong></span> <span class='ocrx_word' id='word_1_192' title='bbox 1018 2592 1177 2685; x_wconf 71' lang='grc' dir='ltr'><strong><em>ἀγοραίου</em></strong></span> <span class='ocrx_word' id='word_1_193' title='bbox 1196 2599 1283 2680; x_wconf 76' lang='grc' dir='ltr'>Διὸς</span> <span class='ocrx_word' id='word_1_194' title='bbox 1300 2598 1464 2684; x_wconf 78' lang='grc' dir='ltr'><strong><em>βιαζόμε-</em></strong></span> 
     </span>
     <span class='ocr_line' id='line_1_22' title="bbox 309 2694 1462 2790; baseline 0.003 -25"><span class='ocrx_word' id='word_1_195' title='bbox 309 2704 381 2766; x_wconf 71' lang='lat' dir='ltr'>oda</span> <span class='ocrx_word' id='word_1_196' title='bbox 389 2700 447 2766; x_wconf 81' lang='grc' dir='ltr'>καὶ</span> <span class='ocrx_word' id='word_1_197' title='bbox 457 2694 747 2790; x_wconf 80' lang='grc' dir='ltr'><strong><em>στέφημιαίνιται,</em></strong></span> <span class='ocrx_word' id='word_1_198' title='bbox 763 2697 897 2768; x_wconf 50' lang='lat' dir='ltr'>modae&amp;</span> <span class='ocrx_word' id='word_1_199' title='bbox 914 2694 1042 2781; x_wconf 69' lang='grc' dir='ltr'><strong><em>ὄνειδος</em></strong></span> <span class='ocrx_word' id='word_1_200' title='bbox 1056 2700 1115 2767; x_wconf 85' lang='grc' dir='ltr'>καὶ</span> <span class='ocrx_word' id='word_1_201' title='bbox 1129 2702 1220 2768; x_wconf 75' lang='grc' dir='ltr'><em>θεῶν</em></span> <span class='ocrx_word' id='word_1_202' title='bbox 1235 2697 1368 2786; x_wconf 74' lang='grc' dir='ltr'><strong><em>ἀτιμίαι</em></strong></span> <span class='ocrx_word' id='word_1_203' title='bbox 1384 2726 1462 2788; x_wconf 86' lang='lat' dir='ltr'>quo·</span> 
     </span>
     <span class='ocr_line' id='line_1_23' title="bbox 309 2805 1463 2891; baseline 0.003 -22"><span class='ocrx_word' id='word_1_204' title='bbox 309 2824 376 2868; x_wconf 90' lang='lat' dir='ltr'>rum</span> <span class='ocrx_word' id='word_1_205' title='bbox 391 2807 526 2869; x_wconf 88' lang='lat' dir='ltr'>locorum</span> <span class='ocrx_word' id='word_1_206' title='bbox 540 2806 615 2867; x_wconf 90' lang='lat' dir='ltr'>banc</span> <span class='ocrx_word' id='word_1_207' title='bbox 628 2805 772 2867; x_wconf 86' lang='lat' dir='ltr'>rationem</span> <span class='ocrx_word' id='word_1_208' title='bbox 792 2826 858 2869; x_wconf 92' lang='lat' dir='ltr'>esse</span> <span class='ocrx_word' id='word_1_209' title='bbox 877 2815 1010 2888; x_wconf 90' lang='lat' dir='ltr'>apparet,</span> <span class='ocrx_word' id='word_1_210' title='bbox 1028 2816 1061 2870; x_wconf 93' lang='lat' dir='ltr'>ut</span> <span class='ocrx_word' id='word_1_211' title='bbox 1080 2827 1153 2889; x_wconf 87' lang='lat' dir='ltr'>quae</span> <span class='ocrx_word' id='word_1_212' title='bbox 1172 2827 1225 2890; x_wconf 89' lang='lat' dir='ltr'>per</span> <span class='ocrx_word' id='word_1_213' title='bbox 1244 2809 1463 2891; x_wconf 87' lang='lat' dir='ltr'>appositionem</span> 
     </span>
     <span class='ocr_line' id='line_1_24' title="bbox 309 2907 1464 2990; baseline 0.006 -21"><span class='ocrx_word' id='word_1_214' title='bbox 309 2909 418 2971; x_wconf 89' lang='lat' dir='ltr'>adiecta</span> <span class='ocrx_word' id='word_1_215' title='bbox 443 2916 525 2981; x_wconf 93' lang='lat' dir='ltr'>sunt,</span> <span class='ocrx_word' id='word_1_216' title='bbox 550 2907 586 2968; x_wconf 91' lang='lat' dir='ltr'>de</span> <span class='ocrx_word' id='word_1_217' title='bbox 612 2914 674 2968; x_wconf 91' lang='lat' dir='ltr'>toto</span> <span class='ocrx_word' id='word_1_218' title='bbox 701 2909 851 2970; x_wconf 89' lang='lat' dir='ltr'>enuntiato</span> <span class='ocrx_word' id='word_1_219' title='bbox 877 2909 975 2990; x_wconf 89' lang='lat' dir='ltr'>priore</span> <span class='ocrx_word' id='word_1_220' title='bbox 1001 2910 1214 2990; x_wconf 82' lang='lat' dir='ltr'>praedicentur.</span> <span class='ocrx_word' id='word_1_221' title='bbox 1258 2911 1372 2975; x_wconf 80' lang='lat' dir='ltr'>Scilicet</span> <span class='ocrx_word' id='word_1_222' title='bbox 1391 2913 1464 2977; x_wconf 89' lang='lat' dir='ltr'>iilud</span> 
     </span>
     <span class='ocr_line' id='line_1_25' title="bbox 308 3007 1463 3090; baseline 0.007 -20"><span class='ocrx_word' id='word_1_223' title='bbox 308 3009 421 3090; x_wconf 92' lang='lat' dir='ltr'>ipsum,</span> <span class='ocrx_word' id='word_1_224' title='bbox 448 3007 526 3088; x_wconf 85' lang='lat' dir='ltr'>quod</span> <span class='ocrx_word' id='word_1_225' title='bbox 547 3014 629 3088; x_wconf 91' lang='lat' dir='ltr'>pater</span> <span class='ocrx_word' id='word_1_226' title='bbox 644 3026 711 3071; x_wconf 90' lang='lat' dir='ltr'>cum</span> <span class='ocrx_word' id='word_1_227' title='bbox 726 3009 785 3072; x_wconf 89' lang='lat' dir='ltr'>tilia</span> <span class='ocrx_word' id='word_1_228' title='bbox 805 3010 982 3074; x_wconf 79' lang='lat' dir='ltr'>exanimatus</span> <span class='ocrx_word' id='word_1_229' title='bbox 1003 3011 1088 3087; x_wconf 88' lang='lat' dir='ltr'>iacet,</span> <span class='ocrx_word' id='word_1_230' title='bbox 1109 3032 1194 3075; x_wconf 90' lang='lat' dir='ltr'>casus</span> <span class='ocrx_word' id='word_1_231' title='bbox 1209 3014 1314 3077; x_wconf 90' lang='lat' dir='ltr'>dicitur</span> <span class='ocrx_word' id='word_1_232' title='bbox 1328 3015 1463 3079; x_wconf 86' lang='lat' dir='ltr'>lacrima-</span> 
     </span>
     <span class='ocr_line' id='line_1_26' title="bbox 306 3109 1465 3197; baseline 0.005 -23"><span class='ocrx_word' id='word_1_233' title='bbox 306 3110 383 3185; x_wconf 87' lang='lat' dir='ltr'>bilis,</span> <span class='ocrx_word' id='word_1_234' title='bbox 390 3109 535 3190; x_wconf 89' lang='lat' dir='ltr'>huiusque</span> <span class='ocrx_word' id='word_1_235' title='bbox 542 3110 697 3190; x_wconf 87' lang='lat' dir='ltr'>praedicati</span> <span class='ocrx_word' id='word_1_236' title='bbox 708 3130 796 3174; x_wconf 88' lang='lat' dir='ltr'>cansa</span> <span class='ocrx_word' id='word_1_237' title='bbox 807 3131 842 3174; x_wconf 91' lang='lat' dir='ltr'>ac</span> <span class='ocrx_word' id='word_1_238' title='bbox 851 3113 925 3175; x_wconf 85' lang='lat' dir='ltr'>ratio</span> <span class='ocrx_word' id='word_1_239' title='bbox 940 3113 969 3176; x_wconf 90' lang='lat' dir='ltr'>in</span> <span class='ocrx_word' id='word_1_240' title='bbox 984 3134 1020 3176; x_wconf 92' lang='lat' dir='ltr'>eo</span> <span class='ocrx_word' id='word_1_241' title='bbox 1035 3115 1101 3197; x_wconf 91' lang='lat' dir='ltr'>ipso</span> <span class='ocrx_word' id='word_1_242' title='bbox 1114 3116 1193 3196; x_wconf 83' lang='lat' dir='ltr'>quod</span> <span class='ocrx_word' id='word_1_243' title='bbox 1208 3116 1390 3179; x_wconf 89' lang='lat' dir='ltr'>enuntiatum</span> <span class='ocrx_word' id='word_1_244' title='bbox 1401 3127 1465 3182; x_wconf 88' lang='lat' dir='ltr'>erat</span> 
     </span>
     <span class='ocr_line' id='line_1_27' title="bbox 308 3210 1464 3299; baseline 0.008 -25"><span class='ocrx_word' id='word_1_245' title='bbox 308 3210 403 3294; x_wconf 89' lang='lat' dir='ltr'>posita</span> <span class='ocrx_word' id='word_1_246' title='bbox 418 3220 474 3274; x_wconf 91' lang='lat' dir='ltr'>est:</span> <span class='ocrx_word' id='word_1_247' title='bbox 500 3213 627 3294; x_wconf 87' lang='lat' dir='ltr'>itemque</span> <span class='ocrx_word' id='word_1_248' title='bbox 641 3212 721 3293; x_wconf 86' lang='lat' dir='ltr'>quod</span> <span class='ocrx_word' id='word_1_249' title='bbox 736 3214 883 3294; x_wconf 88' lang='lat' dir='ltr'>supplices</span> <span class='ocrx_word' id='word_1_250' title='bbox 898 3215 1042 3279; x_wconf 86' lang='lat' dir='ltr'>violantur</span> <span class='ocrx_word' id='word_1_251' title='bbox 1055 3236 1090 3280; x_wconf 88' lang='lat' dir='ltr'>ac</span> <span class='ocrx_word' id='word_1_252' title='bbox 1104 3227 1181 3281; x_wconf 86' lang='lat' dir='ltr'>serta</span> <span class='ocrx_word' id='word_1_253' title='bbox 1195 3219 1378 3299; x_wconf 89' lang='lat' dir='ltr'>polluuntur,</span> <span class='ocrx_word' id='word_1_254' title='bbox 1404 3221 1464 3283; x_wconf 91' lang='lat' dir='ltr'>hoc</span> 
     </span>
     <span class='ocr_line' id='line_1_28' title="bbox 307 3314 1463 3404; baseline 0.01 -28"><span class='ocrx_word' id='word_1_255' title='bbox 307 3314 407 3395; x_wconf 89' lang='lat' dir='ltr'>ipsum</span> <span class='ocrx_word' id='word_1_256' title='bbox 427 3314 571 3377; x_wconf 89' lang='lat' dir='ltr'>eiusmodi</span> <span class='ocrx_word' id='word_1_257' title='bbox 590 3323 648 3387; x_wconf 92' lang='lat' dir='ltr'>est,</span> <span class='ocrx_word' id='word_1_258' title='bbox 673 3323 707 3376; x_wconf 91' lang='lat' dir='ltr'>ut</span> <span class='ocrx_word' id='word_1_259' title='bbox 724 3315 806 3379; x_wconf 89' lang='lat' dir='ltr'>urbis</span> <span class='ocrx_word' id='word_1_260' title='bbox 821 3316 947 3381; x_wconf 87' lang='lat' dir='ltr'>dedecus</span> <span class='ocrx_word' id='word_1_261' title='bbox 966 3320 1137 3383; x_wconf 90' lang='lat' dir='ltr'>acdeorum</span> <span class='ocrx_word' id='word_1_262' title='bbox 1155 3321 1262 3385; x_wconf 86' lang='lat' dir='ltr'>iniuria</span> <span class='ocrx_word' id='word_1_263' title='bbox 1280 3322 1336 3386; x_wconf 90' lang='lat' dir='ltr'>dici</span> <span class='ocrx_word' id='word_1_264' title='bbox 1356 3325 1463 3404; x_wconf 88' lang='lat' dir='ltr'>possit</span> 
     </span>
     <span class='ocr_line' id='line_1_29' title="bbox 308 3416 1465 3499; baseline 0.01 -21"><span class='ocrx_word' id='word_1_265' title='bbox 308 3416 346 3479; x_wconf 81' lang='lat' dir='ltr'>dt</span> <span class='ocrx_word' id='word_1_266' title='bbox 357 3435 426 3478; x_wconf 80' lang='lat' dir='ltr'>vero</span> <span class='ocrx_word' id='word_1_267' title='bbox 442 3416 472 3478; x_wconf 91' lang='lat' dir='ltr'>iu</span> <span class='ocrx_word' id='word_1_268' title='bbox 491 3436 540 3491; x_wconf 91' lang='lat' dir='ltr'>eo,</span> <span class='ocrx_word' id='word_1_269' title='bbox 561 3418 640 3497; x_wconf 90' lang='lat' dir='ltr'>quod</span> <span class='ocrx_word' id='word_1_270' title='bbox 654 3416 753 3479; x_wconf 78' lang='lat' dir='ltr'>Medea</span> <span class='ocrx_word' id='word_1_271' title='bbox 766 3417 942 3482; x_wconf 85' lang='lat' dir='ltr'>Corinthum</span> <span class='ocrx_word' id='word_1_272' title='bbox 957 3431 1157 3499; x_wconf 86' lang='lat' dir='ltr'>concesserat,</span> <span class='ocrx_word' id='word_1_273' title='bbox 1176 3424 1249 3487; x_wconf 90' lang='lat' dir='ltr'>nibil</span> <span class='ocrx_word' id='word_1_274' title='bbox 1269 3435 1314 3488; x_wconf 89' lang='lat' dir='ltr'>est</span> <span class='ocrx_word' id='word_1_275' title='bbox 1333 3445 1386 3489; x_wconf 88' lang='lat' dir='ltr'>cur</span> <span class='ocrx_word' id='word_1_276' title='bbox 1404 3426 1465 3489; x_wconf 88' lang='lat' dir='ltr'>boc</span> 
     </span>
     <span class='ocr_line' id='line_1_30' title="bbox 308 3518 1463 3608; baseline 0.009 -27"><span class='ocrx_word' id='word_1_277' title='bbox 308 3518 425 3581; x_wconf 81' lang='lat' dir='ltr'>exibam</span> <span class='ocrx_word' id='word_1_278' title='bbox 444 3518 601 3582; x_wconf 83' lang='lat' dir='ltr'>Corinthiis</span> <span class='ocrx_word' id='word_1_279' title='bbox 620 3519 735 3601; x_wconf 85' lang='lat' dir='ltr'>placere</span> <span class='ocrx_word' id='word_1_280' title='bbox 761 3520 815 3582; x_wconf 91' lang='lat' dir='ltr'>dici</span> <span class='ocrx_word' id='word_1_281' title='bbox 841 3524 952 3603; x_wconf 88' lang='lat' dir='ltr'>possit;</span> <span class='ocrx_word' id='word_1_282' title='bbox 980 3526 1171 3604; x_wconf 88' lang='lat' dir='ltr'>quamobrem</span> <span class='ocrx_word' id='word_1_283' title='bbox 1196 3527 1244 3590; x_wconf 84' lang='lat' dir='ltr'>tati</span> <span class='ocrx_word' id='word_1_284' title='bbox 1270 3527 1463 3608; x_wconf 82' lang='lat' dir='ltr'>oppositioni,</span> 
     </span>
     <span class='ocr_line' id='line_1_31' title="bbox 307 3621 1464 3710; baseline 0.01 -28"><span class='ocrx_word' id='word_1_285' title='bbox 307 3621 419 3702; x_wconf 83' lang='lat' dir='ltr'>qualem</span> <span class='ocrx_word' id='word_1_286' title='bbox 433 3621 590 3684; x_wconf 84' lang='lat' dir='ltr'>Elmsieius</span> <span class='ocrx_word' id='word_1_287' title='bbox 605 3622 713 3697; x_wconf 85' lang='lat' dir='ltr'>statuit,</span> <span class='ocrx_word' id='word_1_288' title='bbox 725 3621 823 3686; x_wconf 83' lang='lat' dir='ltr'>loctun</span> <span class='ocrx_word' id='word_1_289' title='bbox 838 3643 900 3687; x_wconf 91' lang='lat' dir='ltr'>nou</span> <span class='ocrx_word' id='word_1_290' title='bbox 914 3625 1005 3689; x_wconf 82' lang='lat' dir='ltr'>tuisse</span> <span class='ocrx_word' id='word_1_291' title='bbox 1018 3627 1154 3691; x_wconf 83' lang='lat' dir='ltr'>arbitror.</span> <span class='ocrx_word' id='word_1_292' title='bbox 1197 3630 1234 3691; x_wconf 85' lang='lat' dir='ltr'>Et</span> <span class='ocrx_word' id='word_1_293' title='bbox 1247 3637 1354 3705; x_wconf 66' lang='lat' dir='ltr'>nmen,</span> <span class='ocrx_word' id='word_1_294' title='bbox 1368 3648 1464 3710; x_wconf 88' lang='lat' dir='ltr'>quum</span> 
     </span>
     <span class='ocr_line' id='line_1_32' title="bbox 307 3715 1465 3814; baseline 0.01 -30"><span class='ocrx_word' id='word_1_295' title='bbox 307 3740 402 3804; x_wconf 86' lang='lat' dir='ltr'>neque</span> <span class='ocrx_word' id='word_1_296' title='bbox 416 3723 452 3785; x_wconf 92' lang='lat' dir='ltr'>ad</span> <span class='ocrx_word' id='word_1_297' title='bbox 468 3715 672 3787; x_wconf 68' lang='lat' dir='ltr'>animoso</span> <span class='ocrx_word' id='word_1_298' title='bbox 685 3744 782 3806; x_wconf 90' lang='lat' dir='ltr'>neque</span> <span class='ocrx_word' id='word_1_299' title='bbox 803 3727 840 3789; x_wconf 93' lang='lat' dir='ltr'>ad</span> <span class='ocrx_word' id='word_1_300' title='bbox 861 3726 1011 3791; x_wconf 91' lang='lat' dir='ltr'>absolutos</span> <span class='ocrx_word' id='word_1_301' title='bbox 1030 3730 1228 3795; x_wconf 84' lang='lat' dir='ltr'>nominativos</span> <span class='ocrx_word' id='word_1_302' title='bbox 1247 3734 1407 3814; x_wconf 76' lang='lat' dir='ltr'>confugere</span> <span class='ocrx_word' id='word_1_303' title='bbox 1426 3733 1465 3796; x_wconf 87' lang='lat' dir='ltr'>ii-</span> 
     </span>
     <span class='ocr_line' id='line_1_33' title="bbox 307 3825 1466 3915; baseline 0.011 -28"><span class='ocrx_word' id='word_1_304' title='bbox 307 3834 377 3899; x_wconf 90' lang='lat' dir='ltr'>ceat,</span> <span class='ocrx_word' id='word_1_305' title='bbox 392 3844 446 3906; x_wconf 89' lang='lat' dir='ltr'>per</span> <span class='ocrx_word' id='word_1_306' title='bbox 460 3825 675 3907; x_wconf 87' lang='lat' dir='ltr'>appositionem</span> <span class='ocrx_word' id='word_1_307' title='bbox 690 3826 736 3889; x_wconf 89' lang='lat' dir='ltr'>illa</span> <span class='ocrx_word' id='word_1_308' title='bbox 747 3828 834 3890; x_wconf 84' lang='lat' dir='ltr'>rerba</span> <span class='ocrx_word' id='word_1_309' title='bbox 848 3828 923 3892; x_wconf 91' lang='lat' dir='ltr'>dicta</span> <span class='ocrx_word' id='word_1_310' title='bbox 935 3849 1002 3893; x_wconf 88' lang='lat' dir='ltr'>esse</span> <span class='ocrx_word' id='word_1_311' title='bbox 1017 3842 1165 3915; x_wconf 91' lang='lat' dir='ltr'>opportet,</span> <span class='ocrx_word' id='word_1_312' title='bbox 1180 3853 1281 3898; x_wconf 86' lang='lat' dir='ltr'>verum</span> <span class='ocrx_word' id='word_1_313' title='bbox 1291 3835 1331 3897; x_wconf 89' lang='lat' dir='ltr'>ita</span> <span class='ocrx_word' id='word_1_314' title='bbox 1345 3844 1378 3899; x_wconf 91' lang='lat' dir='ltr'>ut</span> <span class='ocrx_word' id='word_1_315' title='bbox 1389 3836 1466 3899; x_wconf 86' lang='lat' dir='ltr'>baec</span> 
     </span>
     <span class='ocr_line' id='line_1_34' title="bbox 306 3927 1463 4007; baseline 0.01 -18"><span class='ocrx_word' id='word_1_316' title='bbox 306 3927 452 4007; x_wconf 90' lang='lat' dir='ltr'>appositio</span> <span class='ocrx_word' id='word_1_317' title='bbox 472 3945 535 3990; x_wconf 89' lang='lat' dir='ltr'>uon</span> <span class='ocrx_word' id='word_1_318' title='bbox 555 3929 591 3990; x_wconf 93' lang='lat' dir='ltr'>ad</span> <span class='ocrx_word' id='word_1_319' title='bbox 606 3937 699 3991; x_wconf 90' lang='lat' dir='ltr'>totum</span> <span class='ocrx_word' id='word_1_320' title='bbox 722 3930 918 4007; x_wconf 90' lang='lat' dir='ltr'>enuntiatum,</span> <span class='ocrx_word' id='word_1_321' title='bbox 943 3933 994 3995; x_wconf 89' lang='lat' dir='ltr'>sed</span> <span class='ocrx_word' id='word_1_322' title='bbox 1013 3935 1050 3996; x_wconf 90' lang='lat' dir='ltr'>ad</span> <span class='ocrx_word' id='word_1_323' title='bbox 1070 3936 1235 4003; x_wconf 88' lang='lat' dir='ltr'>subiectum</span> <span class='ocrx_word' id='word_1_324' title='bbox 1254 3939 1463 4001; x_wconf 74' lang='lat' dir='ltr'>commmoda</span> 
     </span>
     <span class='ocr_line' id='line_1_35' title="bbox 305 4028 1465 4115; baseline 0.012 -26"><span class='ocrx_word' id='word_1_325' title='bbox 305 4028 454 4108; x_wconf 88' lang='lat' dir='ltr'>pertineat</span> <span class='ocrx_word' id='word_1_326' title='bbox 500 4030 671 4093; x_wconf 89' lang='lat' dir='ltr'>Subiectum</span> <span class='ocrx_word' id='word_1_327' title='bbox 690 4038 788 4093; x_wconf 87' lang='lat' dir='ltr'>autem</span> <span class='ocrx_word' id='word_1_328' title='bbox 803 4033 989 4111; x_wconf 76' lang='lat' dir='ltr'>grammatice</span> <span class='ocrx_word' id='word_1_329' title='bbox 1008 4037 1127 4115; x_wconf 84' lang='lat' dir='ltr'>quidem</span> <span class='ocrx_word' id='word_1_330' title='bbox 1149 4038 1248 4103; x_wconf 81' lang='lat' dir='ltr'>Medea</span> <span class='ocrx_word' id='word_1_331' title='bbox 1263 4048 1322 4103; x_wconf 87' lang='lat' dir='ltr'>est:</span> <span class='ocrx_word' id='word_1_332' title='bbox 1342 4048 1465 4103; x_wconf 74' lang='lat' dir='ltr'>sentos·</span> 
     </span>
     <span class='ocr_line' id='line_1_36' title="bbox 307 4129 1466 4212; baseline 0.011 -20"><span class='ocrx_word' id='word_1_333' title='bbox 307 4129 429 4194; x_wconf 87' lang='lat' dir='ltr'>tiamsi</span> <span class='ocrx_word' id='word_1_334' title='bbox 456 4141 587 4212; x_wconf 89' lang='lat' dir='ltr'>spectes,</span> <span class='ocrx_word' id='word_1_335' title='bbox 612 4150 675 4195; x_wconf 91' lang='lat' dir='ltr'>uon</span> <span class='ocrx_word' id='word_1_336' title='bbox 699 4133 771 4195; x_wconf 88' lang='lat' dir='ltr'>baec</span> <span class='ocrx_word' id='word_1_337' title='bbox 799 4133 862 4195; x_wconf 83' lang='lat' dir='ltr'>sola</span> <span class='ocrx_word' id='word_1_338' title='bbox 886 4142 943 4211; x_wconf 89' lang='lat' dir='ltr'>est,</span> <span class='ocrx_word' id='word_1_339' title='bbox 968 4137 1020 4200; x_wconf 89' lang='lat' dir='ltr'>sed</span> <span class='ocrx_word' id='word_1_340' title='bbox 1048 4138 1135 4203; x_wconf 89' lang='lat' dir='ltr'>simul</span> <span class='ocrx_word' id='word_1_341' title='bbox 1156 4140 1243 4203; x_wconf 71' lang='lat' dir='ltr'>mmm</span> <span class='ocrx_word' id='word_1_342' title='bbox 1272 4141 1396 4205; x_wconf 86' lang='lat' dir='ltr'>marittts</span> <span class='ocrx_word' id='word_1_343' title='bbox 1428 4160 1466 4205; x_wconf 90' lang='lat' dir='ltr'>ac</span> 
     </span>
     <span class='ocr_line' id='line_1_37' title="bbox 304 4225 1465 4323; baseline 0.011 -29"><span class='ocrx_word' id='word_1_344' title='bbox 304 4230 397 4295; x_wconf 85' lang='lat' dir='ltr'>liberi</span> <span class='ocrx_word' id='word_1_345' title='bbox 453 4233 529 4295; x_wconf 88' lang='lat' dir='ltr'>Nam</span> <span class='ocrx_word' id='word_1_346' title='bbox 557 4227 700 4317; x_wconf 79' lang='grc' dir='ltr'><strong><em>Μήδεια</em></strong></span> <span class='ocrx_word' id='word_1_347' title='bbox 732 4228 788 4310; x_wconf 73' lang='grc' dir='ltr'>ξὺν</span> <span class='ocrx_word' id='word_1_348' title='bbox 817 4225 912 4319; x_wconf 75' lang='grc' dir='ltr'><em>ἀνδρὶ</em></span> <span class='ocrx_word' id='word_1_349' title='bbox 939 4233 998 4300; x_wconf 82' lang='grc' dir='ltr'>καὶ</span> <span class='ocrx_word' id='word_1_350' title='bbox 1024 4233 1173 4306; x_wconf 78' lang='grc' dir='ltr'><strong><em>τέκνοισι</em></strong></span> <span class='ocrx_word' id='word_1_351' title='bbox 1200 4243 1270 4323; x_wconf 85' lang='lat' dir='ltr'>quid</span> <span class='ocrx_word' id='word_1_352' title='bbox 1305 4253 1353 4306; x_wconf 87' lang='lat' dir='ltr'>est</span> <span class='ocrx_word' id='word_1_353' title='bbox 1383 4243 1465 4307; x_wconf 87' lang='lat' dir='ltr'>aliud</span> 
     </span>
     <span class='ocr_line' id='line_1_38' title="bbox 305 4325 1465 4426; baseline 0.014 -31"><span class='ocrx_word' id='word_1_354' title='bbox 305 4352 393 4415; x_wconf 86' lang='lat' dir='ltr'>qnam</span> <span class='ocrx_word' id='word_1_355' title='bbox 419 4328 560 4418; x_wconf 76' lang='grc' dir='ltr'><strong><em>Μήδεια</em></strong></span> <span class='ocrx_word' id='word_1_356' title='bbox 585 4329 643 4397; x_wconf 82' lang='grc' dir='ltr'>καὶ</span> <span class='ocrx_word' id='word_1_357' title='bbox 670 4325 688 4397; x_wconf 83' lang='grc' dir='ltr'><em>ὃ</em></span> <span class='ocrx_word' id='word_1_358' title='bbox 714 4327 794 4421; x_wconf 72' lang='grc' dir='ltr'>ἀνὴρ</span> <span class='ocrx_word' id='word_1_359' title='bbox 819 4331 878 4399; x_wconf 82' lang='grc' dir='ltr'>καὶ</span> <span class='ocrx_word' id='word_1_360' title='bbox 901 4333 945 4402; x_wconf 73' lang='grc' dir='ltr'>τὰ</span> <span class='ocrx_word' id='word_1_361' title='bbox 967 4334 1085 4405; x_wconf 75' lang='grc' dir='ltr'>τέκναῖ</span> <span class='ocrx_word' id='word_1_362' title='bbox 1125 4344 1212 4419; x_wconf 83' lang='lat' dir='ltr'>Quod</span> <span class='ocrx_word' id='word_1_363' title='bbox 1238 4364 1329 4426; x_wconf 64' lang='lat' dir='ltr'>wem</span> <span class='ocrx_word' id='word_1_364' title='bbox 1352 4345 1393 4408; x_wconf 89' lang='lat' dir='ltr'>ita</span> <span class='ocrx_word' id='word_1_365' title='bbox 1415 4347 1465 4421; x_wconf 82' lang='lat' dir='ltr'>sit,</span> 
     </span>
     <span class='ocr_line' id='line_1_39' title="bbox 304 4435 1464 4517; baseline 0.013 -19"><span class='ocrx_word' id='word_1_366' title='bbox 304 4435 400 4517; x_wconf 89' lang='lat' dir='ltr'>potuit</span> <span class='ocrx_word' id='word_1_367' title='bbox 429 4435 515 4497; x_wconf 91' lang='lat' dir='ltr'>etiam</span> <span class='ocrx_word' id='word_1_368' title='bbox 546 4437 657 4517; x_wconf 89' lang='lat' dir='ltr'>apponi</span> <span class='ocrx_word' id='word_1_369' title='bbox 687 4456 799 4501; x_wconf 91' lang='lat' dir='ltr'>nomen</span> <span class='ocrx_word' id='word_1_370' title='bbox 830 4439 1024 4517; x_wconf 80' lang='lat' dir='ltr'>collectivum,</span> <span class='ocrx_word' id='word_1_371' title='bbox 1049 4444 1085 4507; x_wconf 91' lang='lat' dir='ltr'>ad</span> <span class='ocrx_word' id='word_1_372' title='bbox 1113 4445 1245 4509; x_wconf 83' lang='lat' dir='ltr'>biedeom</span> <span class='ocrx_word' id='word_1_373' title='bbox 1275 4447 1365 4511; x_wconf 88' lang='lat' dir='ltr'>simul</span> <span class='ocrx_word' id='word_1_374' title='bbox 1393 4466 1464 4513; x_wconf 85' lang='lat' dir='ltr'>cum</span> 
     </span>
    </p>
   </div>
   <div class='ocr_carea' id='block_1_3' title="bbox 0 0 1594 5136">
    <p class='ocr_par' dir='ltr' id='par_1_3' title="bbox 0 0 1594 5136">
     <span class='ocr_line' id='line_1_40' title="bbox 0 0 1594 5136; baseline 0 0"><span class='ocrx_word' id='word_1_375' title='bbox 0 0 1594 5136; x_wconf 95' lang='lat' dir='ltr'> </span> 
     </span>
    </p>
   </div>
  </div>
 </body>
</html>
