3164 5138
887 444 931 507 bd

329 631 463 712 pelleret,
483 639 550 694 ante
563 629 824 697 Heinsiumnemo
844 629 906 691 luit.
936 630 966 691 le
985 638 1083 692 autem
1101 630 1120 691 l.
1136 648 1161 692 α
1177 647 1206 709 p.
1222 629 1299 701 656,
1319 628 1378 703 „in
1397 628 1489 691 Pan·

330 733 442 795 dora“
457 732 552 813 inquit
564 750 716 807 „rursus
732 738 818 793 sunt
835 729 991 792 minutae
1006 743 1145 812 partes,
1161 732 1275 811 qualis
1291 739 1325 792 et
1337 731 1490 793 liodoa-

330 829 396 915 γία
416 847 450 897 et
467 835 569 907 aliae,
590 852 736 914 quarum
751 832 973 913 grammatici
991 834 1256 895 meminerunt.“
1284 833 1413 913 itemque
1426 850 1489 913 cap.

329 936 401 997 xlv.
423 955 452 1016 p.
469 936 545 998 670:
566 935 690 1011 „Sicut
705 944 821 997 autem
834 931 1128 998 Πιθοπλασιλα
1147 936 1240 999 iovis
1265 945 1333 1012 est,
1346 935 1396 996 its
1415 934 1489 996 Πι-

328 1031 473 1119 sorpta
489 1038 663 1117 (eleganti
677 1056 763 1099 voce
777 1038 871 1099 bunc
884 1036 1030 1099 Hesiodi
1043 1039 1159 1100 iocum
1175 1039 1223 1100 ita
1238 1045 1363 1100 vocant
1377 1054 1491 1117 gram·

328 1139 466 1217 matici)
487 1140 701 1203 Pandorae.“
736 1138 863 1212 Quinam
889 1136 949 1200 sint
965 1138 1013 1200 isti
1034 1139 1227 1218 grammatici.
1250 1158 1312 1202 non
1330 1139 1424 1220 magis
1443 1138 1492 1199 hie

331 1260 417 1322 mam
434 1239 628 1322 Goettlingius
642 1258 699 1302 nos
719 1241 818 1303 docet:
838 1259 907 1320 ego,
927 1240 1021 1303 donec
1035 1242 1137 1323 aliquis
1152 1261 1257 1304 eorum
1271 1243 1489 1304 demonstratus

330 1344 426 1420 luerit,
440 1346 539 1407 nullos
551 1363 617 1406 esse
632 1344 763 1417 credam,
777 1343 829 1404 sed
845 1342 967 1405 subesse
986 1345 1141 1406 confusam
1156 1344 1302 1424 quandam
1315 1343 1490 1406 memoriam

329 1446 483 1509 Eustatlrii.
514 1446 569 1507 liic
588 1445 666 1507 enim
686 1437 870 1525 πιθοιγλας
887 1462 998 1507 nomen
1013 1455 1148 1527 usurpat,
1163 1454 1363 1508 veritmtamen
1377 1445 1491 1507 nonde

330 1548 408 1611 latali
422 1549 575 1611 Pandorae
591 1549 670 1610 dolio
685 1556 801 1628 aperto,
817 1548 868 1609 sed
885 1547 921 1610 de
935 1549 1025 1611 altero
1041 1550 1072 1611 in
1087 1549 1156 1611 celia
1169 1549 1277 1611 vinaria
1291 1547 1439 1629 reposito,
1454 1547 1490 1608 de

329 1668 389 1729 quo
406 1649 552 1713 Hesiodus
568 1650 708 1731 praecipit
722 1670 748 1709 v.
765 1648 842 1711 368:

434 1744 633 1836 Ἀρχυμένοο
656 1746 694 1812 δὲ
715 1741 825 1813 πίθου
846 1746 903 1812 καὶ
926 1746 1080 1836 λήγοντος
1100 1747 1319 1837 κορέσασθαι,

443 1848 592 1934 μεσσόθι
614 1845 811 1938 φείδεσθαι·
841 1847 934 1935 detto
959 1844 992 1913 d’
1014 1845 1063 1915 ἐνὶ
1085 1848 1236 1934 πυθμένι
1256 1847 1375 1939 φειδώ.

328 1955 402 2019 iiam
422 1956 458 2017 ad
468 1955 565 2018 iliadis
584 1955 690 2016 librum
706 1953 810 2027 xxiv,
824 1972 850 2014 r.
867 1954 940 2029 527,
956 1954 1005 2016 ubi
1021 1956 1079 2017 duo
1095 1955 1172 2017 dolia
1185 1957 1217 2016 in
1230 1955 1307 2019 iovis
1326 1956 1418 2016 domo
1434 1972 1491 2036 po-

329 2059 384 2119 sita
400 2075 466 2119 esse
485 2056 634 2129 dicuntur,
653 2055 738 2116 malis
757 2055 895 2129 alterum,
915 2056 1037 2118 alterum
1051 2056 1138 2119 bonis
1153 2057 1308 2137 repletum,
1322 2058 1382 2131 iiie,
1405 2064 1490 2137 post-

330 2178 420 2239 quam
434 2158 586 2221 Pandorae
606 2158 675 2219 dolii
694 2157 876 2219 mentionem
897 2157 975 2233 lecit,
996 2159 1027 2220 in
1047 2178 1106 2239 quo
1126 2159 1202 2221 maia
1221 2168 1334 2221 tantum
1349 2160 1491 2233 inessent,

297 2279 312 2328 'l
329 2256 390 2324 τοῦ
404 2253 618 2336 ddcdccdccc,
638 2259 740 2339 inquit,
760 2262 826 2320 νῶν
839 2256 947 2320 κακῶν
961 2253 1072 2323 πόθου
1088 2253 1139 2345 εἰἠ
1155 2251 1196 2322 ἀν
1216 2254 1309 2346 καὶὴ
1325 2254 1500 2343 πιθσιγύα

328 2354 386 2439 ούχ
409 2353 656 2448 ἓορτάσιμος,
684 2356 769 2421 κατὰ
794 2356 852 2444 την
878 2353 961 2444 παρ’
982 2356 1135 2446 Ησιόόῳ,
1162 2352 1241 2447 ἕνῇ
1269 2352 1490 2445 ἀρχομένου

328 2458 456 2527 πόθου
479 2458 573 2548 ἐχρῆν
595 2456 874 2545 κορέννυσθαι,
897 2453 970 2523 ἀλλ’
993 2456 1040 2538 εἷς
1060 2460 1100 2525 τὸ
1119 2462 1187 2526 πᾶν
1209 2456 1381 2551 ἀποφρόςε
1398 2485 1491 2547 appa-

327 2575 428 2647 retque
451 2567 488 2628 ad
510 2568 618 2628 festum
645 2564 722 2625 diem
744 2559 808 2624 τῶν
834 2560 1021 2646 πιθοιγίων
1042 2585 1065 2627 s.
1087 2569 1147 2650 τῆς
1167 2563 1350 2650 πιθοιγίας
1370 2569 1489 2649 respici,

325 2659 411 2730 καθ’
433 2659 487 2752 ἣν,
506 2677 539 2731 ut
554 2668 593 2730 ait
611 2667 735 2729 Procius
756 2664 977 2729 milesinde.
999 2668 1070 2743 366,
1089 2659 1163 2731 υύυε
1185 2662 1314 2756 οἰκέτην
1336 2663 1413 2734 υύτε
1433 2692 1490 2751 μι-
1564 2730 1565 2737 ,

327 2764 461 2833 osmer
490 2761 612 2850 εἴργειν
636 2764 695 2852 τῆς
721 2758 935 2842 ἀπολαύσεως
953 2767 1013 2831 cori
1040 2762 1132 2834 οἴνου
1157 2768 1299 2852 θεμιτὸν
1323 2762 1377 2858 ἦν,
1406 2765 1491 2836 ἀλλά

326 2867 498 2945 θύσαντας
519 2866 607 2933 πᾶσι
626 2864 845 2949 μεταδιδόναι
865 2871 923 2930 τοῦ
945 2865 1053 2954 όῶρυυ
1074 2871 1132 2935 τοῦ
1153 2869 1328 2939 Διονύσου.
1372 2877 1413 2938 Ει
1432 2894 1490 2957 quo

327 2975 421 3053 magis
437 2982 571 3052 apertum
587 2973 649 3043 liat,
668 2989 730 3031 non
746 2971 801 3031 alio
817 2990 903 3050 quam
920 2972 955 3032 ad
976 2973 1034 3037 hoc
1051 2974 1150 3054 ipsum
1165 2976 1284 3039 Hesiodi
1300 2987 1491 3059 praeceptum

327 3075 398 3137 iliud
413 3067 596 3155 πιθοιγίας
611 3091 720 3135 nomen
740 3074 819 3152 apud
833 3074 1019 3137 Eustathium
1037 3077 1197 3155 pertinere,
1218 3079 1382 3141 adscribam
1402 3080 1491 3143 etiam

328 3196 402 3257 quae
416 3177 513 3256 paullo
528 3182 597 3255 post
611 3175 647 3235 ab
663 3194 697 3236 eo
719 3175 877 3236 adduntur:
900 3167 920 3259 ἡ
944 3177 1019 3256 γοῦν
1036 3169 1229 3253 Ἡσιόόειος
1251 3173 1420 3260 πιθοιγία
1442 3174 1492 3255 εἰς

326 3273 478 3341 τοιοῦτόν
499 3297 533 3337 ct
556 3273 639 3337 κατὰ
661 3272 738 3350 σούς
754 3273 920 3351 παλαιούς
936 3272 1189 3358 έκλαμβάνεται,
1212 3276 1491 3366 παραγγέλλουσα

328 3374 536 3459 συμβολικῶς
556 3372 627 3439 νέον
641 3372 699 3456 μέν
719 3399 795 3439 τινα
817 3370 895 3441 droa
915 3368 938 3462 ἢ
956 3376 1093 3462 γηραιόν
1114 3372 1271 3445 ἀνίεσθαι
1292 3375 1490 3467 ἀναγκαίως,

329 3473 517 3561 ἀκμάζοντα
540 3475 576 3541 δέ
597 3476 641 3564 μη
665 3472 769 3556 οὕτως
790 3474 883 3560 ilceto.
914 3481 1036 3554 Qualem
1055 3483 1324 3564 interpretationem
1339 3489 1491 3569 praecepti

327 3583 518 3664 symbolicam
537 3581 623 3643 etiam
642 3582 678 3642 ad
693 3582 812 3644 Hesiodi
832 3585 929 3645 locum
944 3583 1081 3659 Procius,
1100 3594 1151 3647 aut
1170 3587 1303 3668 quisquis
1323 3599 1368 3651 est
1381 3591 1490 3653 scholii

327 3693 442 3759 auctor,
467 3693 692 3745 commemorat:
720 3680 807 3759 τινὲς
834 3681 872 3747 dd
898 3676 1121 3769 ἀλληγυρικῶς
1146 3684 1364 3770 λέγουσιτὸν
1389 3687 1492 3776 λόγον
1564 3684 1565 3693 ²

327 3774 414 3848 ολναι
429 3782 582 3871 περὶτῆς
600 3777 741 3871 ἡλικίας,
765 3779 850 3849 edoce
864 3778 1041 3869 ἀρχόμενον
1062 3785 1120 3853 καί
1135 3788 1280 3877 γηρῶντα
1295 3783 1490 3871 ἀπολαύειν,

326 3886 412 3950 κατὰ
432 3883 471 3951 de*
491 3885 550 3973 την
570 3882 671 3973 μέσην
688 3881 819 3973 ἡλικίαν
837 3883 1050 3973 ἐργάζεσθαι.
1080 3892 1136 3967 rel,
1152 3901 1184 3955 ut
1198 3896 1274 3975 apud
1290 3895 1417 3959 'i'zetzen
1432 3908 1490 3972 est,

326 3991 409 4066 παῖς
424 3982 468 4052 ῶν
490 3986 549 4054 καὶ
569 3987 675 4077 γηρῶν
697 3982 848 4052 ἀπόλαυε
867 3988 934 4054 τῶν
951 3989 1010 4055 τοῦ
1030 3986 1108 4073 βίον
1122 3988 1236 4079 ἡδέων,
1260 3994 1345 4061 κατὰ
1367 3994 1408 4063 δὲ
1428 3996 1492 4086 τήν

327 4085 534 4179 ἀκμαστικην
547 4085 679 4178 ἡλικίαν
700 4085 799 4175 έργάζ
838 4137 845 4153 .

410 4199 596 4261 Eranescnnt
614 4196 713 4275 igitur,
733 4214 806 4276 quae
826 4197 862 4258 66
876 4193 1047 4285 Πιθυιγίᾳ
1067 4210 1097 4264 et
1111 4203 1147 4265 de
1161 4197 1428 4292 Δαιμονολογληι,
1456 4214 1492 4273 ut

325 4301 438 4364 usitatis
453 4299 530 4380 apud
545 4298 750 4378 grammaticos
766 4300 1007 4380 appellationibus
1019 4303 1142 4367 duarum
1156 4306 1270 4369 illarum
1284 4308 1414 4389 partium
1426 4310 1490 4372 He-

325 4405 419 4472 siodci
433 4400 581 4483 carminis,
606 4400 661 4464 viri
692 4401 854 4467 doctissimi
884 4402 1003 4472 calidius
1030 4423 1117 4496 quam
1144 4410 1255 4477 cautius
1282 4412 1490 4481 crediderunt:
