3222 5148
596 1245 788 1337 lllllldllD.
824 1243 885 1334 lt)
917 1226 953 1333 P.
987 1231 1085 1329 288.
1126 1243 1220 1335 Not.

324 1476 425 1557 Plauti
447 1509 548 1554 versus
570 1490 613 1553 sic
632 1497 666 1553 ut
685 1509 701 1552 a
724 1511 772 1554 me
793 1490 920 1571 scriptus
942 1490 1306 1571 estlegiturinomnibus
1322 1492 1485 1573 quaemihi

324 1595 360 1658 ad
381 1612 504 1657 manum
526 1601 610 1656 erant
631 1593 825 1666 editionibus,
847 1611 881 1654 ac
900 1599 1002 1671 postea
1022 1592 1142 1654 demum
1159 1593 1306 1675 Spengelii
1326 1595 1486 1657 editionem

324 1696 469 1778 inspicere
484 1697 576 1777 potui,
598 1697 629 1758 in
650 1714 709 1778 qua
723 1697 867 1778 scriptum
881 1695 955 1756 vidi:
983 1694 1018 1757 id
1039 1696 1090 1758 ita
1110 1705 1260 1776 experta
1279 1717 1318 1759 es
1337 1707 1373 1758 et
1393 1715 1488 1759 nunc
1562 1738 1563 1785 t

324 1798 518 1881 experiere
544 1817 622 1860 mea
647 1798 906 1871 Phronesium,
929 1798 960 1859 in
980 1798 1129 1861 codicibus
1150 1806 1250 1861 autem
1265 1818 1349 1861 esse:
1377 1798 1413 1860 id
1438 1799 1488 1859 ita
1562 1792 1563 1837 ἶ

325 1920 406 1963 esse
419 1908 570 1984 experta
585 1920 621 1963 es
635 1909 687 1963 aut
701 1897 749 1964 tie.
779 1900 928 1982 Expunxit
942 1899 1031 1979 igitur
1046 1900 1219 1983 Spengelius
1234 1921 1331 1976 esse,
1347 1901 1426 1984 quod
1443 1908 1487 1962 est
1517 1898 1522 1909 '
1562 1928 1563 1931 ¹

324 2003 357 2065 in
378 2004 543 2077 codicibus,
569 2003 678 2066 addidit
698 2009 797 2066 autem
818 2011 871 2077 et,
898 2003 977 2085 quod
994 2005 1108 2067 codices
1123 2023 1184 2067 non
1200 2004 1323 2078 habeut,
1351 2004 1408 2066 nisi
1421 2002 1487 2085 quis
1562 2010 1563 2053 ἲ

325 2107 404 2169 forte
424 2105 454 2169 id
474 2106 504 2167 in
519 2102 553 2168 de
568 2106 657 2170 latere
673 2107 759 2170 dicat.
789 2107 901 2169 'lamen
916 2106 994 2169 baud
1010 2106 1234 2191 improbabilem
1250 2107 1487 2171 emendationem
1562 2150 1563 2189 ,

327 2208 465 2285 dixerim,
484 2226 580 2290 neque
600 2208 689 2289 igitur
711 2210 781 2272 satis
797 2216 910 2272 certum
925 2209 1039 2272 formae
1054 2228 1224 2292 nuncque
1240 2211 1410 2292 exemplum
1424 2227 1488 2272 esso
1562 2200 1563 2267 Ϊ

327 2312 465 2375 concedo.
488 2346 531 2356 -
552 2310 644 2374 Porro
665 2312 743 2392 quod
764 2311 800 2374 de
815 2311 956 2392 Madvigio
978 2310 1051 2385 dixi,
1071 2331 1104 2374 re
1126 2313 1290 2377 accuratius
1306 2313 1489 2376 considerata

326 2415 371 2478 sic
388 2434 469 2478 nunc
488 2420 632 2490 retracto,
662 2423 711 2490 ut,
737 2420 882 2498 quantum
904 2414 1025 2497 quidem
1046 2415 1081 2476 ad
1097 2416 1369 2496 pronuntiationem
1386 2416 1491 2480 attinet

327 2518 471 2582 eiusmodi
493 2520 635 2583 duntaxat
653 2520 833 2592 formarum,
855 2519 957 2600 quales
978 2526 1049 2581 sunt
1063 2518 1191 2599 sicque
1206 2528 1237 2581 et
1251 2538 1438 2601 nuncque,
1461 2517 1491 2580 in

328 2622 436 2706 quihus
458 2640 530 2703 que
553 2622 658 2702 longae
671 2631 723 2685 aut
736 2630 841 2684 natura
856 2629 907 2683 aut
920 2620 1067 2702 positione
1082 2622 1208 2704 syllabae
1222 2622 1369 2697 adhaesit,
1392 2640 1491 2684 vemm
1562 2640 1563 2683 t

327 2725 383 2787 uiri
398 2725 644 2807 praestantissimi
663 2725 840 2788 sententiam
856 2743 921 2788 esse
935 2743 1081 2788 censeam.
1111 2724 1186 2787 Nam
1201 2724 1395 2805 gutturelium
1411 2724 1491 2786 litte·

327 2846 431 2893 rarum
457 2828 684 2910 geminationem
712 2845 774 2890 non
798 2834 915 2891 tantum
936 2846 1071 2909 asperam
1093 2847 1172 2904 esse,
1199 2846 1267 2890 cum
1291 2828 1437 2909 Wagnero
1458 2827 1493 2890 ad
1562 2834 1563 2863 ³

330 2931 436 3013 Vergil.
453 2931 543 2995 Catal.
559 2930 608 3006 xt,
625 2933 677 3006 45,
698 2931 750 2994 sed
764 2950 887 3011 prorsus
902 2931 1027 3013 exprimi
1043 2951 1114 2994 voce
1127 2949 1189 2994 non
1203 2949 1290 3013 posse
1302 2938 1376 3012 puto
1392 2931 1449 2994 nisi
1463 2931 1494 2993 in
1562 2912 1563 2993 s

330 3035 471 3099 brevitate
492 3034 618 3117 syllabae
639 3034 760 3115 prioris,
783 3035 862 3097 velut
881 3034 913 3095 in
927 3035 1124 3117 quicquid,
1151 3033 1275 3115 ecquis
1290 3052 1324 3096 ac
1338 3034 1494 3096 similibus.
1562 3050 1563 3063 ¹

328 3136 403 3200 Nam
418 3155 479 3202 non
493 3136 655 3199 audiendos
669 3156 734 3199 esse
749 3136 801 3217 qui
815 3136 940 3217 ecquis
955 3156 992 3199 ex
1006 3156 1050 3199 en
1071 3137 1153 3219 quis
1168 3137 1312 3200 coaluisse
1325 3136 1493 3218 opinantur,
1562 3164 1563 3209 t

329 3239 397 3303 abbi
418 3241 548 3323 exposui.
575 3238 672 3301 Nihilo
687 3239 786 3301 minus
800 3245 902 3301 umen
917 3257 978 3301 non
993 3258 1171 3321 magnopere
1186 3239 1398 3321 indignandum
1413 3240 1494 3302 arbi-
1562 3234 1563 3317 j

330 3348 402 3417 tror,
423 3342 449 3405 si
469 3342 559 3406 etiam
579 3342 706 3424 sicque
728 3348 779 3404 aut
792 3358 963 3423 nuncque
977 3343 1121 3425 scriptum
1136 3343 1312 3406 invenimus.
1343 3342 1409 3405 Nou
1423 3360 1493 3406 raro
1562 3330 1563 3415 Ῑ

329 3446 410 3510 enim
425 3447 457 3509 in
471 3446 577 3529 quovis
597 3462 736 3508 sermone
751 3444 815 3508 lieri
829 3445 918 3521 solet,
933 3454 967 3509 ut
982 3446 1106 3520 litterae,
1121 3448 1255 3528 quumvis
1270 3465 1287 3508 a
1302 3445 1493 3527 loquentibus
1562 3440 1563 3511 l

329 3568 392 3613 nou
406 3567 572 3633 expressae,
587 3550 620 3610 in
634 3549 779 3632 scriptura
793 3556 894 3611 tamen
908 3557 1067 3631 ponantur,
1083 3549 1275 3631 etymologiae
1291 3568 1377 3612 cansa
1392 3557 1421 3610 et
1434 3567 1495 3630 quo

330 3653 430 3715 minus
446 3653 536 3715 errari
551 3652 747 3733 elegentibus
762 3653 866 3734 possit.
897 3651 947 3713 Sic
961 3671 987 3715 e.
1004 3672 1029 3715 c.
1046 3652 1120 3713 nihil
1133 3653 1318 3733 frequentius
1332 3659 1388 3724 est,
1403 3669 1495 3731 quam

330 3761 365 3817 ut
379 3764 446 3837 post
460 3755 587 3818 litteram
602 3774 631 3829 x,
647 3755 731 3817 cuius
746 3754 790 3816 vis
805 3762 851 3816 est
864 3781 908 3807 =
922 3773 973 3828 cs,
992 3761 1093 3817 tantm
1107 3774 1122 3817 s
1137 3755 1283 3818 scribatur
1297 3754 1328 3816 in
1343 3753 1496 3835 composi·
1562 3756 1563 3761 ’

330 3858 384 3932 tis,
406 3859 486 3921 velut
504 3857 626 3932 exsul,
653 3864 773 3932 exsto,
798 3865 993 3940 exspecto,
1021 3857 1100 3938 quod
1115 3857 1235 3940 quidem
1251 3857 1450 3932 Quintilianus
1468 3859 1494 3930 l,
1562 3836 1563 3909 ἶ

333 3965 363 4038 7,
379 3965 399 4025 t
420 3972 578 4044 propterca
599 3961 687 4026 scribi
702 3980 719 4022 a
733 3960 833 4024 multis
856 3961 910 4034 ait,
936 3968 1046 4024 utnon
1061 3970 1168 4042 pecto
1183 3962 1235 4024 sed
1251 3968 1382 4044 specto
1397 3960 1497 4023 inesse
1562 4004 1563 4043 3

331 4066 523 4130 manifestum
549 4066 608 4130 liat.
638 4064 877 4146 Reprehenditur
896 4063 954 4126 hoc
974 4063 1158 4126 aPrisciano
1174 4063 1309 4145 aliisque,
1335 4081 1433 4144 nequo
1450 4064 1497 4124 in·
1562 4064 1563 4077 ¹

330 4164 423 4244 iuria3
443 4169 496 4231 sed
515 4167 578 4231 lieri
601 4173 701 4230 tamen
721 4185 738 4228 a
757 4166 859 4228 miultis
878 4166 999 4229 solitum
1018 4184 1084 4228 esse
1099 4174 1129 4226 et
1142 4165 1290 4247 hodieque
1305 4165 1416 4246 passim
1431 4164 1496 4226 hen'

334 4272 476 4334 videmus.
506 4270 573 4333 Nou
591 4270 676 4333 aliter
695 4269 732 4331 de
751 4269 876 4349 sicque
896 4277 927 4333 et
944 4286 1118 4350 nuncque
1138 4267 1348 4331 iudicabimus:
1365 4266 1496 4329 auditam

336 4374 458 4456 qmdem
476 4394 493 4438 c
512 4378 581 4437 ante
601 4392 648 4458 qu
667 4390 729 4436 non
744 4390 823 4448 esse,
849 4373 902 4437 sed
917 4370 1005 4434 scribi
1019 4379 1120 4435 umen
1135 4371 1267 4454 potuisse
1283 4370 1415 4451 quodam
1427 4387 1499 4451 per·
