3284 5152
565 547 566 550 ψ
708 477 857 575 ,ιν-α..

204 663 360 748 qanlloqne
372 670 450 746 poet,
464 681 491 726 v.
507 660 580 738 284,
595 660 709 744 aliaque
723 664 815 728 multe
829 683 857 727 v.
874 662 945 728 311.
961 664 1025 728 559
1041 672 1072 727 et
1087 682 1152 747 sqq.
1183 663 1247 729 lloc
1265 666 1367 729 autem

203 766 270 829 loco
284 765 365 848 qnod
379 765 494 830 additur
508 786 524 830 a
539 766 648 829 Creusa
662 785 698 828 eo
712 768 849 848 pertinet,
864 773 899 830 ut
911 767 1071 830 llinerram
1081 767 1235 831 sustulisse
1244 766 1368 848 quidem

203 867 438 943 Erichthonium,
453 868 679 950 haudquaquam
694 877 792 932 autem
801 871 949 951 peperisse
957 870 1093 943 affirmet,
1107 874 1213 951 utpote
1223 868 1366 950 virginem

204 970 299 1034 deam.
328 964 522 1052 Παρθένιος
542 968 662 1053 χεῖρας,
678 989 784 1036 manus
798 972 937 1054 virginee,
953 990 1007 1054 pro
1021 971 1168 1051 virgineis,
1188 970 1268 1043 dicit,
1280 979 1316 1035 ut
1334 971 1367 1034 in

203 1073 315 1137 Phoen.
331 1093 357 1136 r.
375 1072 437 1137 839
451 1060 497 1136 eat
511 1068 669 1159 παρθένῳ
689 1073 768 1156 χερί,
784 1075 816 1138 in
828 1074 946 1158 Hippoi.
961 1093 988 1136 v.
1007 1074 1089 1137 1006
1109 1066 1279 1157 παρθένος
1298 1079 1366 1155 ψο-

202 1169 254 1262 χή,
276 1177 456 1256 omninoque
474 1175 613 1257 frequens
624 1176 702 1256 apud
717 1184 819 1258 poetae
833 1177 921 1240 huius
936 1175 1068 1240 vocabuli
1081 1192 1155 1238 naus
1169 1173 1337 1239 adiectirm.

288 1276 387 1358 Pergit
400 1275 455 1339 lon
468 1276 684 1358 interrogando,
701 1295 726 1339 r.
743 1275 821 1341 283:

404 1374 525 1441 δίδωσι
547 1372 581 1441 d'
604 1371 719 1463 ὥσπερ
741 1373 776 1442 ἐν
798 1373 1131 1466 γραφαῖςνομίζιται
1152 1413 1196 1424 -

202 1482 260 1546 Ιιοο
278 1488 338 1545 eat:
361 1472 476 1560 ὡόπιο
499 1472 694 1565 γράφεσθαι
715 1475 896 1563 νομίζεται,
917 1491 959 1546 nt
977 1484 1016 1545 in
1035 1481 1194 1564 picturis
1213 1495 1367 1563 reprae-

202 1585 348 1651 sentari
372 1583 486 1657 solet,
514 1582 656 1645 usitatum
682 1583 793 1647 scilicet
821 1585 879 1648 hoc
905 1584 1035 1667 picturee
1064 1581 1275 1665 argumentum
1301 1599 1368 1665 oeae

202 1687 377 1771 significans.
407 1685 482 1749 Nam
508 1679 707 1764 νομίζεσθαι
728 1686 881 1760 dicuntur,
901 1704 977 1769 qnae
995 1686 1083 1767 vulgo
1104 1685 1241 1766 usurpari
1259 1683 1367 1747 solent·

199 1807 299 1875 noque
311 1796 377 1852 erut
389 1789 478 1871 igitur
491 1786 571 1868 quod
585 1786 766 1871 lduagrariua
781 1788 918 1852 hocloco
940 1782 1136 1872 ῥυθμίζεται
1149 1786 1238 1851 aerrhi
1258 1785 1367 1849 melleo

203 1891 246 1957 Cl.
262 1891 411 1973 Aristoph
431 1888 507 1952 Nuh.
524 1908 550 1951 v.
567 1886 646 1951 428.-
669 1884 807 1970 γυμνοῦς
828 1881 969 1953 εἰσιέναι
990 1883 1164 1969 νομίζεται.
1188 1923 1231 1935 -·-
1249 1888 1292 1952 lle
1311 1887 1369 1951 cc-
1468 1946 1474 1957 ‚

202 1994 299 2076 crepis
313 1992 438 2067 dliahua,
454 1990 560 2071 quihus
574 1989 703 2052 Minerva
721 1990 868 2054 sublatum
890 2009 954 2054 ase
967 1989 1192 2054 Erichthonium
1205 1989 1368 2064 tradiderit,

201 2115 229 2160 ν.
245 2093 319 2169 284,
334 2093 407 2157 dixit
420 2092 509 2156 etiam
524 2092 686 2155 Mercurius
701 2093 733 2156 in
746 2093 868 2175 prologo
882 2113 909 2156 r.
926 2091 977 2155 23.
994 2094 1045 2168 24,
1060 2093 1112 2156 uhi
1122 2091 1187 2155 illae
1197 2090 1368 2174 dqrnulidee

202 2203 354 2261 vocantem
382 2194 435 2257 llis
449 2193 503 2256 dea
517 2210 644 2274 puerum
659 2193 777 2257 tradidit
791 2195 822 2257 in
837 2194 908 2258 niatu
923 2194 1092 2269 conditum,
1107 2193 1316 2275 interdinitque
1330 2208 1369 2257 ue
1446 2208 1448 2213 ‘

201 2299 315 2383 aperire
329 2316 396 2361 eam
410 2304 442 2359 et
456 2296 600 2376 inspicere
610 2295 727 2372 vellent,
743 2296 823 2379 quod
835 2296 1027 2359 interdictum
1039 2313 1132 2378 quum
1144 2301 1245 2359 umen
1255 2294 1369 2378 puellae

202 2402 334 2466 conioeae
348 2398 544 2480 neglexissent
558 2402 658 2479 aperta
673 2399 745 2463 data
759 2399 982 2483 compendioque
1006 2399 1183 2463 draconibus
1202 2415 1296 2481 puero
1315 2415 1370 2480 ap·

202 2503 306 2586 positis
319 2502 351 2565 in
364 2502 497 2565 doronem
512 2518 671 2564 conversae
684 2501 722 2563 de
736 2519 810 2583 rupe
824 2522 858 2565 ae
871 2500 1110 2584 praecipitarunt

288 2604 477 2671 Satiafactum
493 2603 549 2666 sihi
563 2602 600 2666 tle
614 2601 807 2666 Erichthonio
822 2602 955 2666 indicens
969 2602 1033 2680 lon,
1044 2620 1072 2665 v.
1085 2601 1157 2679 287,
1174 2590 1249 2682 cler,
1263 2601 1369 2685 inqut

202 2708 320 2788 iamque
333 2704 369 2770 ad
384 2705 458 2769 aliua
473 2705 517 2768 rei
531 2702 707 2767 memoriam
722 2705 843 2769 transit:

402 2806 438 2870 τί
458 2800 517 2868 δαὶ
537 2797 624 2882 τόδ’,·
645 2792 694 2888 ἆρ’
718 2796 882 2892 α’ληθέςῆ
902 2800 1011 2891 μάτην
1032 2801 1148 2889 λόγοις

201 2912 319 2975 Nornm
333 2916 380 2972 eet
393 2907 536 2971 Badhami
550 2907 701 2983 iudicium,
723 2908 775 2991 qui
794 2895 859 2970 aleo
879 2907 951 2971 illud
973 2924 1035 2970 non
1055 2907 1213 2990 separatim
1234 2923 1370 2990 pronun·

201 3012 269 3077 tiari
293 3011 424 3095 poluisse
449 3018 540 3085 ratus,
565 3017 601 3073 ut
626 3028 727 3073 versuo
753 3024 895 3073 mensura
913 3016 1030 3072 constet
1050 3003 1148 3092 λόγος
1167 3009 1258 3074 deleri
1277 3009 1368 3074 iubet

1 3073 2 3122 1
139 3108 142 3113 ’
203 3114 419 3196 ‚,Uhicunque“
433 3112 532 3194 inquit
547 3099 639 3187 ,οἷον
660 3104 723 3189 ἔξω
740 3106 862 3196 μέτρου
881 3111 1000 3195 legitur,
1021 3110 1092 3174 illud
1111 3111 1299 3177 librariorum
1318 3115 1371 3175 aut

201 3217 380 3282 hhhionnm
394 3214 629 3278 additamentum
644 3231 710 3276 eoae
721 3213 818 3277 credo.
847 3213 928 3289 ldem
945 3212 1103 3277 fficeudum
1117 3213 1155 3276 de
1169 3206 1245 3278 icoo
1259 3221 1290 3278 et
1303 3212 1367 3277 aei

202 3316 312 3392 Quidni
326 3316 405 3378 enim
420 3314 575 3397 Euripides
588 3314 620 3377 in
635 3312 680 3377 hie
695 3314 817 3378 vocibus
831 3314 954 3378 eandem
969 3332 1105 3379 normam
1127 3334 1246 3399 semper
1258 3300 1367 3399 aeque·

202 3415 338 3484 retur“l
365 3415 440 3479 Ludi
454 3416 586 3498 magistri
599 3415 677 3478 hunc
690 3415 857 3479 orationem
872 3434 937 3481 ease
951 3417 1057 3493 credo,
1076 3434 1139 3481 non
1158 3418 1267 3496 αἰτίας
1286 3426 1369 3484 aete·

202 3538 251 3585 rea
265 3527 364 3584 autem
379 3525 481 3602 poetes
500 3517 530 3580 id
546 3516 662 3593 iecisse,
683 3518 762 3599 quod
778 3536 898 3601 qnoque
909 3517 975 3582 loco
991 3525 1042 3583 aut
1056 3520 1220 3583 sententiae
1236 3529 1288 3585 aut
1302 3539 1368 3586 me·

202 3626 250 3686 uo
265 3620 442 3685 commnione
456 3627 543 3693 esset.
559 3620 636 3682 utin
649 3618 909 3693 interiectionibus,
924 3618 1004 3682 velut
1017 3612 1057 3685 ἔα
1068 3620 1107 3695 (v.
1124 3620 1193 3684 155.
1207 3621 1293 3700 252),
1305 3618 1370 3708 φοῦ

201 3724 242 3801 (v.
258 3723 330 3786 eoa.
349 3720 441 3785 laio.
461 3705 565 3802 icae),
581 3712 656 3783 otae
668 3720 788 3801 (oceo),
805 3713 845 3785 to
859 3721 980 3803 (150⁷),
994 3722 1137 3787 eronus
1149 3724 1279 3800 iocoue,
1293 3742 1369 3808 quae

200 3833 233 3890 et
245 3827 326 3909 ipsae
341 3822 563 3906 quodammodo
577 3822 669 3887 instar
682 3823 920 3887 interiectionem
932 3827 1012 3887 eunt.
1042 3823 1080 3887 Et
1095 3824 1132 3887 de
1147 3814 1224 3888 idol
1238 3826 1368 3909 quidem,

202 3929 283 4013 quod
309 3933 423 3990 veteres
442 3925 627 4007 mummolini
648 3942 710 3989 non
730 3926 830 4009 inepte
850 3920 1019 3989 deterrendo
1040 3926 1192 4001 dixerunt,
1212 3926 1369 3993 dicendum

202 4032 260 4097 enit
273 4030 350 4094 inira
364 4029 439 4092 adr.
456 4026 537 4104 7523
552 4015 741 4103 elevantem,
758 4027 838 4109 quod
851 4027 1020 4092 Badhamua
1032 4028 1064 4092 in
1073 4029 1181 4093 Trosd.
1197 4049 1225 4093 r.
1237 4029 1301 4094 944
1315 4031 1369 4095 de·

83 4199 85 4203 ,
201 4133 257 4197 leri
270 4133 341 4207 vult,
352 4138 469 4196 tantum
481 4129 565 4194 abest
576 4136 612 4193 ut
626 4132 757 4194 otiosum
772 4151 808 4194 co
823 4131 888 4195 loco
903 4149 968 4195 ease
983 4131 1153 4207 concedam,
1166 4138 1202 4195 nt
1211 4132 1297 4214 longe
1311 4151 1367 4216 ap·

203 4233 352 4310 moinum
367 4252 432 4297 esse
447 4250 504 4297 uec
516 4232 581 4295 aine
595 4232 704 4295 damno
725 4233 827 4297 abesse
845 4251 934 4316 posse
953 4234 1088 4299 iudicem.
1114 4233 1200 4308 Quod
1221 4235 1301 4297 enim
1324 4234 1369 4300 rit

203 4336 309 4400 doctus
323 4335 475 4399 notionem
486 4335 550 4399 eiua
564 4335 596 4398 in
610 4335 682 4417 ipsis
696 4336 792 4400 verbis
811 4335 1003 4418 sequentihus
1022 4336 1119 4399 inease
1138 4334 1308 4412 contendit,
1330 4323 1371 4420 οὔ

202 4426 233 4501 θ
255 4426 325 4500 dtt’
346 4428 490 4521 ἐμαυτὴν
509 4426 613 4501 covini
625 4427 708 4521 τῷδ’
722 4429 894 4521 ἐρήσομαι,
916 4437 991 4501 mihi
1004 4456 1052 4503 ree
1066 4438 1153 4520 longe
1167 4437 1251 4503 allier
1263 4455 1297 4502 se
1311 4437 1366 4502 ha-
