3284 5152
708 491 858 589 gm-

200 686 237 744 ut
250 680 340 744 etium
355 680 454 760 plures
464 675 622 742 Erechthei
631 677 704 742 dlius
714 678 805 742 llrisse
816 685 940 743 sumata
952 676 1033 741 utillo
1044 674 1222 747 nummus,
1235 668 1360 732 uuun-

202 800 261 865 que
275 800 365 846 unum
379 782 569 845 mortinetum
583 800 658 856 esse,
673 781 802 863 reliquas
816 801 869 845 suu
883 798 975 845 menu
988 780 1189 859 murempus.
1232 774 1270 837 Et
1280 769 1359 834 Phe·

202 884 349 948 nodemus
369 883 488 966 quidem
509 883 599 966 (apud
619 884 699 948 Suid.
720 903 745 947 s.
767 902 794 946 v.
814 876 1000 965 Παρθέιοι.
1049 880 1081 945 6.
1104 877 1235 942 Mueller.
1255 875 1359 957 tergm.

201 986 271 1049 hist
287 986 343 1070 lp.
360 985 435 1061 366)
450 1004 502 1049 ser
515 984 607 1048 luisse
622 992 777 1060 memoret,
801 991 941 1067 quattuor
954 983 1022 1059 illis,
1037 1001 1110 1065 quus
1125 979 1364 1044 modonomim,

203 1088 311 1164 vimus,
327 1088 536 1169 Protogeniem
554 1093 585 1151 et
600 1087 763 1152 Pandoram
786 1088 911 1162 addens,
931 1086 1045 1169 hasque
1063 1084 1136 1148 dues
1157 1084 1236 1148 ultro
1250 1102 1283 1146 se
1304 1100 1359 1164 pro

202 1191 294 1273 putris
308 1189 504 1253 immolundes
519 1190 674 1254 obtulisse:
695 1209 751 1254 neo
770 1198 870 1254 temen
889 1189 919 1252 id
939 1188 972 1252 in
990 1187 1066 1251 hello
1086 1186 1234 1250 Eleusinis
1248 1185 1360 1250 lechum

202 1310 277 1367 esse,
294 1293 347 1356 sed
361 1310 455 1373 quum
468 1292 647 1356 Boeotorum
662 1293 809 1356 exereitus
824 1291 948 1355 dttieem
962 1289 1126 1354 invisisset.
1164 1287 1360 1353 Philochorus

202 1413 295 1478 quum
316 1394 353 1457 de
372 1394 529 1458 Brochthoi
550 1395 625 1458 hello
646 1393 795 1458 Eleusinio
814 1392 952 1468 referret,
975 1392 1012 1456 de
1038 1391 1197 1457 seoritimtr
1211 1392 1287 1474 regis
1302 1390 1361 1455 dlis

202 1498 275 1561 nihil
300 1497 462 1579 prodidisse
482 1497 613 1569 uidetur,
641 1495 694 1559 sed
719 1494 892 1577 Agruulum,
918 1513 1009 1558 unum
1033 1494 1071 1558 de
1091 1496 1227 1578 Cecropis
1246 1492 1360 1557 liliehus

202 1599 357 1663 etiamtum
371 1598 590 1680 superstitibus,
605 1614 698 1679 quum
711 1596 863 1661 oraculum
874 1596 1025 1660 siderium
1035 1598 1261 1662 Atheniensibus
1272 1614 1360 1678 prte-

203 1702 333 1778 dixisset,
347 1701 374 1765 si
388 1700 454 1782 quis
468 1719 522 1782 pro
537 1698 631 1782 patrie
652 1718 685 1761 se
698 1698 789 1763 morti
809 1699 938 1773 offerret,
963 1717 1016 1764 suu
1041 1709 1148 1782 sponte
1173 1720 1206 1764 se
1231 1699 1268 1763 de
1293 1717 1360 1763 eree

204 1805 418 1886 praecipitasse,
442 1803 520 1865 unde
543 1811 646 1884 poster
671 1801 770 1864 looum
795 1801 878 1864 illum
897 1801 924 1865 ei
945 1812 1149 1867 eonseeretum
1175 1809 1207 1866 et
1227 1794 1362 1882 vipereo

205 1907 357 1970 eonditum
373 1924 446 1969 esse.
461 1904 526 1968 vid.
546 1904 638 1969 sohel.
658 1903 811 1966 Demosth.
831 1903 869 1966 de
882 1903 904 1966 l.
919 1904 939 1966 l.
983 1904 1015 1969 6.
1035 1904 1164 1968 diueller.
1183 1905 1221 1968 ir.
1248 1904 1318 1968 hist.
1345 1904 1359 1967 l

204 2028 234 2091 p.
249 2007 322 2072 366.
337 2042 379 2056 -
394 2008 452 2072 Sed
472 2024 594 2071 menum
613 2006 650 2069 de
671 2006 778 2080 tshule,
801 2023 839 2068 ue
853 2006 977 2088 ineptire
991 2005 1124 2070 dimmur
1137 2007 1194 2072 hoe
1206 2024 1300 2090 genus
1314 2008 1360 2071 ie-

203 2110 340 2173 hulmum
360 2108 503 2173 undosius
519 2127 609 2191 quem
629 2116 733 2172 nature
754 2125 858 2171 eorum
879 2109 990 2189 petitur
1003 2108 1169 2172 scrutando.
1214 2109 1360 2174 Laudabi-

204 2231 272 2276 mus
286 2218 402 2276 tantum
417 2211 471 2276 viri
485 2210 704 2294 prudentissimi
719 2209 857 2274 Loheolrii
870 2209 1011 2273 iudicium
1026 2210 1134 2275 dehoc
1144 2211 1289 2293 virginum
1310 2230 1359 2275 su-

204 2312 312 2378 eridcio
331 2313 477 2387 tubuloso,
499 2315 531 2376 in
544 2313 683 2396 Aglaoph.
699 2331 728 2396 p.
744 2313 807 2375 210
821 2332 866 2394 sq.
911 2313 1012 2395 Neque
1026 2313 1058 2376 in
1072 2313 1214 2396 proximis
1228 2313 1359 2379 remihus

204 2417 365 2498 quidquem
386 2422 490 2479 notatu
510 2415 631 2497 digrmm
652 2422 705 2478 est
754 2415 828 2478 Nam
849 2410 917 2496 πρὸ
942 2407 1040 2496 γαίας
1058 2434 1085 2478 r.
1108 2414 1171 2478 296
1191 2434 1245 2497 pro
1271 2407 1358 2500 ὑπὲρ

204 2512 303 2601 γαίας
316 2519 426 2583 dietum
441 2536 479 2582 ne
490 2519 601 2582 tirones
615 2517 745 2600 quidem,
760 2517 868 2598 quihus
879 2518 953 2581 haee
962 2516 1072 2580 scholio
1082 2517 1248 2593 sorihimus,
1263 2518 1357 2582 olien-

204 2621 269 2698 det3
283 2628 330 2686 est
344 2621 423 2684 enim
437 2618 667 2704 irequeutissimi
681 2637 768 2693 usus,
789 2619 920 2702 dixitque
938 2619 982 2683 sie
995 2621 1033 2683 de
1046 2620 1102 2684 heo
1116 2619 1179 2703 ipsu
1192 2639 1225 2683 re
1239 2620 1357 2703 Euripi·

204 2723 256 2787 des
278 2719 358 2806 (πρὸ
380 2718 524 2803 πάντων)
547 2722 630 2786 inlr.
649 2721 806 2786 Erechthei
825 2742 852 2784 v.
877 2721 915 2786 18
935 2743 982 2806 sp.
1004 2723 1125 2806 Lycurg.
1146 2724 1165 2785 l.
1187 2724 1223 2798 1.,
1244 2722 1358 2806 udaque

204 2826 336 2907 exemplu
354 2826 465 2890 hahent
481 2825 740 2908 grammaticorum
762 2823 839 2899 lihri,
859 2823 938 2891 velut
950 2825 1096 2890 llrtthiue.
1111 2830 1140 2903 6.
1155 2825 1227 2888 676.
1271 2825 1358 2900 Quod

204 2936 304 2992 sutem
319 2946 346 2989 v.
362 2926 424 2990 293
440 2928 547 2991 Creuse
561 2946 594 2990 se
609 2935 763 3010 propterea
777 2944 839 2990 uon
854 2945 913 2991 una
924 2947 992 2993 mm
1009 2929 1160 2994 sororibus
1174 2927 1358 2993 immolatum

205 3049 271 3093 esse
284 3029 333 3106 uit,
350 3029 430 3113 quod
444 3047 547 3094 reeens
561 3038 629 3094 nete
643 3028 742 3104 luerit,

403 3124 526 3217 βρέφος
546 3127 675 3214 reoysdr
695 3125 817 3215 μητρὸς
838 3118 877 3215 ἦν
897 3125 933 3197 ds
953 3125 1125 3216 ἀγκάλαις,

204 3234 330 3318 pertinet
344 3235 403 3299 hoo
416 3233 480 3297 sine
495 3234 584 3298 dubio
599 3234 636 3298 sd
650 3233 680 3298 id
695 3251 788 3314 genus
802 3234 1061 3317 superstitionum,
1080 3257 1140 3321 quo
1158 3232 1269 3304 τέλεια
1289 3246 1358 3303 tau·

202 3344 269 3401 tum
283 3337 421 3402 semideie
435 3337 480 3401 dis
494 3345 575 3419 grau
589 3356 653 3401 esee
668 3336 860 3418 putabantur:
876 3354 1056 3421 quemquem
1066 3358 1124 3420 qut
1138 3348 1233 3406 eetste
1243 3341 1358 3407 hostiae

204 3458 336 3522 quaeque
350 3433 473 3503 sideros
487 3446 596 3513 esseut,
611 3456 673 3502 non
687 3455 745 3502 unu
759 3438 791 3501 iu
804 3438 942 3503 omnihus
956 3446 987 3503 et
999 3438 1095 3504 uhiris
1109 3441 1273 3509 observatio
1285 3449 1356 3559 eret

201 3541 265 3606 tid.
281 3540 435 3623 Antiquitt.
449 3559 543 3624 green
558 3541 585 3605 ll
598 3559 628 3621 p
643 3539 716 3603 226.

288 3643 430 3726 Sequrtur
444 3642 637 3706 ι2961666
651 3640 842 3725 iuterrogatio
862 3643 900 3707 de
912 3642 1026 3720 ileum,
1051 3646 1081 3710 h.
1103 3665 1129 3711 e.
1150 3647 1186 3711 de
1206 3649 1302 3732 rupis,
1325 3648 1357 3713 in

202 3766 261 3830 qus
274 3764 326 3813 en
339 3746 405 3823 luit,
421 3766 456 3809 eo
476 3748 575 3822 lutere,
598 3746 645 3809 oni
665 3745 736 3811 illud
755 3764 866 3810 nomen
885 3747 976 3813 itrisse
996 3748 1054 3814 ism
1074 3749 1111 3813 ud
1133 3750 1244 3834 pmlog.
1267 3770 1293 3814 r.
1316 3751 1355 3815 ts

202 3850 314 3916 dietum
329 3856 384 3914 est·
428 3849 490 3913 Neo
502 3849 611 3913 mirum
626 3849 714 3913 huius
729 3848 786 3913 loci
804 3850 956 3914 mentione
974 3851 1099 3917 Creusae
1119 3853 1252 3918 animum
1272 3873 1357 3918 oom-

201 3953 367 4028 moseri,v.
382 3950 455 4025 297,
470 3951 577 4034 quippe
597 3950 629 4014 iu
649 3969 709 4033 quo
734 3951 805 4016 illud
830 3958 949 4017 suhuun
973 3961 1061 4030 esset,
1086 3955 1138 4019 uhi
1162 3957 1199 4019 eh
1223 3956 1357 4041 Apolline

200 4056 350 4138 quondum
364 4072 534 4137 compressa
546 4052 612 4116 luit
654 4053 779 4118 Causam
792 4065 907 4130 sutem,
932 4075 986 4122 eur
1005 4056 1042 4120 de
1061 4077 1097 4121 eo
1112 4057 1281 4140 quaesierit,
1302 4059 1358 4123 lon

200 4158 278 4222 hmo
291 4175 324 4221 se
338 4156 446 4221 hebere
460 4155 539 4229 dreit,
555 4153 659 4237 qurod
650 4172 676 4218 rs
690 4155 772 4219 loeus
785 4157 863 4240 apud
877 4158 1042 4240 tpolmem
1055 4158 1263 4244 Delphosque
1255 4180 1286 4227 ur
1302 4161 1356 4226 oli·

201 4277 261 4344 quo
276 4258 389 4324 honore
403 4260 451 4334 sit,
466 4277 493 4321 v.
508 4256 588 4322 298:

399 4357 483 4447 τιμᾷ
502 4378 569 4448 σφι
590 4354 726 4438 Πύθιος
746 4350 917 4448 ἀστραπαί
935 4382 972 4427 ιι
990 4356 1136 4432 Πύθιαι.
