3164 5138
855 361 879 426 8

770 448 856 456 ——-
904 449 970 457 2*—

293 568 381 631 qaam
397 549 433 613 ad
449 547 611 613 movendos
630 546 786 619 salubriter
802 556 832 613 et
850 550 1016 613 monendas
1031 554 1244 629 comparatum,
1285 545 1386 626 igitar
1404 544 1471 611 hue

294 671 361 716 eum
389 651 488 715 omnia
512 651 660 725 retulisse,
685 659 720 713 ut
738 652 966 715 admonerentur
988 654 1115 716 heroum
1134 650 1272 732 exemplis
1295 649 1470 720 auditores,

294 772 367 834 quae
386 761 467 815 esset
485 754 676 817 humanitatis
694 755 836 829 conditio,
855 755 905 836 qui
923 756 1031 819 modus
1045 755 1077 817 in
1091 754 1195 827 rebus,
1214 752 1264 832 qui
1278 754 1369 827 fines,
1385 770 1469 831 quos

295 856 394 934 egredi
410 856 580 919 mortalibus
597 875 657 918 non
672 856 786 931 liceret3
800 858 884 937 eique
899 858 1022 920 consilio
1035 874 1126 937 quum
1142 864 1244 928 celera,
1260 865 1328 918 tum
1339 854 1469 919 Achillis

294 958 419 1021 maxime
443 977 601 1038 personam
621 960 871 1023 accommodatam
892 979 967 1022 esse.
1015 960 1148 1040 Proponi
1168 959 1248 1023 enim
1273 958 1358 1021 hunc
1375 956 1469 1020 initio

294 1061 412 1141 qaridem
427 1063 500 1125 iacta
513 1061 568 1123 sibi
584 1061 686 1127 iniuria
701 1061 924 1125 necimmerito
941 1063 1056 1135 hatum,
1072 1082 1155 1135 mox,
1175 1079 1267 1142 quum
1285 1061 1420 1123 modum
1435 1059 1471 1121 in

293 1162 335 1227 ira
355 1164 475 1227 excedat
492 1173 521 1225 et
535 1181 572 1227 ne
591 1163 780 1227 satisfacienti
806 1164 926 1244 quidem
953 1165 1097 1227 mmulate
1122 1164 1288 1227 adversario
1317 1163 1469 1243 placetur,

293 1284 410 1346 gravem
430 1265 528 1346 ipsum
549 1266 664 1347 culpam
684 1267 870 1331 contrahere:
890 1268 969 1332 hanc
987 1268 1149 1347 graviorem
1166 1268 1231 1329 lieri
1248 1285 1299 1338 eo,
1326 1264 1415 1344 quod
1434 1263 1469 1325 in

293 1387 412 1433 surnmo
426 1387 525 1433 rerum
542 1368 713 1433 discrimine
726 1367 861 1433 nonnihil
876 1369 1008 1448 quidem,
1023 1388 1118 1450 neque
1132 1379 1230 1432 tamen
1244 1375 1395 1448 quantum
1412 1368 1468 1428 de-

293 1471 384 1545 beret,
397 1472 432 1533 de
443 1471 599 1552 pertinacia
606 1472 742 1545 remittat,
754 1470 948 1550 quamobrem
959 1490 1029 1535 moa
1040 1471 1201 1552 eipoenam
1209 1470 1333 1550 imponi,
1345 1468 1467 1550 gravis-

293 1574 370 1635 simo
392 1574 449 1654 ipsi
470 1574 587 1639 vulnere
610 1573 696 1635 amici
714 1581 811 1635 morte
828 1573 952 1648 indicto,
976 1574 1011 1636 ad
1032 1593 1120 1653 quam
1139 1572 1342 1639 uindicandam
1366 1590 1468 1655 qurum

293 1695 398 1739 rursus
416 1696 506 1757 supra
521 1677 645 1739 modion
658 1676 692 1739 in
707 1675 771 1737 eius
786 1675 1003 1741 interfectorem
1020 1675 1172 1749 saevisset,
1188 1683 1342 1755 postremo
1360 1682 1468 1739 tamen

292 1780 416 1845 deorum
428 1780 561 1858 ipsorum
579 1778 780 1857 obiurgatione
790 1778 960 1858 Priamique
973 1778 1053 1842 senis
1065 1778 1201 1858 precibus
1211 1786 1241 1838 et
1255 1777 1469 1841 admonitione

295 1883 330 1943 ad
346 1881 577 1942 moderationem
593 1881 795 1959 humanaeque
812 1880 902 1943 sortis
917 1880 1151 1945 recordationem
1166 1879 1304 1943 remeari.
1334 1878 1468 1941 Praedi-

295 1991 472 2047 cantantem
488 2002 580 2062 equum
595 1982 766 2063 sapientiam
782 1990 895 2063 poetae,
911 1982 961 2063 qui
975 1983 1033 2044 tale
1047 1982 1235 2061 potissimum
1250 1989 1467 2063 argrrmentum

293 2094 353 2148 tarn
366 2104 451 2166 grave
462 2094 580 2164 tamque
592 2085 714 2165 tragicae
730 2085 881 2147 cuiusdam
896 2084 1044 2164 dignitatis
1055 2085 1175 2164 plenam
1191 2103 1227 2145 ex
1241 2084 1324 2147 omni
1336 2085 1466 2146 Troica·

291 2207 360 2255 rum
373 2187 535 2253 fabularum
542 2187 730 2251 multitudine
738 2187 796 2249 sibi
804 2187 986 2251 mactandum
995 2187 1121 2266 elegerit,
1133 2196 1195 2251 mm
1203 2186 1467 2267 verosingularem

293 2310 479 2372 prorsusque
494 2290 620 2353 divinam
636 2298 727 2353 artem
743 2289 774 2350 in
789 2290 854 2370 ipsa
873 2290 936 2353 eius
952 2289 1132 2352 tractatione.
1177 2289 1294 2369 Quippe
1308 2288 1467 2369 ingentem

296 2414 393 2457 rerum
409 2394 574 2455 varietatem
590 2392 633 2454 sic
646 2401 745 2455 tamen
759 2412 826 2457 esso
839 2390 1027 2471 dispositam,
1043 2399 1076 2451 ut
1089 2390 1186 2453 unitas
1200 2392 1365 2471 argumenti
1385 2411 1466 2455 nus-

295 2516 385 2576 quam
399 2514 462 2559 non
477 2503 629 2575 appareat,
650 2495 837 2561 secundariae
857 2502 955 2573 partes
975 2509 1080 2557 omnes
1100 2493 1151 2554 uni
1174 2494 1330 2574 primariae
1348 2496 1464 2558 actioni

295 2606 363 2678 apte
378 2598 553 2677 implicatas,
568 2604 601 2659 ul
615 2597 642 2660 ei
659 2597 847 2661 illustrandae
862 2594 970 2659 murum
987 2604 1131 2675 quantum
1147 2596 1317 2671 inserviant,
1337 2606 1462 2661 actuum

295 2700 379 2780 quasi
394 2701 422 2762 in
438 2701 567 2763 dramate
581 2717 781 2778 progressum,
796 2705 829 2761 at
843 2719 860 2759 a
875 2697 987 2778 protasi
1001 2717 1054 2778 per
1068 2698 1192 2779 epitasin
1207 2698 1363 2780 variasque
1378 2702 1462 2781 peri-

295 2804 388 2884 petias
408 2803 443 2865 ad
465 2801 671 2880 catastrophen
690 2801 815 2880 denique
840 2802 1039 2880 wrenmtur:
1064 2802 1097 2861 in
1115 2802 1250 2863 moribus
1266 2802 1310 2862 vel
1330 2804 1461 2865 deorum

297 2907 340 2969 vel
356 2905 509 2967 hominum
525 2902 696 2982 effingendis
712 2920 860 2965 summam
875 2902 1034 2966 sollertiam
1049 2911 1078 2964 et
1093 2902 1336 2983 aequabilitatem,
1358 2906 1391 2968 in
1408 2906 1461 2967 de-

296 3006 457 3069 scribendis
478 3006 566 3071 rebus
580 3002 622 3066 'et
634 3005 720 3084 quasi
739 3012 805 3067 anta
825 3006 926 3069 oculos
948 3005 1092 3085 ponendis
1112 3005 1312 3068 admirabilem
1339 3009 1462 3089 perspi-

296 3109 446 3181 cuitatem,
461 3109 587 3186 denique
601 3105 630 3169 in
647 3106 729 3169 omni
744 3107 885 3171 orationis
901 3107 1134 3170 conformatione
1153 3116 1239 3188 atque
1259 3108 1362 3173 habitu
1380 3111 1461 3173 nati-

296 3231 359 3273 vam
376 3220 406 3272 et
420 3210 563 3275 sinceram
577 3209 748 3288 elegantiam
765 3209 847 3273 omni
861 3209 945 3271 laude
958 3210 1110 3271 maiorem.
1151 3210 1342 3274 Haerentem
1358 3213 1461 3274 omnia

295 3312 440 3374 eiusmodi
455 3331 528 3385 esse,
544 3329 618 3389 qnae
632 3310 706 3373 ellici
721 3310 779 3375 nisi
792 3311 881 3373 unius
897 3311 1007 3374 summi
1021 3320 1126 3392 poetae
1140 3313 1256 3392 ingenio
1271 3330 1333 3375 non
1349 3322 1460 3395 potue·

295 3415 363 3489 rint,
379 3415 428 3495 qui
443 3414 510 3477 licet
523 3412 644 3473 aliorum
661 3422 814 3492 poetarum
829 3413 1051 3479 caremtenam
1065 3414 1164 3494 operis
1178 3415 1225 3477 sui
1238 3417 1461 3496 compositione

296 3536 370 3579 usus
386 3517 431 3589 sit,
447 3515 582 3577 -cuius
598 3516 640 3577 rei
653 3515 765 3595 passim
780 3516 885 3579 indicia
896 3516 1084 3596 deprehendi,
1099 3552 1139 3567 ν-
1149 3518 1194 3580 sic
1208 3526 1303 3581 tamen
1319 3519 1356 3581 iis
1367 3538 1458 3583 usum

296 3639 372 3691 esse,
387 3626 419 3679 ut
434 3638 468 3678 er
484 3617 585 3680 alienis
600 3637 655 3680 sua
670 3619 785 3693 laceret,
801 3636 887 3685 suam
901 3618 936 3681 iis
949 3626 1051 3681 notam
1067 3619 1257 3698 imprimeret,
1270 3640 1356 3684 suam
1372 3623 1459 3704 quasi

267 3786 273 3795 ,
296 3723 422 3783 animam
439 3720 602 3799 inspiraret
631 3720 726 3799 dique
739 3719 784 3783 sie
797 3729 907 3785 tautam
922 3722 1048 3785 erasisse
1062 3720 1158 3784 iliadis
1173 3723 1322 3799 unitatem,
1338 3733 1459 3805 tamque

296 3823 526 3885 indissolubilem
541 3822 667 3902 partium
684 3842 869 3904 compagem,
887 3825 960 3887 atsi
974 3824 1042 3904 quis
1055 3824 1133 3885 banc
1144 3843 1164 3885 a
1177 3843 1208 3886 se
1222 3825 1342 3889 dissolri
1359 3828 1457 3890 ruia-

295 3943 431 4003 rumque,
456 3944 530 4003 qnae
552 3925 658 3987 interra
680 3925 753 3998 sint,
776 3926 938 3991 carminum
959 3924 1107 4006 conquam
1129 3934 1160 3988 et
1179 3928 1305 3989 nativam
1327 3932 1455 3993 termam

295 4026 413 4105 agnosci
429 4046 518 4106 posse
533 4028 673 4100 confidat,
694 4062 737 4074 --
752 4028 781 4090 id
796 4028 874 4108 quod
889 4027 1097 4091 Lachmannus
1115 4028 1220 4109 aliique
1233 4031 1397 4107 votuerunt,
1413 4068 1455 4079 ·-

294 4128 319 4191 is
335 4128 426 4191 nimio
440 4128 575 4191 acumine
585 4130 725 4195 caecatire
739 4130 985 4211 intelligendoque
999 4130 1070 4193 nibil
1080 4130 1239 4211 intelligere
1252 4132 1394 4196 dicendus
1407 4134 1455 4195 sit.

379 4231 556 4317 lieecatque
582 4234 646 4297 talia
668 4250 759 4317 quam
783 4249 878 4315 nuper
892 4252 909 4295 a
923 4233 1070 4300 Nitasohio
1086 4240 1232 4308 accurate,
1259 4243 1293 4299 ut
1306 4237 1397 4311 solet,
1425 4244 1453 4295 er
