3266 5140
829 430 891 491 464

364 618 552 698 Aliquantum
571 617 713 697 temporis
731 615 885 695 bogislaus
904 617 992 679 etiam
1011 617 1158 680 venationi
1172 617 1267 693 dabat,
1281 636 1344 680 non
1357 620 1435 681 ludr-

282 737 347 781 erae
362 719 400 781 illi
415 729 444 781 et
458 720 552 793 inerti,
568 738 641 800 quae
656 718 787 781 imbelles
801 718 877 780 feras
891 726 942 782 aut
955 719 1098 782 celeriute
1113 738 1232 796 canum,
1246 729 1297 784 aut
1311 722 1434 784 telorum

281 822 396 883 eminus
411 822 571 884 missorum
591 821 682 895 iactu,
703 829 752 883 aut
770 829 837 882 astu
856 829 885 883 et
903 821 1018 884 insidiis
1034 832 1160 904 superat,
1174 823 1227 885 sed
1242 823 1311 886 huic
1323 823 1392 886 lorti
1406 833 1436 885 et

281 923 369 998 virili,
385 943 458 1004 quae
472 925 577 987 bellum
598 924 672 1004 gerit
691 942 757 986 eum
781 923 881 986 bestiis
901 925 1107 999 leroobsimis‚
1129 944 1205 1006 quae
1223 925 1312 989 mam
1331 932 1434 989 tenua

280 1034 358 1089 stara
369 1027 493 1089 audeant
507 1037 536 1089 et
550 1026 688 1105 congredi
702 1044 770 1089 oum
785 1026 878 1098 hoste,
892 1044 946 1089 nec
961 1026 1025 1089 sine
1039 1028 1168 1107 periculo
1182 1029 1350 1103 vincantur,
1366 1046 1433 1091 ctam

279 1131 367 1210 apris,
378 1130 463 1210 lupis,
478 1129 565 1202 ursis,
580 1147 707 1209 quorum
722 1128 872 1189 etiamtum
883 1146 986 1209 magna
1001 1138 1063 1192 erat
1076 1130 1107 1192 in
1117 1131 1164 1193 his
1175 1131 1261 1194 terris
1270 1130 1434 1201 multitudo,

279 1242 309 1294 et
322 1252 441 1314 magnas
456 1251 544 1313 saepe
559 1231 634 1293 arvis
650 1249 685 1292 ac
698 1230 833 1310 gregibus
848 1230 979 1311 ipsisque
994 1232 1162 1296 bominibus
1177 1234 1272 1297 clades
1284 1233 1433 1303 inferebat,

281 1343 313 1396 ut
330 1335 385 1397 illis
404 1334 538 1396 extinctis
557 1334 643 1396 etiam
665 1334 772 1395 horum
792 1332 958 1395 commodis
977 1351 1039 1395 non
1058 1333 1244 1398 mediocriter
1268 1335 1434 1398 consultum

279 1438 433 1499 rideretur.
454 1472 491 1481 -
506 1437 583 1498 llaec
598 1442 694 1497 autem
713 1434 809 1496 studia
824 1434 854 1495 in
869 1434 1003 1514 llogislao
1023 1445 1182 1518 temperata
1198 1446 1281 1500 erant
1295 1438 1370 1500 mim
1386 1456 1434 1499 ar·

279 1541 316 1601 tis
332 1540 460 1601 musicae
474 1557 582 1600 amore.
612 1538 673 1600 llac
686 1558 719 1600 se
734 1537 866 1598 omnium
881 1536 1006 1600 maxime
1021 1538 1195 1614 oblectabat,
1211 1549 1244 1602 ut
1257 1540 1372 1619 quoties
1385 1558 1434 1601 re-

232 1657 263 1707 25
283 1641 442 1723 quiesceret
456 1661 472 1702 a
487 1641 611 1721 negotiis
626 1648 655 1700 et
669 1639 829 1713 laboribus,
850 1638 950 1701 lldium
967 1660 1000 1701 se
1014 1660 1049 1702 ae
1063 1640 1198 1705 tibiarum
1221 1650 1308 1704 cantu
1321 1660 1434 1705 recrea-

279 1753 332 1806 ret
361 1744 398 1806 Et
415 1743 538 1805 babebat
556 1743 638 1805 domi
657 1761 727 1805 suae
747 1741 892 1822 egregiam
910 1741 1093 1805 musicomm
1111 1745 1255 1807 artificum
1270 1744 1432 1816 cohortem,

214 1912 219 1927 g
279 1845 392 1926 qualem
411 1845 457 1907 illa
471 1852 561 1907 aetate
576 1844 621 1905 vix
636 1844 666 1906 in
685 1844 883 1907 maximorum
902 1862 1004 1924 regum
1022 1845 1096 1908 aulis
1116 1846 1268 1926 reperires.
1284 1845 1434 1909 -Etiam

280 1970 295 2010 a
310 1949 400 2012 literis
416 1949 501 2011 talem
516 1948 646 2010 animum
661 1965 723 2009 non
737 1947 863 2009 ebenum
879 1945 980 2020 luisse,
989 1947 1032 2009 rix
1049 1967 1127 2028 opus
1142 1958 1433 2012 estcommemorare.

280 2051 463 2132 Quamquam
484 2049 514 2111 in
532 2048 579 2111 bis
599 2066 636 2110 ne
656 2047 725 2128 quid
744 2047 889 2127 insignius
904 2057 996 2121 esset,
1012 2049 1124 2113 obstitit
1139 2069 1229 2131 quum
1244 2051 1373 2131 Bogislai
1387 2050 1433 2113 iu·

279 2162 395 2226 ventus,
415 2170 481 2214 sero
501 2151 619 2213 demum
640 2151 733 2231 aliqua
754 2150 898 2212 bonarum
922 2151 1027 2213 artium
1047 2153 1213 2232 cognitione
1227 2153 1351 2225 imbuta,
1370 2162 1432 2214 tum

280 2272 347 2317 vero
363 2258 494 2334 ipsarum
510 2253 656 2315 literarum
676 2252 732 2314 illis
753 2251 936 2331 temporibus
955 2253 987 2314 in
1006 2254 1174 2328 Germania,
1194 2255 1267 2318 etin
1280 2256 1335 2319 bac
1347 2274 1432 2336 prae·

280 2358 382 2419 sertim
397 2354 567 2417 Germaniae
582 2362 672 2435 parte.
688 2356 783 2417 torma
798 2362 826 2414 et
841 2354 979 2415 conditio.
1010 2356 1061 2418 lix
1076 2357 1155 2419 enim
1170 2357 1290 2437 depulsa
1301 2358 1432 2437 priorum

280 2458 463 2521 saeculorum
478 2455 618 2527 barbarie,
633 2454 820 2517 humanitatis
840 2454 923 2533 quasi
942 2456 1060 2536 quidam
1079 2457 1195 2537 igniculi
1215 2478 1249 2520 ex
1269 2457 1388 2521 Graecia
1403 2459 1433 2520 in

279 2558 389 2622 ltaliam
409 2565 496 2636 atque
514 2556 581 2619 inde
600 2556 630 2617 in
652 2562 761 2616 ceteras
782 2555 916 2635 Europae
938 2566 1036 2638 partes
1058 2559 1180 2622 dilllmdi
1199 2569 1372 2641 coeperant:
1386 2560 1433 2622 vix

280 2660 433 2738 glandibus
454 2659 589 2720 homines
608 2658 684 2719 vesci
711 2656 859 2719 desierant
877 2666 906 2718 et
925 2659 1059 2738 lrugibus
1079 2661 1284 2731 adsueverant,
1306 2662 1364 2723 boo
1378 2671 1432 2732 est,

279 2763 387 2844 spretis
402 2762 457 2824 illis
472 2760 612 2823 barbarae
626 2759 796 2840 disciplinae
811 2759 891 2821 tricis
906 2768 936 2821 et
950 2761 1121 2841 quisquiliis,
1136 2782 1208 2842 quas
1223 2762 1292 2825 olim
1307 2783 1362 2844 pro
1378 2782 1432 2825 ne-

279 2864 340 2927 scio
362 2882 419 2944 qua
438 2861 579 2944 sapientia
598 2861 696 2924 stolidi
717 2861 848 2942 magistri
868 2863 998 2942 stupenti
1017 2865 1127 2944 populo
1148 2864 1342 2937 venditarent,
1363 2866 1432 2945 quid

279 2983 378 3027 verum
393 2973 479 3037 esset,
492 2963 562 3043 quid
577 2963 722 3042 pulcrum,
737 2962 805 3041 quid
822 2963 962 3026 decorum
974 2974 1004 3027 et
1017 2965 1116 3027 animo
1131 2965 1289 3028 excolendo
1304 2964 1433 3046 vitaeque

279 3067 444 3131 immaniter
463 3066 591 3144 agendae
611 3068 808 3135 fructuosum,
829 3064 1006 3129 Graecomm
1025 3086 1060 3129 ao
1077 3067 1280 3131 Romanorum
1298 3068 1432 3148 exemplo

279 3178 307 3232 et
322 3169 485 3249 praeceptis
500 3168 612 3229 disame
627 3174 793 3246 coeperant.
825 3167 968 3230 Gliscebat
986 3170 1133 3248 paullatim
1153 3170 1254 3232 sanior
1269 3168 1433 3248 dissipium

278 3271 376 3335 sedin
391 3271 468 3333 banc
482 3278 614 3331 nostmm
629 3267 831 3331 Pomeraniam
852 3288 919 3331 saro
939 3270 1015 3333 viam
1035 3271 1152 3334 invenit.
1181 3271 1320 3335 intellexit
1335 3280 1431 3333 tamen

279 3373 335 3435 iam
352 3382 414 3435 tum
430 3370 590 3451 bogislaus,
607 3379 750 3449 quantum
765 3380 843 3432 esset
857 3370 887 3433 in
903 3372 993 3433 literis
1007 3373 1144 3453 praesidii
1160 3383 1189 3435 et
1202 3375 1239 3436 ad
1254 3392 1317 3435 rem
1332 3371 1431 3452 publi·

279 3495 342 3537 cam
357 3475 433 3537 bene
448 3472 707 3536 administrandam
722 3483 751 3535 et
770 3474 804 3533 ad
825 3492 943 3535 onmem
964 3473 1035 3536 vitae
1054 3473 1198 3536 rationem
1218 3472 1370 3536 salubriter
1385 3472 1431 3534 in-

279 3577 469 3649 stituendam,
484 3577 639 3638 doctomm
655 3575 809 3638 honrinum
826 3574 1013 3636 sermonibus
1033 3574 1155 3637 libenter
1173 3574 1318 3638 utebatur:
1333 3575 1430 3638 litera-

278 3697 346 3742 rum
365 3680 522 3760 magistros
541 3680 654 3741 bonore
672 3685 701 3738 et
720 3676 856 3758 praemiis
877 3676 1011 3749 ornabat,
1031 3677 1215 3740 Academiam
1235 3685 1383 3752 nostram,
1398 3696 1432 3737 se

278 3781 400 3861 puerulo
415 3780 569 3852 conditam,
579 3779 733 3841 liberaliter
744 3776 869 3846 fovebat,
885 3778 1017 3859 danique,
1028 3799 1120 3860 quum
1135 3799 1170 3841 ex
1179 3778 1310 3842 orientali
1318 3777 1430 3850 itinere,

230 3892 263 3945 26
280 3883 316 3945 de
330 3903 389 3962 quo
404 3890 474 3962 post
487 3882 641 3944 dicendum
657 3881 720 3954 erit,
736 3880 764 3941 in
781 3879 904 3960 patriam
919 3881 1033 3956 rediret,
1048 3882 1158 3946 nullum
1179 3902 1211 3944 se
1226 3880 1374 3962 pretiosus
1388 3880 1429 3941 oi·

278 3983 361 4047 vibus
376 3985 438 4046 suis
453 4002 562 4046 munus
577 4002 613 4044 ex
626 3982 704 4045 ltalia
719 3984 829 4045 relerro
844 4002 933 4061 posse
948 3984 1066 4064 putavit,
1083 4003 1169 4065 quam
1182 3984 1302 4046 Petrum
1316 3983 1429 4045 Raven-

277 4096 384 4161 natem,
399 4087 508 4150 clarum
524 4085 570 4147 illa
586 4090 678 4146 aetate
692 4084 844 4165 multiplici
859 4084 991 4147 doctrina
1007 4086 1114 4159 vnum,
1133 4086 1183 4165 qui
1198 4084 1311 4166 magnis
1326 4083 1429 4163 Bagis·

277 4189 314 4251 lai
337 4189 475 4270 praemiis
500 4185 636 4249 inritatus
665 4202 723 4248 una
744 4205 813 4249 cum
834 4187 894 4248 lilio
920 4186 1068 4249 Vincentio
1092 4186 1267 4266 aliquamdiu
1281 4185 1358 4266 apud
1373 4202 1431 4247 nos

278 4310 381 4372 magna
400 4309 468 4354 cnm
487 4287 577 4367 gloria
596 4287 703 4351 docuit
722 4322 764 4335 -
788 4287 936 4367 Imprimis
957 4296 1053 4352 autem
1072 4288 1210 4352 historiae
1228 4287 1353 4369 cupidus
1377 4287 1433 4349 luit

277 4391 443 4471 bogislaum
463 4398 492 4450 et
511 4388 576 4450 licet
594 4388 657 4468 ipse
677 4408 737 4452 non
756 4390 879 4451 aliorum
899 4391 1038 4470 exemplis
1058 4392 1110 4452 aad
1132 4409 1184 4453 sua
1206 4400 1310 4453 natura
1326 4391 1431 4453 duetus
