3284 5152
708 461 858 561 Q

203 658 305 734 saepto
322 649 417 714 tuisse
434 650 571 714 norimus
585 648 635 726 (ec
650 649 804 732 Antiquitt
819 669 861 733 gr.
877 658 951 715 tom.
965 650 993 715 11
1007 672 1037 734 p.
1053 650 1145 731 413),
1165 668 1222 715 nec
1235 650 1361 718 dubitmi

202 761 316 837 potest,
331 753 403 834 quin
418 752 490 818 haec
503 754 571 829 sint,
584 771 661 835 puae
675 754 792 833 στέγαι
806 772 824 816 a
838 755 948 817 Creusa
962 754 1100 818 dicuutur
1114 762 1146 817 et
1160 755 1251 832 ναοῖς
1265 775 1360 839 oppo-

202 863 324 920 nuntur.
353 856 428 919 Nam
448 850 580 937 στέγαι,
600 856 668 919 licet
686 856 759 919 nihil
780 856 879 921 obstet
898 876 958 938 quo
977 857 1076 919 minus
1091 856 1178 920 etiam
1194 858 1362 940 tempesto

201 960 352 1036 dicautur,
372 962 406 1021 ut
424 959 501 1041 apud
522 959 692 1041 Euripidem
711 960 743 1022 iu
763 960 831 1024 Hoc
851 978 877 1021 r.
903 959 999 1035 1008,
1020 946 1117 1023 οἶσθ’
1137 945 1195 1022 οὖν
1209 951 1360 1049 Ἀθάνας

198 1058 296 1143 Ἰλίας
316 1064 371 1130 ἵνα
392 1057 520 1144 στέγαι,
542 1064 628 1143 νιιΙρο
643 1062 794 1126 tumendo
808 1062 947 1126 humanis
962 1061 1152 1143 potissimum
1167 1062 1287 1155 aedibus
1302 1063 1359 1127 dici

201 1169 285 1233 solet.
321 1167 425 1231 Nescio
438 1172 549 1239 ‚autem
568 1182 606 1226 au
626 1183 694 1243 vera
714 1165 859 1248 scriptura
879 1164 952 1228 haec
971 1164 1043 1228 olim
1063 1164 1168 1229 tuerit:
1190 1165 1301 1229 ναοῖσι
1324 1157 1358 1227 δ’

200 1262 303 1345 οἰκεῖς
325 1259 349 1353 ἢ
369 1260 461 1342 τίνας
481 1262 566 1329 κατά
587 1259 721 1350 στέγας
742 1285 894 1350 quumque
916 1284 1081 1348 pronomen
1099 1266 1189 1343 τίνας
1202 1266 1359 1332 excidisset

199 1391 302 1437 versus
316 1371 452 1454 explendi
468 1387 555 1432 causa
570 1368 640 1432 idud
652 1364 765 1434 τοῖσδέ
778 1361 811 1453 y'
821 1370 859 1433 ab
869 1370 966 1450 aliquo
976 1375 1144 1433 correctore
1154 1370 1298 1435 insertum
1309 1371 1357 1437 sit

286 1473 456 1555 Respondet
469 1471 523 1534 lou
537 1489 565 1533 r.
582 1469 659 1534 328:

373 1565 464 1638 ἅπαν
485 1569 567 1636 used
587 1591 648 1654 μοι
671 1563 757 1653 δῶμ’
780 1564 820 1635 ἵν’
842 1561 882 1635 do
902 1566 991 1658 λάβῃ
1012 1564 1051 1653 μ’
1073 1564 1187 1648 ὕπνος,

198 1686 312 1743 certum
326 1677 415 1759 igitur
429 1696 462 1739 se
476 1675 674 1740 habitaculum
688 1675 797 1739 habere
807 1681 902 1758 negat,
918 1676 969 1739 sed
981 1677 1011 1738 in
1022 1693 1198 1759 quacunque
1208 1675 1255 1741 dei
1267 1676 1357 1744 domo

194 1798 319 1845 somnus
340 1798 373 1842 se
388 1779 587 1860 occupaverit,
607 1787 747 1860 tanquam
762 1778 793 1841 iu
807 1798 861 1843 sna
875 1789 1057 1860 pernoctare.
1087 1776 1241 1860 dluspravii
1256 1782 1357 1846 conie-

193 1892 309 1948 cturam
328 1881 510 1946 aBadhamo
526 1881 695 1961 adoptatam
711 1872 904 1958 ἁπανταχοῦ
918 1899 974 1962 pro
988 1873 1080 1943 ἅπαν
1093 1878 1177 1945 θεοῦ
1192 1882 1355 1948 admodum

193 1987 359 2070 speciosam
373 2004 439 2049 esse
453 1984 591 2057 demur,
605 1982 800 2046 necessariam
816 2001 880 2046 esse
895 2000 956 2045 nou
971 1983 1129 2046 credimus.
1158 1984 1261 2049 Potest
1276 1986 1356 2050 euim

193 2089 328 2153 codicum
343 2087 486 2169 scriptura
500 2085 544 2148 sic
558 2085 685 2160 defendi,
700 2095 734 2148 ut
750 2082 855 2165 δῶμα,
871 2085 939 2148 licet
953 2070 1046 2149 semel
1060 2085 1201 2169 positum,
1216 2088 1261 2152 bis
1276 2090 1356 2173 σαρί-

192 2191 317 2255 mudum
340 2209 405 2254 esse
430 2189 576 2261 dicamus,
611 2179 702 2250 ἅπαν
728 2188 813 2252 θεοῦ
839 2182 934 2268 δῶμά
958 2208 1017 2268 μοι
1043 2181 1140 2267 δῶμά
1168 2183 1257 2270 ἐστι,
1287 2210 1356 2257 cum

191 2294 349 2357 Matthieeo
365 2299 404 2366 et
419 2310 509 2373 quem
523 2289 695 2365 ducitavit,
710 2289 879 2352 Hermanno
891 2289 928 2352 ad
940 2291 1030 2371 Soph.
1045 2290 1168 2355 Peneos
1180 2311 1207 2355 r.
1219 2292 1270 2357 81.
1295 2294 1356 2358 Nec

193 2398 322 2460 multum
337 2396 433 2459 differt
448 2391 528 2474 quod
542 2392 574 2453 in
588 2392 702 2474 prologi
717 2392 797 2456 exitu
810 2391 946 2473 legimns,
961 2388 1140 2471 Παλλάδος
1154 2386 1266 2458 ἔνοιιιο
1276 2389 1356 2477 τρά·

184 2510 282 2585 ’φιμα
313 2493 470 2579 μέλαθρα
502 2494 570 2557 τῶν
602 2489 689 2575 ἐμῶν
716 2490 894 2575 τυράννοιν,
927 2496 957 2557 h.
985 2514 1011 2558 e.
1039 2492 1218 2574 Παλλάδος
1243 2489 1356 2562 dorne

191 2598 347 2683 μέλαθρα
366 2594 517 2683 τρόφιμα
538 2591 694 2678 μέλαθρά
708 2589 781 2660 ἔστι
795 2592 858 2659 τῶν
872 2590 959 2676 ἐμῶν
973 2593 1150 2679 τοράννωνε
1173 2618 1355 2683 quemquem

190 2712 321 2787 praestat
339 2702 379 2765 ibi
400 2702 527 2765 fortasse
546 2693 702 2763 Παλλάδι
723 2694 861 2763 σύνοικα
875 2700 973 2764 scribi.
989 2734 1031 2747 -
1048 2702 1170 2766 Scidleri
1184 2704 1355 2775 coniectura

192 2798 284 2870 άπαν
302 2802 342 2870 τδ
362 2802 462 2881 θεοῦ,
484 2821 573 2884 quem
589 2803 775 2865 Hermaeum
796 2802 851 2865 sihi
871 2821 933 2865 non
953 2803 1106 2886 displicere
1125 2806 1278 2888 professus
1298 2815 1354 2883 est,

191 2909 265 2974 mihi
281 2909 378 2973 miuus
394 2906 544 2989 probanda
559 2904 683 2969 videtur.
708 2904 824 2968 Diceret
837 2905 917 2967 emm
932 2905 976 2969 sic
988 2905 1051 2981 lon,
1067 2924 1129 2970 uou
1143 2908 1355 2990 quamlibet

192 3013 330 3088 domum,
350 3028 426 3093 puae
441 3008 489 3072 dei
501 3014 595 3081 esset,
612 3008 664 3070 sed
679 3011 799 3070 totum
815 3008 959 3105 tempium
973 3008 1029 3072 sibi
1043 3027 1097 3091 pro
1112 3010 1261 3075 domicilio
1277 3032 1352 3076 esse.

191 3114 281 3198 Atqui
293 3113 365 3178 illud
380 3112 485 3175 saitem
499 3111 586 3192 louge
600 3109 823 3175 convenientius
837 3109 980 3185 arbitror,
995 3108 1140 3194 siquidem
1156 3110 1252 3193 δῶμα
1266 3112 1352 3181 θεοῦ

190 3217 249 3280 dici
267 3217 366 3298 potnit
384 3232 444 3278 uua
458 3231 593 3296 quaeque
608 3211 749 3276 hahitatio
763 3212 794 3274 iu
809 3212 912 3294 templi
926 3222 1085 3297 consaepto
1100 3218 1304 3284 sacerdotibus
1318 3237 1354 3285 ac

190 3318 336 3383 ministris
349 3318 510 3390 demae,
524 3333 622 3397 neque
636 3332 770 3397 unquam
785 3315 817 3377 in
832 3314 914 3381 omni
929 3317 1040 3399 templo
1054 3319 1106 3381 sed
1120 3327 1236 3384 tautum
1251 3320 1283 3385 in
1298 3322 1352 3387 di.

191 3439 251 3504 que
271 3428 355 3502 parte
376 3420 429 3483 lon
451 3419 557 3483 cubare
577 3418 685 3501 potuit.
719 3417 780 3492 Qut
797 3425 898 3480 antem
918 3416 956 3480 ab
969 3419 1120 3502 Hartuugo
1142 3422 1178 3485 ad
1197 3441 1352 3488 commen-

191 3524 318 3588 dandum
334 3521 455 3586 Seidleri
475 3522 676 3585 coniecturam
690 3520 813 3584 udonus
827 3538 930 3584 versus
944 3521 1092 3604 Euripidis
1108 3525 1138 3602 (e
1152 3523 1352 3591 Plutarchada

190 3627 258 3692 exii.
286 3646 315 3709 p.
331 3626 394 3690 000
414 3631 444 3689 et
464 3624 583 3688 Stobaei
601 3623 701 3687 eterit.
720 3631 744 3685 t.
765 3622 828 3704 LX)
854 3614 945 3698 ἅπας
969 3642 1029 3704 μοι
1054 3618 1180 3709 πάρμας
1194 3618 1353 3711 Ἑλλήνων

189 3724 325 3812 πάτρις,
339 3744 401 3791 non
415 3727 499 3791 video
515 3726 586 3809 qnid
600 3727 637 3789 ed
651 3744 715 3789 rem
730 3724 826 3788 iaciat.
856 3724 931 3788 Nam
946 3725 1029 3790 abest
1042 3725 1082 3789 ibi
1097 3727 1246 3804 articulus,
1262 3749 1352 3812 quom

191 3833 340 3899 Seidlerus
354 3837 458 3894 nostro
473 3829 569 3893 versui
583 3830 674 3893 inseri
687 3828 788 3906 voluit,
803 3846 859 3892 uec
872 3835 933 3891 tota
948 3829 1043 3910 edique
1058 3829 1149 3893 turris
1162 3829 1350 3913 significatum,

189 3937 242 4000 scd
257 3933 387 4018 quaeris.

275 4038 380 4101 Narrat
393 4053 483 4118 porro
497 4034 550 4098 lon
565 4053 597 4097 se
616 4034 774 4116 puerulum
794 4034 826 4099 iu
846 4034 1135 4117 tempium'dclatum
1152 4052 1190 4097 ue
1204 4037 1349 4107 nutricem

190 4139 406 4221 quidomsusm
421 4156 519 4212 nosse,
534 4137 586 4200 sed
601 4137 735 4220 Pythium
749 4138 942 4213 sacerdotem,
958 4157 1032 4222 quse
1044 4160 1078 4205 se
1091 4141 1269 4218 οδοοιτοτίι,
1283 4161 1349 4208 nte·

189 4241 245 4305 tris
259 4241 353 4308 instar
366 4241 490 4307 habere:

692 4333 716 4426 d
737 4333 770 4407 δ’
791 4334 920 4423 ἔθαψέ
939 4363 981 4423 με
991 4379 1034 4391 -

390 4445 518 4528 Φοίβου
539 4445 717 4531 προφῆτις,
737 4436 850 4540 μητέρ’
871 4433 916 4522 ῶς
936 4438 1118 4531 νομίζομεν.
1211 4534 1217 4544 ο
