3190 5136
852 467 924 566 1⁷9.

303 655 356 716 sed
371 653 443 733 ipsis
459 654 508 733 qui
523 653 707 735 deliquerunt
721 654 863 735 apparuit.
893 655 1037 738 Loquitur
1045 658 1125 719 enim
1142 658 1250 720 chorus
1264 658 1302 719 de
1313 658 1417 721 Paride
1433 670 1463 721 et

304 757 454 819 Troianis:
471 758 526 818 hos
541 757 618 823 loris
629 757 788 819 uindictam
803 768 941 838 expertos
956 779 1035 835 esse,
1050 762 1219 841 horumque
1231 761 1364 842 exemplo
1379 770 1462 842 poto-

305 858 379 934 lieri,
399 878 460 922 non
479 860 623 940 impunita
644 880 710 921 osse
729 861 884 924 hominum
905 863 980 925 male
999 865 1081 925 facta.
1110 864 1209 943 ltaque
1228 863 1341 925 etiamsi
1362 883 1461 925 remim

305 971 357 1037 est,
372 962 516 1024 maiorum
532 962 635 1024 delicta
650 980 861 1043 saepenumero
876 966 1031 1045 aposteris
1046 966 1166 1029 demum
1180 967 1229 1039 lui,
1245 975 1344 1028 tamen
1360 967 1390 1028 in
1405 968 1464 1028 hoe

306 1072 442 1126 contextu
457 1067 532 1128 hane
547 1066 721 1127 sententiam
736 1083 796 1127 non
813 1075 912 1147 eptem
928 1086 994 1129 esse
1016 1078 1144 1149 apparet
1173 1069 1282 1131 Deinde
1301 1070 1379 1132 haud
1400 1070 1463 1131 seio

307 1186 393 1248 quam
414 1175 491 1229 recte
511 1168 579 1230 illud
598 1158 680 1253 ’Άρη
704 1163 869 1232 πνεόντων
889 1172 925 1232 de
944 1170 1049 1234 Paride
1069 1181 1155 1252 atque
1172 1170 1309 1233 Troianis
1329 1172 1386 1233 dici
1406 1191 1463 1252 po-

306 1271 401 1332 tuerit.
432 1271 506 1333 Nam
521 1272 665 1333 Martem
680 1273 820 1352 spirare
835 1272 983 1349 dicuntur,
1000 1276 1050 1354 qui
1065 1275 1171 1339 ferocia
1187 1284 1236 1336 eut
1251 1275 1320 1337 odio
1336 1274 1464 1355 instigati

307 1373 363 1433 vim
384 1381 413 1435 et
431 1392 511 1435 arma
531 1383 664 1454 spectant
681 1375 806 1455 bellique
825 1384 854 1438 et
873 1378 1063 1439 certaminum
1084 1378 1181 1458 cupidi
1204 1387 1274 1439 sunt
1292 1388 1321 1439 et
1346 1377 1464 1439 hostilia

307 1483 487 1555 perpetrent,
519 1476 767 1558 quemadmodum
791 1479 865 1543 inira
884 1500 910 1539 v.
940 1480 1021 1542 1194
1048 1480 1306 1560 Clytaemnestram
1333 1480 1464 1541 videmus

308 1568 478 1641 άσντονδον
488 1569 571 1665 ’Άρνγ
594 1572 708 1666 φίλοις
723 1575 903 1658 nosocomo,
917 1581 1030 1643 Paridis
1046 1591 1141 1645 autem
1157 1591 1186 1644 et
1200 1583 1396 1645 Troianorum
1411 1583 1465 1644 de·

306 1681 407 1743 lictum
427 1699 488 1743 non
510 1701 545 1743 er
567 1681 613 1744 tali
634 1683 740 1745 ferocia
760 1693 809 1746 aut
831 1685 900 1747 odio
916 1693 1017 1747 netum
1032 1696 1106 1757 erat,
1128 1687 1179 1747 sed
1196 1704 1230 1746 er
1246 1685 1322 1747 illius
1336 1684 1465 1758 libidine,

306 1785 414 1846 horum
439 1784 529 1846 nimia
554 1785 720 1859 securitate,
746 1806 834 1867 quam
854 1788 990 1849 diuturna
1010 1787 1128 1850 felicitas
1147 1807 1298 1868 opumque
1318 1786 1467 1850 affluentia

308 1895 472 1966 pepererat,
505 1881 670 1970 φλεόντων
697 1883 858 1969 δωμάτων
882 1881 1045 1975 ὑπέρφευ,
1069 1899 1102 1952 ut
1126 1899 1172 1951 est
1196 1908 1221 1952 r.
1250 1890 1320 1952 tol.
1365 1890 1466 1969 ltaque

307 1998 384 2051 recte
405 1986 560 2069 Emperius
571 1981 654 2075 ’Ἀρη
675 1991 711 2051 ab
731 1992 873 2054 hocloco
891 1992 1018 2055 alienum
1036 2011 1103 2054 esse
1121 1992 1271 2065 intellexit,
1291 1991 1467 2071 scripsitque

309 2082 386 2173 άρά,
402 2111 461 2172 quo
481 2093 620 2154 vocabulo
640 2102 759 2173 recepto
784 2094 842 2157 iam
862 2104 962 2174 aptum
978 2095 1120 2157 habemus
1139 2095 1349 2161 enunu’ationis
1365 2093 1468 2155 subie-

309 2204 403 2258 ctum:
419 2190 589 2281 πέφανται
602 2187 680 2281 άρά,
699 2198 866 2278 apparuit
880 2198 1079 2278 pernicies:
1100 2216 1158 2279 quo
1179 2216 1269 2260 sensu
1288 2198 1318 2259 id
1336 2196 1467 2259 rombu-

308 2299 371 2360 lum
383 2316 446 2361 non
460 2299 558 2360 solum
573 2299 609 2360 ah
620 2301 710 2380 epicis
726 2301 777 2362 sed
789 2302 875 2363 etiam
887 2302 924 2364 ab
936 2301 1078 2382 Aeschylo
1091 2309 1249 2382 usurpatur
1261 2299 1363 2382 Suppl.
1376 2318 1402 2360 v.
1414 2296 1466 2362 76.

308 2401 411 2463 dlerito
425 2402 501 2463 hano
514 2401 600 2463 amici
615 2403 847 2465 emendationem
859 2402 993 2484 probarit
1007 2404 1198 2467 doctissimus
1208 2404 1421 2484 Bamborqerus
1436 2403 1468 2464 in

309 2513 524 2584 programmate
540 2523 636 2587 gymn.
651 2507 804 2569 Brunovio.
819 2526 845 2568 a.
859 2506 1029 2570 tametio
1046 2523 1075 2588 p.
1091 2507 1139 2579 14,
1154 2507 1289 2588 idemque
1300 2524 1355 2587 pro
1371 2499 1469 2588 ἐγγό-

309 2627 384 2682 νους
396 2626 458 2669 non
474 2600 629 2689 ἐκγόνοις,
647 2609 724 2688 quod
741 2618 863 2689 propter
876 2629 939 2673 eam
951 2626 1039 2690 quum
1053 2609 1178 2689 exposui
1190 2609 1336 2671 rationem
1351 2610 1467 2690 impro-

309 2711 439 2772 bandum
454 2719 507 2785 est,
522 2712 572 2773 sed
588 2702 718 2793 ἔκγονος
728 2714 832 2793 reponi
846 2713 945 2785 voluit,
961 2721 994 2774 ut
1008 2712 1120 2774 dieamr
1132 2712 1276 2792 pernicies
1287 2712 1363 2775 male
1373 2714 1468 2774 laeto·

309 2833 374 2875 rum
392 2805 607 2897 (ἀτολμήτων)
623 2816 789 2895 progenies.
819 2816 919 2897 Neque
940 2833 1011 2877 sane
1030 2814 1220 2894 vituperanda
1238 2823 1284 2875 est
1302 2815 1376 2876 haec
1393 2832 1468 2876 oon·

309 2916 430 2990 iectura,
451 2917 504 2977 sed
524 2915 704 2996 probabdius
731 2928 829 2979 tamen
854 2925 884 2980 et
909 2918 1005 2979 minus
1031 2918 1118 2981 etiam
1140 2937 1156 2978 a
1175 2917 1317 2979 librorum
1342 2914 1470 2980 lectione

310 3020 423 3080 distans
438 3027 483 3080 est
500 3011 594 3099 δγγδς
617 3005 695 3095 οόό,
718 3021 796 3083 unde
811 3039 900 3100 quam
914 3020 996 3081 facile
1011 3013 1162 3101 ἐγγόνους
1184 3019 1246 3082 lieri
1260 3019 1390 3100 potuerit
1404 3020 1471 3101 ipse

311 3128 447 3202 aspectus
456 3123 550 3184 docet.
572 3124 665 3202 Atque
680 3123 821 3185 habemus
836 3123 880 3185 sic
892 3122 980 3183 etiam
996 3124 1204 3184 acurratiorem
1216 3139 1409 3185 numerorum
1418 3142 1469 3187 ae-

310 3222 519 3302 quabilitatem:
532 3242 600 3285 nam
616 3225 846 3306 antistrophious
856 3242 975 3305 quoque
986 3242 1089 3287 versus
1101 3224 1172 3299 375,
1176 3221 1397 3309 μελαμπαγὴς
1407 3219 1471 3288 πό-

310 3323 371 3403 λοι,
381 3326 535 3406 inlonqam
545 3326 761 3407 syllabamexit3
776 3346 899 3407 eamque
913 3344 975 3390 rem
991 3328 1020 3388 in
1029 3329 1171 3409 Aeschylo
1183 3328 1260 3390 haud
1270 3328 1350 3408 parri
1359 3328 1470 3389 facien-

311 3430 376 3490 dam
392 3449 459 3492 esse
472 3430 557 3511 periti
572 3429 677 3491 suunt.

394 3535 496 3614 Longe
516 3533 738 3614 corruptissima
758 3541 855 3596 autem
875 3542 903 3594 et
923 3533 1007 3614 plane
1026 3550 1081 3613 pro
1101 3533 1254 3614 desperata
1273 3532 1405 3596 habenda
1424 3542 1473 3595 est

311 3636 441 3698 eiusdem
457 3636 570 3698 stasimi
585 3638 706 3717 stropha
722 3612 850 3699 secunda
865 3655 891 3697 v.
912 3636 983 3697 394.
1028 3635 1086 3697 Sed
1107 3636 1143 3697 de
1162 3637 1218 3698 hac
1232 3646 1390 3717 antequam
1405 3636 1469 3698 dis-

311 3748 397 3818 puto,
424 3740 460 3800 de
485 3740 669 3819 antistropha
691 3739 847 3801 videndum
873 3747 935 3811 est,
962 3756 1047 3818 quae,
1074 3756 1251 3819 quamquam
1271 3747 1300 3800 et
1318 3738 1382 3818 ipsa
1407 3756 1472 3800 non

259 3847 289 3894 ‘i
312 3843 495 3923 incorrupta,
510 3843 607 3923 paullo
624 3841 777 3904 certiorem
792 3851 890 3904 tamen
906 3840 1082 3904 medicinam
1097 3840 1250 3905 uentrem
1263 3841 1384 3902 videtur.
1412 3839 1472 3902 Le-

312 3953 420 4027 guntur
435 3946 473 4007 ihi
489 3965 514 4006 v.
531 3946 592 4007 410
608 3945 638 4006 iu
654 3945 806 4007 codicibus
821 3946 906 4007 haec:
926 3939 965 4009 τό
987 3939 1057 4004 πᾶν
1079 3934 1111 4004 δ’
1134 3933 1192 4029 άφ)
1211 3935 1369 4017 Ἑλλάδος
1391 3934 1473 4019 αἴας

313 4040 522 4131 συνορμένοις
542 4040 687 4108 amatote
700 4040 936 4130 τλησικάρδιος
951 4040 1063 4125 δόμων
1076 4038 1216 4109 ἑκάστου
1231 4039 1365 4127 πρέπει.
1394 4062 1472 4126 quae

313 4152 361 4232 qui
378 4151 568 4232 scripserunt,
583 4142 792 4230 συνορμένοις
805 4148 883 4213 haud
898 4148 985 4210 dubie
999 4148 1090 4230 accipi
1101 4149 1256 4211 uoluertmt
1271 4149 1308 4211 de
1321 4148 1372 4225 iis,
1388 4149 1473 4229 quie

314 4255 433 4316 Graecia
454 4253 482 4313 in
503 4251 609 4312 bellum
629 4249 753 4328 profecti
768 4258 877 4311 essent
921 4250 972 4313 Sic
985 4251 1171 4313 scholiastes:
1185 4248 1252 4312 τῶν
1266 4245 1474 4335 συνηγμένων

314 4349 385 4419 άπὸ
405 4351 464 4438 τῆς
481 4346 639 4427 Ἑλλάδος
660 4344 815 4414 ἁπάντων
835 4351 908 4428 τοῖς
922 4344 1031 4427 οἴκοις
1052 4345 1196 4439 όδυνρρά
1210 4347 1379 4437 ammon
1392 4348 1473 4415 δια-

313 4453 452 4542 nomme:
467 4474 563 4536 neque
577 4455 659 4518 aliter
672 4456 859 4533 recentiores,
873 4454 1196 4538 valentinensem
1210 4456 1308 4517 vertit:
1324 4456 1472 4517 omuino
