3190 5136
654 480 698 543 99

93 650 234 713 erodelem
249 648 384 712 lenisset
433 647 537 727 ltaque
551 646 646 722 deum,
662 646 777 727 qualem
793 647 948 712 Christiani
964 647 1103 722 colimne,
1121 647 1256 727 Aeschyli

93 753 189 817 muto
203 752 400 814 minuatum
414 758 507 825 ratus,
520 750 687 813 necessario
701 749 733 812 in
744 769 809 813 earn
822 750 951 813 inridere
962 749 1133 829 opinionem
1145 749 1257 823 debuit,

94 867 125 917 nt
139 855 211 929 ista,
229 874 307 937 qaae
326 854 360 915 in
379 854 450 915 lore
464 851 652 931 vituperanda
666 860 794 933 putaret,
814 870 846 914 re
860 870 928 914 vera
942 868 1004 913 non
1018 852 1085 916 uitia
1104 852 1158 915 sed
1179 853 1256 915 fruto

94 958 265 1024 Promethei
279 966 474 1038 provocatam
489 955 595 1019 iustam
611 955 746 1017 deliram
761 973 826 1017 aare
841 962 987 1026 statueret,
1003 955 1089 1036 idque
1105 963 1259 1017 osmnsum

93 1081 160 1125 esse
174 1060 313 1123 eederet
323 1079 358 1121 ea
378 1057 534 1138 tragoedia,
547 1075 621 1137 quae
635 1056 723 1121 soluti
738 1055 907 1121 Promethei
926 1075 1036 1121 nomen
1056 1075 1161 1136 gerens
1180 1057 1258 1119 fflarn

95 1183 184 1245 qnam
210 1162 359 1241 integram
389 1159 531 1223 hahemus
560 1158 764 1240 seqnehetnr.“
813 1160 847 1223 ln
871 1160 926 1223 hae
952 1161 1034 1225 omni
1064 1160 1260 1240 disputatione

94 1266 233 1347 quidem
248 1264 327 1326 nihil
340 1264 401 1325 reri
417 1263 515 1325 inesse
529 1263 613 1325 rideo
628 1270 744 1342 praeter
757 1262 817 1326 hoo
831 1280 933 1338 unum,
952 1263 1032 1343 quod
1050 1262 1128 1327 lovis
1148 1278 1260 1325 nomen

95 1369 215 1431 dnobus
231 1366 335 1429 modis
349 1385 366 1428 a
380 1365 525 1428 veteribus
540 1375 716 1445 usurpatum
731 1384 798 1427 esse
812 1364 895 1428 dicit:
909 1383 980 1427 nam
994 1373 1040 1428 est
1053 1367 1112 1429 hoe
1126 1383 1197 1429 eane
1209 1384 1259 1426 ve-

94 1470 254 1534 rissimum
269 1468 444 1548 dudumque
464 1468 501 1531 ab
514 1468 578 1531 aliis
599 1467 799 1541 observatum,
818 1475 851 1529 ut
869 1467 998 1546 ignorari
1018 1487 1034 1528 e
1054 1469 1132 1531 nullo
1152 1467 1259 1549 possit,

96 1574 147 1655 qui
161 1573 261 1634 modo
280 1571 465 1633 mediocriter
480 1569 562 1633 sitin
577 1571 636 1632 hoe
649 1569 811 1631 litterarum
824 1586 930 1647 genere
944 1578 1085 1633 versatus.
1130 1571 1262 1633 Fuerunt

95 1675 237 1757 proinde,
252 1674 305 1754 qni
319 1674 492 1736 duoslores
507 1674 642 1746 lacerent,
656 1688 749 1733 rmum
764 1671 934 1745 naturalem,
951 1681 984 1734 ut
998 1673 1037 1734 alt
1047 1672 1262 1749 Lactantiusll,

95 1779 225 1840 aherum
247 1775 432 1848 fabulosum,
452 1776 482 1837 h
497 1795 522 1837 a
543 1793 636 1837 nnmu
655 1773 769 1853 qualern
787 1773 957 1853 philosophi
977 1775 1155 1854 cogitarunt,
1170 1775 1261 1838 totius

96 1879 205 1942 mnndi
224 1886 280 1940 ant
305 1886 465 1939 creatorem
483 1884 535 1939 aut
559 1884 635 1939 oerte
659 1884 819 1951 reatorem,
844 1874 927 1938 euius
952 1878 1164 1956 perfectissima
1183 1887 1263 1941 esset

96 2000 228 2061 rereqne
242 1979 343 2041 divina
358 1988 471 2054 natura,
486 1979 607 2042 alterum
623 1978 738 2058 qualem
748 1984 903 2057 poetarum
918 1979 1029 2043 tabulae
1037 1981 1144 2061 impiae
1158 1999 1261 2060 saepe·

98 2101 228 2146 nummo
249 2090 282 2143 et
305 2081 443 2145 ridiurlae
468 2088 703 2162 proposuerunt,
728 2079 882 2141 hominum
903 2081 1082 2144 simillimum
1097 2082 1263 2162 nulliusque

100 2187 252 2249 hnmanae
279 2183 355 2246 labis
380 2192 537 2264 expertem.
586 2181 719 2261 hesnhyli
744 2190 841 2244 autem
867 2183 976 2262 lupiter
1007 2192 1149 2264 quantum
1175 2185 1264 2247 distet

100 2307 261 2352 asumma
284 2286 333 2348 illo
355 2285 490 2360 numine,
515 2285 594 2365 quod
611 2284 689 2346 loris
713 2283 834 2345 nomine
853 2283 1025 2365 philosophi
1038 2286 1193 2367 appellant,
1209 2304 1264 2365 ego

100 2393 165 2472 ipse
185 2386 396 2469 compluribus
415 2387 481 2451 libri
501 2387 559 2449 mei
578 2386 651 2448 locis
672 2385 846 2464 1111111115).
890 2387 964 2449 Nem
983 2408 1079 2469 neque
1096 2388 1264 2452 absolutum

100 2513 167 2555 esee
182 2490 277 2554 doeni
291 2507 388 2571 neqm
407 2497 568 2552 mentorem
588 2488 705 2563 mnndi,
720 2488 773 2551 sed
791 2497 958 2568 generatum
978 2490 1033 2554 diis
1048 2492 1264 2573 antiquioribus

99 2578 236 2657 etoertis
252 2592 305 2654 lati
319 2591 432 2672 legibus
447 2592 608 2655 obnoxium
622 2600 652 2653 et
665 2609 704 2653 ne
718 2591 826 2653 emeris
841 2592 958 2671 quidem
979 2593 1157 2670 immunem,
1178 2613 1264 2675 prae-

100 2704 258 2778 potentem
274 2694 406 2775 quadem,
425 2711 488 2756 non
500 2703 597 2757 autom
618 2693 865 2773 omnipotentem,
886 2702 915 2755 et
929 2694 959 2757 in
971 2696 1140 2760 universum
1156 2697 1192 2758 ab
1207 2698 1264 2759 hn-

99 2817 208 2862 manae
223 2806 351 2860 naturae
365 2796 561 2869 similitudine,
577 2797 654 2859 sieut
668 2804 781 2859 eeteros
795 2796 866 2859 deos
882 2799 1049 2877 populares,
1064 2817 1126 2862 non
1140 2816 1265 2878 magno-

100 2921 170 2982 pere
185 2900 412 2974 abhorrentem,
427 2917 522 2980 nequo
535 2899 624 2979 igitur
638 2899 712 2963 labis
728 2899 825 2961 omnis
839 2909 1004 2980 expertem,
1020 2901 1164 2982 siqnidem
1179 2902 1266 2964 eham

100 3023 188 3067 error
203 3003 237 3065 in
252 3001 320 3065 labe
333 3003 491 3082 ponendus
510 3011 555 3065 est
572 3002 694 3082 iraeque
713 3010 799 3082 atque
813 3002 923 3065 amoris
938 3005 1073 3078 allectus,
1094 3004 1200 3084 quibus
1220 3003 1269 3067 ille

101 3124 297 3188 nequaquan
328 3112 419 3167 earet:
443 3114 644 3169 verumtamen
669 3122 731 3166 non
757 3103 958 3185 insipientem,
984 3124 1046 3168 non
1074 3107 1268 3186 impotentem

102 3210 205 3283 animi,
223 3225 291 3272 non
305 3208 477 3270 elhenatnnn
489 3206 621 3282 libidine,
642 3207 767 3287 denique
780 3225 842 3270 non
857 3206 1031 3271 deteriorem
1051 3209 1114 3270 rire
1140 3208 1221 3271 bone
1240 3216 1270 3273 et

101 3313 214 3395 mehe,
229 3309 288 3373 serl
303 3326 406 3371 omnes
418 3309 490 3371 deos
500 3309 704 3390 hominesque,
720 3309 795 3373 siout
803 3310 934 3391 potentie
945 3318 974 3371 et
984 3311 1118 3391 imperio,
1132 3311 1172 3373 ita
1181 3310 1270 3373 1111111

103 3415 257 3497 sapientie
271 3418 303 3473 et
316 3409 421 3477 virttue
434 3412 607 3491 longissime
617 3420 807 3492 superantem
818 3416 858 3489 ⁰).
905 3412 1003 3475 Talem
1022 3412 1156 3494 hesehyli
1169 3413 1270 3476 lovem

104 3536 200 3599 quum
218 3513 383 3596 plurimum
397 3513 434 3577 eh
448 3514 497 3576 illo
512 3533 580 3577 vero
597 3516 667 3588 deo,
687 3534 774 3595 quem
788 3515 978 3578 Her-mannus
1000 3516 1029 3577 in
1043 3515 1272 3595 Agamemnonis

104 3630 135 3683 et
147 3617 334 3699 Supplieum
359 3617 480 3679 oantieis
504 3616 623 3697 intelligi
646 3617 719 3692 vult,
739 3627 801 3680 turn
820 3617 907 3680 etiam
927 3618 964 3680 ab
984 3638 1019 3677 oo
1039 3618 1187 3681 diversum
1206 3637 1273 3681 esse

105 3728 251 3804 apparet,
273 3735 360 3798 quern
379 3718 493 3783 tabulae
507 3728 648 3795 vetustae,
668 3728 717 3783 aut
735 3736 840 3802 reapse
859 3727 911 3783 aot
930 3722 1028 3800 speeie
1047 3721 1149 3785 sutem
1165 3721 1272 3802 impiae
1289 3734 1303 3783 t

107 3859 419 3875 *affl-—

176 3949 205 4013 1)
224 3944 322 3997 lustitt.
335 3945 386 3995 div.
400 3944 424 4009 1,
438 3942 478 4005 11,
490 3942 532 3994 31.
560 3942 597 3995 Gi.
610 3943 756 3995 Gereoni.
768 3951 872 4011 aym
885 3946 1007 3999 intelleet
1021 3964 1043 3999 e.
1056 3945 1098 4001 lv.
1118 3946 1136 4013 ᾖ
1149 3946 1181 3998 11
1193 3954 1220 3998 et
1231 3946 1273 3997 tt.

108 4033 268 4085 valebam.
282 4030 357 4082 distr.
369 4046 394 4099 p.
407 4029 449 4080 37.

178 4120 206 4182 5)
226 4115 285 4169 vu.
298 4133 322 4183 p.
336 4116 377 4167 37.
391 4115 433 4166 38.
447 4113 489 4165 19.
503 4111 543 4163 99.
559 4113 615 4164 199.
631 4112 688 4165 132.
703 4114 760 4166 113.

179 4204 208 4267 6)
227 4202 266 4253 Cf.
285 4202 314 4254 L.
331 4201 433 4254 Preller
449 4200 473 4250 in
490 4197 626 4268 Eneyelop.
645 4200 706 4250 real.
723 4199 837 4252 aPaulio
854 4202 929 4263 edita,
949 4209 1007 4254 torn.
1024 4202 1066 4255 lv.
1081 4221 1105 4272 p.
1123 4204 1187 4269 591,
1205 4217 1277 4269 quem

111 4304 211 4341 mm
226 4288 372 4341 consertire
391 4293 461 4338 tanto
478 4285 557 4349 made
574 4286 668 4351 laetor,
687 4294 778 4353 quatuo
794 4287 912 4338 maiorem
925 4288 949 4337 in
961 4304 991 4337 en
1004 4289 1142 4340 doctrinam
1155 4294 1181 4338 et
1191 4289 1277 4337 harum

111 4375 249 4442 praecipue
264 4391 363 4437 nean,
383 4386 448 4439 quae
465 4369 497 4420 ad
513 4370 688 4436 nuptialem
706 4371 888 4440 religionesque
905 4372 1044 4440 pertinent,
1061 4374 1177 4441 peritiam
1193 4383 1278 4419 onnes

112 4469 260 4525 mma

1026 4544 1067 4605 ⁷*
