3190 5136
879 390 940 457 116

332 584 413 647 l'alia
428 583 604 663 Aeschylum
625 584 719 644 laoere
738 581 885 662 potuisse,
905 580 980 643 sicut
1001 579 1071 642 olim
1090 580 1206 661 negavi,
1226 582 1266 644 ita
1279 598 1359 644 nunc
1372 597 1494 661 quoque

331 703 468 767 pernego,
483 685 698 765 negabantque,
714 685 812 757 credo,
828 700 941 758 omues,
956 682 1005 763 qui
1018 683 1130 762 qualem
1142 682 1189 745 ille
1203 683 1311 758 lovem,
1326 700 1387 744 nou
1402 681 1494 743 alium

332 788 407 863 alibi,
422 789 473 851 sed
483 807 577 851 unum
592 787 700 868 ubique
713 796 744 849 et
757 787 882 849 eundem
898 785 1072 865 cogitaverit,
1086 805 1121 848 ex
1136 785 1202 866 ipso
1214 786 1424 849 intellexerunt.
1453 783 1494 845 lit

331 910 380 953 me
395 890 512 972 quidem
531 897 564 953 ut
579 907 779 970 oppugnarem
795 889 885 951 ialsas
901 888 1069 969 opiniones,
1085 907 1207 969 quemm
1223 890 1332 951 multos
1348 905 1492 967 magnos-

331 1013 388 1075 que
403 1002 547 1076 patronos
566 1010 633 1054 esse
651 1009 713 1054 nou
731 989 917 1070 ignorabam,
937 989 1009 1051 nihil
1023 990 1156 1070 prolecto
1171 991 1246 1053 aliud
1262 990 1388 1071 impulit,
1402 1007 1491 1070 quam

331 1105 480 1159 conuacm
495 1114 549 1177 per
562 1093 710 1157 assiduam
723 1092 878 1155 lectionem
895 1110 960 1154 cum
977 1093 1119 1174 Aeschylo
1135 1093 1327 1168 lamiliaritas,
1346 1102 1493 1172 natusque

332 1198 401 1261 hinc
415 1217 500 1261 amor
519 1215 581 1259 nou
601 1205 705 1277 poetae
724 1195 814 1257 modo
830 1194 954 1268 summi,
976 1194 1027 1257 sed
1044 1196 1096 1258 viri
1112 1196 1334 1277 sapientissimi,
1349 1195 1492 1257 deomm-

331 1320 401 1382 que,
427 1320 502 1382 quos
529 1300 650 1371 emeret,
677 1299 892 1361 maximarum
918 1297 1023 1378 pietate
1045 1299 1281 1361 reverentissimi.
1326 1298 1438 1371 Quodsi
1458 1298 1492 1360 iu

331 1402 495 1466 enarrando
510 1401 683 1482 tmehyleae
704 1399 816 1463 tabulae
842 1410 1015 1479 argumento
1041 1409 1070 1463 et
1096 1401 1219 1464 oonsilio
1246 1400 1337 1463 multa
1351 1400 1492 1481 posuisse

331 1505 433 1568 videor
446 1522 539 1567 avem
554 1503 702 1584 religione,
717 1522 805 1584 mam
821 1522 878 1565 nos
892 1502 1049 1567 Christiani
1062 1505 1246 1583 profitemur,
1261 1522 1322 1566 nou
1337 1503 1425 1566 nimis
1436 1502 1492 1565 ah-

331 1609 490 1683 horrentia,
505 1607 665 1687 culpandus
680 1614 779 1668 umen
793 1613 951 1687 propterea
965 1623 1028 1667 non
1044 1625 1124 1682 sum,
1137 1606 1196 1669 nisi
1215 1606 1240 1670 si
1256 1606 1491 1669 demonstratum

331 1711 430 1786 luerit,
455 1709 613 1772 abhorrere
639 1709 710 1770 haec
728 1708 764 1770 ab
784 1707 918 1788 Aeschyli
937 1716 1048 1771 mente:
1075 1708 1121 1770 sin
1143 1709 1315 1790 conspirant
1338 1716 1435 1771 autem
1461 1716 1493 1769 et

331 1820 526 1876 consentanea
543 1819 613 1874 sunt
626 1811 673 1885 iis,
689 1830 763 1891 quae
777 1811 813 1873 de
827 1810 883 1872 diis
897 1811 1046 1891 rebusque
1061 1811 1167 1874 diunis
1179 1811 1260 1874 illum
1274 1811 1406 1873 sensisse
1419 1809 1490 1873 reli·

332 1936 407 1997 quae
421 1916 484 1978 eius
498 1912 610 1977 fabulae
626 1913 742 1986 docent,
758 1931 820 1975 nou
831 1930 903 1975 sane
918 1931 974 1993 ego
985 1913 1194 1993 vituperandus
1208 1931 1284 1988 sum,
1297 1915 1349 1976 sed
1361 1914 1492 1995 beschy-

331 2019 378 2081 lus
394 2018 468 2099 ipse,
484 2015 533 2097 qui
548 2014 614 2077 talia
625 2014 761 2090 senserit,
776 2033 928 2095 quaecum
943 2015 1072 2077 sensisse
1083 2015 1166 2077 multi
1182 2034 1272 2096 quum
1284 2015 1491 2079 nouunimad·

330 2119 470 2183 verterint
488 2118 559 2200 ipsi,
579 2127 641 2179 tum
657 2134 743 2196 aegre
757 2118 851 2180 lerant
864 2116 901 2180 ab
925 2116 988 2179 aliis
1004 2117 1212 2180 animadversa.
1256 2118 1320 2198 Ego
1339 2125 1436 2179 autem
1455 2125 1493 2179 ut

331 2240 393 2285 nou
413 2222 527 2284 irascor
550 2219 762 2295 hebetioribus,
783 2219 880 2282 itane
905 2218 1119 2282 dissensionem
1140 2220 1257 2302 quidem
1277 2229 1307 2283 et
1327 2220 1492 2300 reprehen-

332 2325 448 2386 sionem
463 2342 582 2397 eorum,
603 2322 653 2402 qui
668 2320 740 2383 nihil
754 2320 812 2383 nisi
832 2339 885 2383 sua
900 2321 1016 2403 sibique
1035 2323 1234 2386 convenientia
1259 2322 1401 2403 probant,
1424 2341 1492 2384 ma·

332 2444 463 2508 gnopere
482 2444 563 2489 curo.
606 2424 694 2486 hlulta
714 2423 812 2485 vident
830 2423 958 2504 pictores
973 2424 1005 2485 iu
1020 2425 1132 2487 umbris
1146 2435 1176 2488 et
1189 2425 1220 2487 in
1234 2424 1400 2498 eminentia,
1416 2442 1493 2505 quae

332 2548 390 2592 nos
404 2547 467 2592 nou
481 2527 628 2591 ridemus:
643 2525 748 2600 multa,
769 2543 842 2606 quae
860 2543 916 2587 nos
932 2526 1047 2606 lugunt
1059 2526 1089 2588 iu
1110 2535 1209 2601 cantu,
1230 2526 1389 2590 exaudiunt
1402 2526 1434 2588 iu
1452 2546 1492 2589 eo

282 2644 315 2696 to
334 2647 439 2711 genere
454 2628 598 2692 exercitati
608 2631 670 2706 ²²).
692 2626 806 2690 Eodem
817 2627 905 2707 igitur
913 2629 1004 2693 modo
1019 2627 1104 2690 etiam
1120 2628 1149 2690 in
1164 2629 1253 2692 rebus
1268 2630 1304 2691 ad
1319 2629 1491 2709 religionem

332 2732 535 2813 spectantibus
558 2730 620 2793 lieri
635 2739 746 2810 potest,
760 2730 857 2811 utqui
872 2731 970 2792 minus
987 2731 1045 2792 hoo
1055 2749 1146 2811 genus
1160 2731 1310 2794 attendere
1325 2731 1403 2794 soliti
1419 2732 1490 2806 sint,

331 2836 457 2916 plurima
470 2852 532 2896 non
547 2833 673 2906 videant,
690 2852 764 2913 quae
778 2833 903 2895 aliorum
919 2833 1021 2895 oculos
1036 2834 1185 2896 attendere
1198 2836 1271 2896 haec
1289 2842 1319 2896 et
1333 2832 1492 2896 ohservare

332 2945 490 3001 consuetos
511 2936 592 2999 lacile
612 2935 723 2998 feriant.
767 2935 867 3017 Neque
885 2935 954 2998 illud
968 2954 1088 3011 recuso,
1113 2936 1274 3017 quominus
1294 2955 1359 2998 vere
1379 2937 1416 2999 de
1441 2954 1493 2998 me

330 3039 477 3103 iudicasse
491 3037 762 3113 Rauchensteinius,
777 3039 821 3100 vir
834 3038 1118 3120 praestantissimus,
1133 3046 1299 3114 censeatur,
1318 3056 1410 3120 quum
1430 3057 1491 3113 me,

331 3161 406 3222 quae
424 3150 524 3204 essent
541 3139 626 3221 apud
634 3140 807 3222 Aeschylum
830 3160 897 3204 cum
917 3140 1055 3220 religione
1074 3142 1241 3217 coniuncta,
1260 3142 1342 3221 quasi
1361 3158 1417 3221 per
1429 3141 1491 3204 mi-

330 3243 519 3325 crosoopium
534 3252 663 3323 spectata
678 3262 831 3307 enarrasse
844 3244 961 3306 diceret.
1005 3245 1118 3325 Nempe
1132 3244 1364 3326 microsoopium
1377 3260 1440 3306 non
1454 3263 1491 3307 ea

329 3346 416 3409 nobis
436 3346 577 3422 ostendit,
591 3365 667 3427 quae
686 3346 763 3409 nialla
782 3352 865 3419 sunt,
884 3345 935 3409 sed
950 3364 1036 3427 quae,
1053 3364 1145 3427 quum
1166 3346 1275 3423 adsint,
1294 3347 1376 3411 iacile
1389 3355 1492 3409 tamen

330 3449 432 3511 oculos
452 3448 574 3528 lugiunt,
601 3449 710 3530 quique
729 3448 843 3531 spernit
862 3448 1051 3530 microsoopii
1072 3468 1173 3526 usum,
1198 3467 1409 3532 saepenumero
1424 3468 1490 3512 non

329 3549 419 3612 modo
434 3568 495 3612 non
511 3551 597 3624 videt,
608 3570 681 3632 quae
696 3560 774 3626 sunt,
789 3551 840 3613 sed
855 3550 968 3615 videtur
979 3550 1066 3614 etiam
1079 3551 1134 3614 sihi
1146 3551 1251 3628 videre,
1266 3572 1340 3634 quae
1350 3571 1407 3616 uec
1417 3560 1491 3615 sunt

328 3670 424 3734 neqre
442 3672 508 3715 esse
522 3662 663 3733 possunt:
683 3655 713 3717 id
732 3653 812 3734 quod
827 3653 857 3715 in
872 3654 928 3717 hac
942 3654 1076 3736 deschyh
1096 3653 1191 3717 tabula
1206 3656 1358 3735 permtdtis
1374 3655 1489 3718 accidit

329 3755 444 3828 Quodsi
458 3756 490 3818 iu
504 3756 560 3819 hac
573 3757 745 3832 enarranda,
761 3756 838 3819 sicut
852 3756 883 3818 in
897 3776 941 3831 ea,
957 3775 1045 3837 quam
1060 3757 1125 3837 ipse
1140 3757 1176 3820 de
1196 3758 1294 3821 soluto
1310 3758 1489 3822 Prometheo

328 3857 493 3937 composui,
508 3876 721 3939 nonnunquam
736 3857 832 3921 verbis
847 3867 933 3940 atque
947 3878 1053 3939 genere
1067 3858 1181 3922 dicendi
1197 3879 1268 3923 usus
1284 3879 1350 3923 sum
1366 3860 1489 3925 hodier-

328 3977 382 4022 nae
401 3960 493 4040 magis
513 3969 543 4024 et
562 3961 735 4025 christianae
759 3960 927 4042 discipliuae
946 3980 1035 4042 mam
1055 3970 1183 4026 vetemm
1208 3962 1395 4026 ethnioomm
1414 3982 1489 4045 pro·

327 4061 415 4142 priis,
434 4062 477 4123 vel
493 4064 691 4126 excusandum
711 4065 770 4126 hoc
784 4063 829 4124 vel
844 4064 930 4126 etiam
945 4064 1130 4144 probandum
1145 4083 1211 4127 esse
1233 4065 1367 4129 arbitror.
1411 4065 1490 4128 Nam

327 4172 356 4227 et
371 4164 442 4246 ipse,
458 4167 507 4245 qui
522 4166 694 4241 scribebam,
709 4165 764 4228 hac
779 4164 932 4247 disciplina
946 4165 1105 4232 innutritus
1120 4186 1209 4242 eram,
1225 4174 1254 4230 et
1267 4167 1323 4249 legi
1338 4188 1386 4231 me
1400 4176 1491 4250 atque

331 4304 620 4316 -ια--ι-ι--η

353 4421 358 4435 ·
395 4392 437 4457 22)
457 4392 541 4445 Verba
552 4393 614 4445 laec
627 4391 755 4446 Ciceronis
767 4399 833 4459 aaut,
847 4393 963 4448 hosdem.
976 4392 1005 4461 ll,
1019 4394 1042 4462 7,
1055 4394 1097 4447 hd.
