3164 5138
844 378 885 442 70

282 548 347 633 ipse
367 550 459 615 luisse
479 550 592 622 statuit,
618 558 717 630 aptum
738 549 832 626 est2).
876 549 976 613 Paullo
995 548 1091 613 lenlne
1104 547 1234 613 lllainius
1252 547 1353 632 assltp.
1371 550 1443 626 133,

281 670 378 736 neque
391 661 490 717 tamen
504 653 569 735 ipae
582 652 735 719 meliorem
750 670 888 715 ausuum
901 651 1130 734 descriptionem
1145 651 1233 719 dedit.
1261 651 1355 717 Nobis
1368 651 1444 719 haee

280 774 350 821 rere
364 755 490 820 ridetur:
945 806 962 833 .,

453 850 580 923 Oineon
605 851 799 939 Τυνδάρεως
821 850 919 941 ῥέζων
941 850 1011 937 ἅμα
1032 855 1120 920 πᾶσι
1140 857 1255 922 θεοῖσι

544 957 626 1041 μιᾶς
647 948 764 1023 λάθετ’
789 948 985 1042 η’ντιοόιάρου

445 1056 629 1145 Κύπριδος,
652 1055 744 1125 κείνα
766 1053 803 1122 δὲ
830 1053 1002 1140 Τυνδάρεω
1024 1054 1140 1146 κόραις

444 1161 661 1248 χολωσαμένα
684 1158 842 1246 ὄιγάμους
863 1156 1042 1246 τριγάμους
1062 1183 1098 1227 τε
1119 1158 1239 1250 τίθησι

446 1265 506 1334 καὶ
526 1262 750 1351 λιπεσάνορας
764 1304 805 1313 -
820 1303 863 1311 -
879 1311 886 1326 .

366 1377 459 1439 blatra
479 1372 579 1437 omnia
598 1374 682 1453 plana
703 1383 732 1433 et
752 1370 858 1433 usitata
878 1378 957 1431 sunt.
1001 1369 1109 1430 Versus
1127 1369 1154 1443 t,
1175 1370 1207 1431 in
1221 1389 1280 1452 quo
1296 1371 1369 1435 nihil
1382 1372 1443 1435 nisi

284 1470 396 1542 άπασι
420 1474 596 1541 mutavimus
616 1476 648 1538 in
674 1468 744 1555 άμα
766 1468 868 1545 πᾶσι,
891 1471 1057 1533 hexameter
1076 1481 1121 1534 cst
1134 1472 1258 1548 herous,
1275 1474 1319 1537 rel
1333 1474 1359 1536 si
1374 1475 1443 1557 quis

282 1582 342 1644 hoc
358 1598 451 1661 genus
464 1597 601 1642 versuum
616 1599 633 1641 a
649 1578 818 1640 Stesichoro
834 1581 1008 1654 usurpatum
1023 1593 1090 1636 esse
1105 1576 1256 1655 dubitet³l
1271 1612 1315 1624 -—
1335 1597 1443 1659 qum-

282 1700 369 1765 quam
385 1681 450 1745 talis
468 1680 658 1743 dubitationis
674 1698 728 1760 ago
744 1698 792 1740 me
807 1695 867 1740 non
884 1676 998 1739 socium
1014 1696 1081 1739 esse
1099 1679 1240 1759 profiteor
1254 1716 1298 1726 -
1316 1700 1441 1763 corapo-

283 1786 373 1850 situm
388 1784 484 1848 dicere
498 1782 594 1847 licebit
608 1803 625 1844 e
640 1783 755 1844 duobus
771 1779 918 1862 dactylicis
934 1779 1074 1842 trimetris
1089 1781 1259 1847 catalectieie
1272 1784 1303 1845 in
1324 1784 1443 1867 disylla.

282 1889 371 1963 bum,
398 1887 498 1968 quales
521 1903 623 1947 versus
642 1884 728 1946 etiam
745 1882 903 1956 Pindarus,
920 1881 989 1944 alias
1003 1883 1179 1947 hexametris
1194 1884 1359 1962 abstinens,
1378 1906 1443 1952 non

283 1992 373 2054 semel
396 1990 564 2070 usurparit,
590 1988 671 2050 velut
693 1985 808 2068 Olymp.
836 1984 898 2047 l'lll
911 1986 1005 2067 Epod.
1026 1987 1059 2047 5:
1083 1977 1196 2050 ἔννεπε
1222 1979 1363 2054 δ’άνυίον
1384 1984 1444 2074 ὁρ-

282 2088 410 2176 μαίνων
429 2088 531 2176 τέρας
554 2082 656 2166 α’·θῦς
677 2080 862 2163 Ἀπόλλων,
889 2098 918 2151 et
937 2090 1019 2152 Nem.
1040 2089 1080 2151 xl
1100 2089 1195 2170 Epod.
1216 2090 1250 2154 3:
1275 2086 1306 2155 εἰ
1328 2088 1368 2157 de'
1388 2115 1445 2171 τις

284 2189 387 2279 άλβον
409 2187 490 2275 ἔχων
510 2188 641 2279 μορφάν
663 2186 890 2274 σαραμεάεται
910 2182 1024 2257 litteo.
1040 2229 1080 2239 -
1100 2193 1186 2255 Hunc
1205 2196 1316 2258 reret
1336 2196 1442 2259 subse-

284 2301 383 2382 quitur
401 2298 556 2379 dactylicus
579 2298 647 2359 item
668 2296 746 2358 trina.
763 2295 842 2357 catal.
864 2295 894 2355 in
915 2296 1019 2377 disyll,
1047 2297 1098 2359 sed
1119 2297 1282 2378 praemissa
1296 2301 1442 2364 anaerusi.

282 2403 400 2467 Tertius
415 2411 461 2464 est
477 2400 644 2463 trochaicus
657 2399 787 2461 trimeter
807 2396 949 2470 catalect,
970 2396 1063 2478 prime
1085 2397 1202 2479 dipodia
1217 2400 1306 2480 gravi,
1322 2402 1443 2483 reliquis

282 2504 408 2568 levibns:
424 2522 493 2567 nam
510 2493 682 2585 Τυνδάρεω
694 2520 747 2583 per
763 2498 997 2581 syneephonesin
1013 2502 1264 2579 pronuntiandum
1276 2513 1331 2566 est.
1356 2505 1442 2568 Tales

284 2616 354 2672 sunt
379 2606 456 2690 apud
482 2606 640 2668 Pindarum
668 2604 781 2685 Olymp.
808 2604 834 2665 ll
860 2602 953 2683 Epod.
981 2606 1009 2665 4.
1032 2605 1066 2666 5:
1096 2595 1183 2669 ἔνθα
1203 2600 1442 2688 συγκωμάξατ’,

283 2702 489 2792 ἐγγυάσομαι
509 2706 513 2791 Ι
533 2700 580 2792 μή
601 2728 667 2786 μιν,
690 2693 717 2767 ὦ
739 2705 885 2783 Μοῖσαι,
908 2701 1083 2793 φυγόξενον
1103 2701 1252 2790 στρατόν.
1276 2744 1318 2756 -
1344 2711 1442 2785 Quar-

283 2821 331 2874 tus
348 2812 475 2892 denique
490 2809 646 2890 dactylicus
661 2816 707 2870 est
721 2817 903 2889 pentameter
918 2809 998 2873 catal.
1014 2810 1045 2872 in
1060 2810 1167 2891 disyll,
1187 2811 1352 2890 praemissa
1370 2832 1442 2877 ana-

284 2914 376 2989 crusi,
403 2914 489 2994 plane
520 2920 552 2973 ut
577 2911 654 2989 apud
680 2910 839 2973 Pindarum
869 2911 952 2992 Pytb.
979 2912 1015 2984 X,
1042 2912 1076 2975 3:
1102 2903 1328 2998 ἀριστομάχου
1350 2909 1445 2998 γένος

280 3008 469 3100 Ἡρακλέος
494 3006 675 3094 βασιλεύει,
703 3032 738 3073 ex
764 3012 925 3075 Hermanni
951 3014 1068 3094 quidem
1094 3016 1221 3091 ratione,
1251 3016 1297 3078 cui
1326 3018 1444 3083 etiamsi

284 3118 448 3181 Bneckbius
461 3114 636 3195 obloquitur,
647 3104 833 3197 Ἡρακλέος
847 3116 877 3178 in
889 3106 1073 3202 Ἡρακλεῦς
1087 3126 1218 3192 mutans,
1234 3118 1333 3200 ipsum
1344 3130 1443 3184 umen

284 3222 343 3282 hoc
369 3236 461 3298 genus
488 3235 624 3278 versuum
646 3234 830 3297 nequaquam
858 3219 982 3282 damnat.
1002 3255 1046 3264 —
1077 3220 1171 3282 Versu
1190 3220 1209 3282 3
1231 3215 1270 3285 δέ
1290 3224 1442 3303 particula,

284 3341 372 3404 quarn
387 3321 493 3382 Bloml.
509 3326 539 3378 et
560 3317 667 3379 hlehlb.
683 3329 895 3399 expunxerunt,
910 3320 1039 3383 Kleinius
1051 3329 1149 3385 numm
1163 3323 1195 3385 in
1211 3317 1252 3409 dd
1266 3325 1396 3399 mutavit,
1412 3336 1443 3391 et

284 3423 448 3488 necessaria
468 3428 514 3484 est
537 3428 659 3501 propter
677 3429 819 3495 metrum,
842 3441 936 3504 neque
956 3424 1103 3487 offendere
1124 3443 1303 3508 quemquam
1325 3436 1440 3509 potest:

285 3547 355 3590 nam
376 3533 427 3588 aut
445 3523 575 3605 adiungit
592 3523 650 3584 hoc
664 3523 829 3586 membrum
845 3523 948 3604 priori,
969 3534 1001 3587 ut
1015 3537 1044 3589 et
1057 3526 1154 3607 ipsum
1175 3528 1211 3590 ab
1227 3521 1344 3594 odram
1364 3550 1440 3614 pen·

286 3630 370 3701 dens,
386 3624 597 3707 antapodosin
612 3625 730 3698 indicat,
747 3627 996 3707 quemadmodum
1012 3647 1222 3710 saepenumero
1239 3627 1277 3696 dt
1290 3652 1307 3695 a
1321 3633 1441 3699 &necis

284 3731 422 3812 usurpari
440 3728 536 3791 nostis
553 3720 671 3809 postsi,
694 3721 759 3805 ἐάν,
784 3720 848 3803 ὅτε,
873 3720 961 3806 ὅταν,
976 3722 1053 3793 ἐπεί
1074 3751 1231 3815 earumque
1246 3734 1356 3797 similes
1370 3755 1441 3817 par·

283 3833 397 3896 ticulas.
423 3831 485 3892 Vid.
503 3830 564 3891 Ast
581 3831 617 3892 ad
632 3829 704 3892 Plat.
719 3830 842 3892 Phaedr.
858 3850 887 3911 p.
900 3830 950 3893 33.
992 3832 1101 3897 Buttm.
1116 3836 1154 3897 ad
1167 3835 1317 3899 Demostb
1329 3838 1359 3900 in
1371 3838 1442 3903 llid.

285 3957 315 4017 p.
334 3935 402 3996 126.
447 3934 621 3996 Herrmann.
637 3932 673 3994 ad
688 3931 775 3994 Hom.
791 3932 896 4015 llymn.
926 3935 957 3997 in
972 3935 1035 3999 Cer.
1061 3957 1087 3999 v.
1104 3938 1177 4001 409.
1192 3940 1262 4001 Van.
1277 3960 1304 4001 v.
1321 3940 1384 4004 226
1410 3962 1441 4024 p.

354 4191 378 4254 2)
397 4190 519 4242 Potuerat
538 4191 635 4241 minore
647 4189 749 4254 negotia
767 4187 894 4261 κούραισι
904 4193 1092 4264 χολωσαμένα
1108 4194 1197 4259 scribi,
1214 4203 1243 4248 nt
1257 4212 1348 4250 verens
1371 4208 1444 4253 esset

285 4276 378 4345 daatyl.
392 4277 488 4326 hanam.
502 4290 557 4325 cum
569 4274 694 4325 anacrnsi.

353 4362 378 4426 3)
393 4361 449 4413 Vid.
462 4358 547 4411 lilein.
559 4376 583 4431 p.
596 4359 628 4413 63
641 4366 668 4412 ct
680 4359 720 4414 68.
