3154 5138
849 377 912 442 292

300 566 349 641 rit
364 573 398 627 ιιι
412 566 501 629 hodie
515 566 670 647 loquimur,
685 574 714 628 et
728 566 886 629 theoretice
905 575 934 629 et
952 565 1078 647 practice
1097 564 1290 647 prdclrerrima
1305 584 1329 627 s.
1344 568 1448 647 gravis·

301 668 630 750 sima3nequeveropro
646 669 854 749 cognitione
868 668 1085 750 agnitionem
1099 667 1233 732 hocloco
1243 666 1449 748 ponipotuisse

300 780 422 852 propter
436 790 543 834 sensns
558 771 788 853 ambiguitatem,
804 772 871 834 licet
889 790 951 834 non
971 771 1070 834 desint
1083 770 1229 853 exempla,
1247 769 1298 832 ubi
1317 777 1450 851 ‚,paene‘¹

299 892 354 953 pro
370 874 609 954 cognoscendi
624 875 714 937 verbo
728 875 839 955 legatur
852 893 1061 956 agnoscere,
1077 881 1110 936 ut
1123 873 1199 937 inira
1214 893 1238 936 c
1257 871 1307 948 18,
1322 872 1362 936 49
1376 873 1452 936 etde

299 975 384 1038 Finn.
400 976 437 1049 v,
456 976 509 1051 18,
529 977 579 1039 49.
622 977 735 1040 Horum
756 986 996 1058 argumentorum
1018 976 1089 1038 mihi
1108 983 1245 1041 neutrum
1265 994 1364 1039 rerum
1390 994 1453 1038 csse

267 1087 284 1138 t
300 1078 421 1141 ridetur.
463 1079 506 1141 Ac
518 1079 646 1159 primum
662 1080 781 1161 quidem
795 1081 854 1142 hoc
868 1081 906 1143 de
919 1078 1107 1160 ambiguitate
1121 1076 1227 1139 nollem
1242 1077 1334 1139 aviro
1346 1077 1453 1140 doctis·

298 1180 375 1243 simo
395 1189 585 1264 usurpatum:
606 1183 799 1263 nequeenim
817 1201 948 1264 unquam
969 1180 1041 1244 boni
1056 1180 1215 1260 scriptores
1236 1179 1455 1260 agnitionem

299 1302 354 1366 pro
370 1285 590 1364 cognitione,
605 1304 801 1367 agnoscere
816 1306 872 1368 pro
888 1302 1114 1367 cognoscere
1130 1282 1276 1357 dixerunt,
1292 1289 1322 1344 et
1335 1282 1456 1344 Woldus

297 1386 376 1465 ipse,
391 1404 481 1471 qaum
497 1394 635 1468 „paene“
650 1388 689 1453 ita
713 1387 770 1455 dici
788 1389 842 1463 ait,
866 1395 977 1471 pugnat
993 1404 1088 1469 paene
1106 1403 1215 1451 secum.
1259 1384 1337 1451 Nam
1352 1384 1456 1465 aliprid

299 1497 375 1550 certe
389 1489 577 1564 discriminis,
592 1490 724 1571 quamvis
740 1490 893 1570 exiguum,
909 1509 974 1552 esse
989 1490 1108 1551 latetur:
1132 1488 1211 1567 quod
1226 1486 1253 1548 si
1269 1486 1310 1549 ita
1324 1494 1385 1561 est,
1400 1503 1459 1547 non

299 1608 369 1653 sane
382 1592 540 1655 verendum
562 1601 639 1667 erat,
665 1610 703 1654 ne
722 1592 822 1672 peritis
843 1592 1001 1655 lectoribus
1017 1598 1046 1652 et
1064 1588 1243 1651 discriminis
1264 1586 1344 1651 illius
1364 1588 1459 1668 gnaris

298 1693 470 1774 ambiguitas
485 1712 616 1757 errorem
632 1693 778 1756 obiiceret
808 1694 903 1775 Atque
922 1694 952 1755 in
972 1692 1046 1774 ipsis
1066 1691 1122 1757 illis
1140 1692 1258 1755 duobus
1273 1690 1367 1764 locis,
1387 1709 1460 1772 quos

297 1795 444 1871 indicarit,
471 1795 628 1858 discrimen
646 1795 717 1858 iilud
737 1796 875 1858 declarari
900 1804 1008 1878 potest
1053 1794 1127 1857 Nam
1147 1812 1210 1874 cap.
1230 1791 1287 1867 18,
1309 1793 1353 1855 ts
1373 1811 1459 1874 quum

298 1897 420 1961 Velleius
435 1898 553 1978 Epicuri
572 1898 674 1979 placita
690 1906 718 1960 et
731 1898 846 1961 invento
868 1897 982 1961 acutius
1001 1904 1031 1960 et
1050 1896 1125 1959 diota
1140 1895 1279 1959 subtilius
1295 1915 1366 1959 esse
1380 1896 1462 1967 dicat,

298 2018 384 2081 quam
399 2009 433 2062 ut
444 2000 537 2081 quiris
552 2019 585 2062 ca
600 2001 697 2081 possit
711 2019 916 2081 agnoscere,
931 2000 990 2063 hoc
1004 1999 1084 2073 dicit,
1104 2017 1166 2062 non
1181 1997 1265 2060 facilc
1281 1998 1418 2079 quemvis
1432 2017 1463 2060 ee

296 2102 447 2183 percipere
460 2103 670 2184 veritatemque
685 2121 789 2165 eorum
804 2103 961 2184 intelligere
976 2121 1080 2185 posse,
1094 2102 1124 2164 id
1138 2101 1218 2183 quod
1234 2118 1302 2163 nen
1318 2100 1464 2182 signitica-

296 2214 354 2280 ret‚
373 2205 400 2267 si
419 2223 640 2287 cognoscere
665 2204 794 2267 dixisset
838 2205 910 2267 Nam
931 2205 1108 2285 cognosci
1127 2212 1262 2285 pessunt
1281 2203 1373 2266 mium
1393 2221 1464 2283 quae

295 2324 357 2368 non
371 2307 584 2388 intelliguntur:
599 2306 734 2387 agnitio
750 2307 816 2368 sine
829 2306 1016 2388 perceptione
1029 2306 1210 2369 etinteilectu
1217 2307 1304 2369 nulla
1316 2314 1373 2369 est
1394 2305 1465 2367 item

295 2408 325 2470 in
342 2408 434 2471 altero
451 2410 531 2488 loco,
550 2410 585 2472 de
600 2410 685 2473 lieu.
701 2410 739 2484 ll,
761 2409 814 2485 18,
833 2409 887 2484 411,
902 2408 953 2471 ubi
966 2426 1069 2471 versus
1083 2427 1119 2471 er
1129 2408 1264 2471 lionam
1281 2407 1423 2473 conversi
1436 2405 1465 2468 hi

296 2518 380 2574 sunt:

438 2614 463 2676 θ
479 2614 570 2677 decus
585 2614 764 2695 Argodmm
780 2613 852 2695 quin
865 2614 991 2696 puppim
1006 2613 1108 2689 flectis,
1123 2611 1249 2677 lllires‘i

437 2716 566 2781 Auribus
580 2724 615 2779 ut
628 2727 749 2780 nostres
763 2717 864 2797 possis
879 2734 1038 2798 agnoscere
1054 2726 1166 2778 cautus.

294 2817 438 2880 Exaudite
453 2818 569 2899 quidem
586 2818 722 2881 Sirenum
738 2827 854 2883 cantum
869 2827 899 2881 et
912 2836 1092 2900 cognoscere
1104 2817 1201 2880 Ulixes
1216 2818 1315 2882 etiarn
1336 2819 1369 2882 in
1382 2836 1468 2901 prae-

294 2920 470 2982 tervehendo
486 2928 610 3001 poterat,
625 2939 687 2983 uon
703 2921 800 2983 minus
815 2940 903 3003 quem
918 2920 1004 2983 verba
1019 2918 1230 3001 eloquentium
1245 2922 1374 2991 erudit
1385 2931 1470 3002 atque

295 3021 463 3101 cognoscit:
477 3040 636 3101 agnoscere
652 3031 750 3086 autern
764 3030 881 3085 cantum
896 3024 925 3086 h.
946 3043 970 3085 e.
986 3042 1060 3104 quae
1080 3030 1109 3085 et
1128 3021 1224 3103 qmlia
1244 3023 1317 3088 iliae
1332 3031 1472 3088 caumont

293 3125 451 3204 intelligere
470 3142 532 3187 non
559 3132 687 3204 potarat,
713 3125 770 3187 nisi
800 3125 928 3187 flecteret
957 3142 1062 3187 norem
1091 3142 1282 3207 cmsunaquc
1312 3128 1469 3190 testeos

292 3227 414 3307 Nempe,
430 3235 462 3289 nt
476 3244 538 3288 rem
554 3226 634 3291 breri
648 3226 840 3307 complectar,
862 3246 1083 3308 cognoscere
1101 3226 1133 3288 iu
1151 3227 1340 3295 universum
1356 3229 1472 3302 dieitur,

293 3328 408 3391 obires
423 3327 518 3409 aliqua
532 3346 549 3389 a
563 3326 649 3391 nobis
664 3328 903 3395 animaduertitur
917 3341 945 3393 ct
959 3331 995 3393 ad
1010 3328 1144 3392 notitiam
1162 3339 1314 3395 nostem
1328 3332 1471 3415 pervenit,

292 3447 491 3510 agnoscere
507 3438 603 3492 autem
619 3438 681 3493 mm
697 3431 815 3495 demumr
827 3480 835 3507 ,
849 3432 902 3495 ubi
919 3433 999 3496 notis
1018 3432 1203 3514 qmbusdam,
1227 3454 1316 3516 quse
1332 3446 1364 3501 et
1379 3436 1472 3519 qualis

292 3551 324 3593 ea
339 3552 387 3594 res
402 3532 454 3606 sit,
473 3532 601 3595 iudicare
619 3542 649 3596 et
667 3542 794 3597 statuere
807 3554 979 3616 pessumus.
1024 3535 1124 3616 itaque
1141 3554 1238 3616 guum
1260 3538 1359 3603 iatius
1374 3548 1473 3622 pateat

292 3652 510 3714 cognoscere
525 3653 613 3716 quam
628 3656 836 3718 agnoscere,
850 3638 920 3700 iliud
932 3638 1049 3720 quidem
1061 3638 1166 3712 licebit,
1181 3647 1218 3703 ut
1235 3661 1474 3723 cognoscere

291 3736 437 3811 dicemus,
465 3738 516 3802 ubi
539 3740 668 3820 potuerit
692 3740 779 3803 etiam
803 3742 966 3803 accuratius
986 3758 1181 3822 agnoscere
1200 3742 1328 3824 dici²lz
1356 3764 1472 3828 agno·

290 3857 391 3901 scere
406 3848 501 3903 autem
517 3859 572 3922 pro
589 3861 806 3924 cognoscere
821 3842 1066 3909 muronicam
1096 3842 1196 3923 Neque
1208 3846 1301 3910 enirn
1318 3869 1403 3932 opes
1418 3858 1473 3922 est,

290 3941 403 4003 etiamsi
423 3943 541 4024 quando
559 3944 663 4007 notitia
681 3953 785 4007 uostm
805 3964 872 4007 cum
891 3952 970 4007 certo
993 3945 1032 4007 de
1044 3945 1086 4008 rei
1102 3945 1245 4025 malitate
1262 3950 1388 4016 iudicio
1399 3970 1473 4016 eou-

288 4043 386 4106 iuncta
406 4053 460 4120 est,
486 4045 545 4108 hoc
564 4047 651 4110 etiam
671 4046 766 4111 verbis
786 4047 894 4111 diserte
915 4046 1051 4125 indicari,
1069 4047 1120 4110 ubi
1139 4056 1245 4113 auum
1262 4064 1361 4119 nous
1376 4056 1474 4119 nullas

285 4369 310 4425 v
353 4285 381 4384 1)
400 4286 1201 4424 ΕΕΒέἱοιιίιιιρ.27811οιο.-Μι1νίς.ιι1(1.1101111111).
1222 4294 1294 4352 281.
1322 4299 1425 4371 Zumpt
1443 4300 1474 4354 ed

310 4386 422 4440 errrnp.
486 4409 493 4424 .
