3276 5144
676 513 829 611 ..l-⁸2..

170 698 387 763 Ghollidensem
408 718 440 763 se
458 720 525 763 esse
539 700 727 782 profitentem
742 718 770 761 a.
787 699 859 773 406,
882 697 961 761 unde
974 699 1165 763 manifestum
1180 716 1247 764 esse
1261 717 1332 763 cen-

168 822 270 865 semus
284 821 345 865 non
360 803 450 865 alium
465 804 527 866 eius
541 821 649 884 pagum
664 821 753 882 pam
763 801 910 864 Chollidas
924 801 1032 878 tubam
1046 803 1104 865 hue
1118 803 1206 883 igitur
1220 822 1288 866 eum
1300 822 1332 866 se

168 907 313 987 recepisse
327 912 396 986 post
410 925 437 966 v.
453 905 529 979 203,
552 905 652 985 ibique
665 905 809 987 reliquam
824 905 916 965 totius
930 903 1045 966 lahulae
1056 915 1171 985 partem
1187 925 1280 986 usque
1295 906 1333 969 aul

168 1009 258 1069 linem
274 1008 372 1088 peragi
386 1009 530 1070 dicemus.
559 1008 596 1068 Et
611 1008 732 1071 luerunt
746 1014 855 1079 umen,
873 1007 924 1085 qui
939 1006 976 1069 de
990 1025 1023 1067 rc
1038 1015 1139 1069 nostro
1150 1008 1257 1071 iudicio
1268 1008 1332 1088 pla·

167 1111 290 1172 nissima
306 1109 482 1183 dubitarent,
499 1116 529 1171 et
544 1109 741 1190 llicaeopolin,
755 1109 781 1170 ai
796 1107 898 1170 miuus
913 1107 1010 1189 ipsum
1022 1106 1240 1172 Acharneusem
1255 1130 1331 1186 esse,

168 1230 219 1274 rus
245 1218 345 1275 tamen
370 1220 449 1274 certe
469 1211 610 1274 Achaanis
632 1210 798 1292 possidere,
825 1226 921 1289 eoque
939 1228 973 1272 aa
991 1211 1137 1291 recepisse
1158 1220 1331 1275 statuerent.

169 1314 270 1396 Neque
296 1332 352 1376 nos
376 1332 518 1395 negamus
547 1314 610 1376 lieri
630 1313 775 1394 potuisse,
802 1319 836 1373 ut
862 1311 927 1390 quis
947 1312 1063 1393 inpegi
1082 1313 1207 1377 alieuius
1225 1315 1333 1383 tabulis

169 1416 350 1480 laxiarchieis
365 1418 522 1498 inscriptus
536 1424 616 1479 esset
629 1435 663 1479 er
679 1433 774 1495 eoque
785 1413 1053 1494 cognominaretur,
1069 1415 1099 1476 in
1111 1434 1169 1494 quo
1181 1434 1237 1480 nec
1247 1417 1332 1481 habi-

168 1525 244 1582 taret
265 1519 327 1601 ipse
343 1535 438 1600 neque
454 1519 657 1599 possessiones
673 1516 809 1590 baberet3
828 1534 886 1596 qua
901 1514 937 1576 de
951 1533 984 1577 re
999 1534 1092 1597 quum
1107 1518 1221 1581 ebullis
1236 1527 1300 1582 tum
1315 1539 1333 1582 a

169 1621 256 1684 nobis
277 1621 307 1682 in
325 1622 400 1684 libro
421 1622 458 1683 de
478 1621 605 1684 comitiis
620 1619 688 1682 Aah.
707 1638 737 1700 p.
754 1617 815 1680 366
835 1627 866 1681 et
883 1618 914 1681 in
928 1620 1083 1701 Antiquitt.
1104 1622 1123 1684 i.
1139 1640 1168 1704 p.
1182 1624 1284 1687 Graec.
1300 1645 1330 1706 p.

169 1723 231 1787 202
247 1724 414 1805 expositum
430 1732 485 1786 est.
516 1723 651 1785 Potuisse
666 1721 754 1802 igitur
769 1720 855 1783 etiam
872 1721 1069 1804 llicaeopolin,
1085 1723 1153 1787 licet
1165 1725 1332 1789 Cholliden-

169 1828 246 1890 sium
267 1845 342 1907 pago
362 1826 542 1907 adscriptum
564 1835 653 1905 atque
675 1824 743 1885 hinc
759 1822 976 1887 Chollidensem
998 1827 1254 1906 cognominatum,
1278 1848 1331 1892 sus

169 1934 268 1990 umen
282 1946 370 1991 suum
386 1929 430 1989 vel
444 1928 584 1990 dcharms
599 1927 644 1987 rel
659 1926 688 1987 in
703 1926 759 1986 alio
775 1925 913 2006 quopiam
926 1945 1001 2007 pago
1012 1928 1120 1991 hahere
1131 1932 1330 1995 concedimus.

169 2030 245 2103 Quid
266 2038 366 2091 autem
386 2046 558 2110 permovere
579 2027 805 2107 Aristophanem
821 2029 964 2107 potuerit,
985 2037 1019 2093 ut
1033 2030 1219 2113 llicaeopolin
1239 2054 1331 2097 saum

173 2133 210 2194 ab
241 2131 297 2195 alio
323 2148 414 2211 quam
439 2130 471 2192 in
497 2148 556 2210 quo
582 2129 727 2191 babitaret
752 2148 827 2210 pago
853 2140 1082 2211 cognomentum
1108 2154 1209 2214 gerere
1235 2137 1330 2213 uellet,

170 2233 286 2296 dilllcile
309 2234 366 2295 erit
385 2234 422 2295 ad
442 2232 638 2315 probandum.
675 2231 747 2293 listo
768 2233 865 2307 enim,
893 2233 973 2313 quod
996 2235 1085 2297 reteri
1104 2238 1280 2301 scholiastae
1299 2241 1330 2301 in

169 2344 299 2399 mentem
322 2336 400 2397 seuit
420 2353 475 2396 neo
488 2335 622 2415 Berglero
638 2333 799 2415 displiciut,
821 2335 953 2398 allusisse
968 2355 1037 2401 eum
1052 2339 1087 2399 ad
1103 2334 1224 2418 χωλός,
1246 2342 1330 2422 quasi

169 2438 349 2519 llicaeopolin
363 2456 395 2500 se
410 2437 547 2502 claudum
562 2456 626 2500 csse
641 2438 761 2512 diceret,
778 2456 837 2519 quo
852 2440 1121 2505 benevolentiorem
1136 2444 1257 2507 baberet
1267 2446 1329 2507 llu-

168 2542 292 2623 ripidem
312 2540 485 2603 claudorum
507 2547 683 2613 amatorem,
705 2541 805 2619 quales
825 2542 910 2603 mulli
924 2543 954 2604 iu
970 2544 1032 2606 eius
1048 2547 1202 2624 tragoediis
1216 2556 1328 2611 essent:

169 2661 348 2725 quamquam
370 2643 443 2706 mihi
461 2642 519 2704 hoc
538 2642 626 2705 nimis
646 2644 731 2723 longe
750 2643 909 2723 repetitum
929 2654 958 2705 ot
977 2648 1109 2726 argutius
1123 2668 1219 2712 -ne
1234 2651 1329 2714 dicam

167 2746 322 2808 absurdius
341 2763 492 2826 —quam
520 2744 698 2825 probabilius
724 2747 922 2825 ercoghatum
946 2768 1011 2811 esse
1031 2749 1161 2813 videtur:
1188 2761 1328 2830 attamen,

168 2849 283 2910 etiamsi
304 2849 360 2911 hac
374 2866 461 2910 causa
476 2856 646 2927 permotum
661 2867 727 2909 esse
742 2848 965 2929 Aristophanem
981 2869 1151 2926 sumamus,
1170 2861 1204 2918 ul
1219 2858 1328 2921 cholt-

168 2951 289 3013 densem
309 2951 410 3030 potius
431 2949 618 3031 llicaeopolin
639 2968 729 3031 quam
752 2956 803 3012 aut
825 2952 1019 3032 Collytensem
1040 2964 1091 3017 aut
1112 2956 1328 3038 Phegaeensem

166 3062 217 3117 aut
236 3053 448 3133 Pergasensem
468 3053 591 3126 laceret,
611 3053 692 3114 unde
712 3054 831 3115 tandem
851 3054 926 3116 ellici
947 3063 1058 3134 potest,
1079 3076 1148 3121 eum
1164 3077 1224 3123 non
1240 3064 1328 3127 etiam

166 3173 234 3218 rere
255 3155 472 3217 Cbollidensern
499 3156 528 3218 b.
557 3174 582 3215 o.
610 3153 675 3234 pagi
697 3154 895 3218 Chollidarum
922 3156 1116 3222 habitatorem
1143 3162 1327 3245 llicaeopolin

166 3258 267 3320 haberi
295 3254 444 3319 voluisse?
473 3256 555 3319 Eltici
580 3258 637 3318 boe
656 3259 690 3317 A.
707 3255 845 3319 Millerus
867 3278 954 3341 posse
975 3262 1066 3324 credit
1084 3263 1200 3327 duobus
1223 3269 1327 3341 verbis,

166 3361 273 3441 qudrus
289 3360 472 3442 llicaeopolis
486 3361 581 3422 utitur
596 3380 621 3421 v.
638 3359 688 3431 34,
705 3379 796 3440 quum
812 3379 920 3443 pagum
935 3380 1023 3426 suum
1039 3384 1071 3427 se
1083 3367 1245 3432 desiderare
1260 3370 1329 3434 dicit

388 3452 425 3536 de
447 3452 659 3525 οὐδεπώποτ’
682 3450 775 3524 εἶπεν
797 3453 968 3544 ἄνθρακας
989 3461 1088 3550 πρίω,

389 3556 447 3626 οὐκ
470 3554 556 3641 ὅξος,
579 3555 639 3627 οὐκ
661 3557 783 3642 ἔλαιον,
807 3555 878 3627 odo'
901 3557 977 3650 ᾔδει
1000 3568 1098 3649 πρίω,

391 3656 462 3727 ἀλλ’
483 3658 584 3741 αὐτός
607 3658 705 3752 ἔφερε
727 3661 848 3730 πάντα.

255 3767 331 3829 llino
351 3766 431 3829 enim
446 3770 602 3850 consequi,
622 3770 653 3831 in
668 3769 730 3832 eius
746 3789 821 3853 pago
836 3771 978 3834 carbones
992 3790 1053 3835 nou
1068 3775 1186 3839 aliunde
1199 3779 1329 3843 invectos

164 3877 196 3933 et
211 3889 278 3934 aere
294 3871 451 3943 emendos,
474 3872 524 3933 sed
540 3871 577 3933 ab
591 3871 662 3956 ipsis
677 3874 795 3955 paganis
809 3880 926 3956 paratos
942 3876 1042 3953 luisse,
1064 3877 1093 3940 io
1108 3888 1206 3943 eutem
1222 3899 1283 3944 non
1297 3883 1327 3944 iu

165 3973 379 4036 Chollidensem
400 3992 523 4057 pagum,
545 3975 596 4036 sed
618 3975 649 4036 iu
663 3975 883 4039 belesmensem
898 3978 1015 4041 cadere:
1036 4000 1106 4062 ergo
1122 3984 1262 4045 hebsrnis
1276 3985 1327 4047 ui-

164 4077 317 4159 caaopolin
331 4095 393 4139 non
405 4077 545 4140 Chollidis
559 4094 611 4138 rus
626 4096 714 4139 suum
730 4079 877 4141 babuisse.
891 4112 931 4125 -
945 4082 1021 4145 Sane
1033 4085 1176 4165 plurimos
1188 4087 1328 4150 dabamis

165 4178 351 4241 carbonarios
365 4179 458 4241 luisse
472 4179 546 4241 haec
560 4179 623 4260 ipsa
634 4180 731 4242 tabula
743 4183 940 4244 demonsiret:
954 4186 1006 4247 sed
1018 4187 1048 4248 hi
1059 4188 1115 4270 ipsi
1126 4189 1327 4253 Acharneusos

165 4281 331 4344 carbonarii
346 4283 433 4346 etiam
450 4283 507 4346 hoc
521 4283 726 4346 demonstrare
737 4284 883 4359 videntur,
899 4286 930 4347 in
942 4306 976 4348 eo
988 4307 1073 4370 pago,
1089 4290 1137 4353 ubi
1149 4291 1329 4374 llicaeopolis

164 4383 276 4446 habitat
296 4391 326 4445 et
338 4403 386 4447 res
401 4385 499 4448 omnia
514 4386 582 4448 inde
596 4406 623 4448 a.
639 4405 665 4447 r.
683 4385 746 4447 233
762 4388 866 4467 agitur,
883 4390 1025 4454 mones
1039 4392 1130 4454 luisse
1143 4412 1205 4456 non
1220 4396 1328 4459 ibidem

162 4494 282 4570 paratos
302 4487 353 4549 sed
370 4488 510 4552 labeonis
530 4490 676 4552 adrectos.
708 4488 783 4552 Nam
803 4510 829 4552 u.
852 4490 928 4566 333,
951 4510 1043 4572 quum
1064 4503 1181 4578 arrepto
1202 4500 1329 4583 cophino
