3190 5136
670 444 727 506 161

115 628 335 691 nubumloeum
342 629 472 691 inveniri
481 629 614 705 arbitror,
628 630 659 691 in
674 648 733 710 qno
749 647 809 691 non
824 628 957 693 adiuncta
967 629 1035 691 huic
1044 630 1133 692 verbo
1144 636 1282 710 appareat

115 731 207 811 atiquo
221 738 275 793 aut
288 730 479 811 praedicandi
494 740 523 795 et
535 731 680 807 laudandi,
694 740 744 794 aut
757 730 947 813 approbandi,
958 738 1008 795 aut
1024 732 1174 806 suadendi,
1190 752 1276 814 prae-

116 833 251 915 cipiendi,
267 833 446 896 admonendi
462 834 643 915 significatio,
659 833 711 906 vel,
726 842 760 896 ut
774 852 832 896 uua
846 834 1017 897 definitione
1033 833 1131 897 omnia
1148 835 1278 916 comple-

117 946 186 1012 ctar,
200 927 308 999 αἰνεῖν
317 956 379 1000 non
390 944 437 1001 est
450 937 564 1000 dicere
579 937 748 1017 simpliciter
758 937 802 998 vel
816 936 990 1011 indicare,
1006 937 1058 998 sed
1070 937 1280 1018 semporhabet

117 1038 242 1121 adquam
254 1039 355 1102 iudicii
367 1060 402 1103 ac
417 1040 570 1102 voluntatis
581 1038 872 1119 adsignificationem,
888 1057 961 1119 qnae
972 1039 1073 1103 eadem
1088 1047 1134 1102 est
1147 1041 1234 1103 etiam
1249 1041 1279 1102 in

11 1212 13 1217 ‚
117 1142 304 1205 substantivo
325 1129 424 1218 αἶνος.
460 1142 537 1205 Hinc
550 1143 663 1206 tabulae
678 1129 766 1205 αἷνοι
782 1142 930 1218 dicuntur,
949 1143 1089 1223 quoniam
1110 1143 1168 1205 hoc
1187 1160 1279 1223 genus

11 1290 13 1333 ἶ
117 1245 327 1309 narrationum
347 1264 465 1326 semper
485 1243 591 1325 aliquid
611 1245 758 1326 praecepti
778 1245 808 1307 in
828 1264 861 1307 se
877 1244 976 1308 babet:
1003 1253 1033 1308 et
1051 1246 1142 1309 Ulixis
1163 1263 1279 1327 quoque

11 1344 13 1371 ;
115 1348 255 1423 narratio,
270 1348 327 1410 0d.
339 1346 411 1422 XIV,
426 1365 515 1427 quam
526 1346 712 1409 manifestum
723 1356 768 1410 est
778 1367 813 1410 eo
826 1348 949 1412 consilio
960 1349 1081 1423 narrari,
1095 1360 1129 1412 ut
1139 1349 1279 1411 admone-

116 1462 180 1514 atur
194 1452 347 1514 Eumaeus
362 1457 474 1512 vestem
488 1450 594 1530 algenti
608 1449 803 1531 praebendam
819 1468 899 1523 esso,
919 1459 1074 1533 propterea
1090 1451 1126 1514 ab
1141 1451 1280 1523 idumaeo,

116 1562 248 1617 mentem
265 1553 356 1616 Ulixis
371 1551 577 1633 perspiciente,
597 1539 687 1627 αἶνος
702 1552 816 1627 dicitur,
831 1573 857 1614 v.
873 1553 944 1616 508.
960 1556 1058 1629 Quum
1079 1561 1174 1616 auum
1191 1540 1283 1626 αἶνος

116 1657 153 1718 dc
165 1657 278 1720 threno
293 1655 409 1730 dicitur,
424 1656 562 1737 reiutAg.
578 1675 605 1716 v.
624 1655 704 1718 1513
720 1654 908 1717 manifestum
924 1665 977 1730 est,
993 1657 1040 1718 hic
1055 1674 1173 1737 qnoque
1188 1655 1280 1734 signi-

116 1758 285 1821 ficationem
300 1756 424 1819 alicuine
438 1755 722 1836 praedicationis
743 1757 883 1820 obtinere.
896 1793 938 1803 —
953 1758 1028 1821 Hinc
1038 1757 1127 1837 igitur
1140 1774 1281 1838 apparere

116 1868 202 1941 puto,
225 1866 335 1923 nostro
353 1859 419 1922 loco
436 1851 537 1923 circio
556 1859 624 1921 ferri
640 1876 700 1921 non
719 1878 823 1940 posse,
844 1861 895 1923 sed
910 1859 1097 1923 sumendum
1112 1878 1191 1934 esse,
1211 1851 1280 1922 ὅτι

116 1997 157 2008 -
170 1955 280 2042 Θέμις
293 1953 381 2025 αἰνεῖ
392 1963 422 2024 h.
437 1981 462 2024 e
479 1961 571 2044 qnod
588 1961 653 2023 Fas
673 1969 707 2023 te
722 1962 840 2025 dicere
858 1962 902 2025 vel
921 1963 1020 2026 iubet
1039 1964 1082 2025 vel
1102 1960 1281 2044 approbat

117 2063 179 2126 sive
193 2063 294 2126 sinit

202 2165 348 2230 Omnium
362 2165 567 2229 vexatissimus
581 2165 664 2228 locvm
680 2174 725 2227 ost
739 2186 765 2227 v.
783 2167 857 2229 105:

324 2304 365 2315 -
388 2306 429 2314 —
451 2260 503 2331 ἔτι
525 2264 586 2351 γὰρ
609 2260 738 2331 θεόθεν
760 2260 955 2331 acoemeto

323 2366 441 2434 πειθώ
462 2366 597 2452 μολπὰν
619 2362 723 2433 ἀλκὰν
744 2363 914 2457 σύμφυτος
936 2361 1025 2433 uiris.

117 2474 154 2539 de
172 2493 236 2555 qno
260 2472 286 2535 si
308 2473 436 2536 diversas
456 2472 648 2553 interpretum
668 2472 827 2535 ecutemias
847 2491 952 2535 omnes
970 2491 1147 2555 percensere
1164 2472 1278 2545 veliem,

115 2575 278 2640 tdvermriri
289 2575 520 2638 conscribendus
532 2584 618 2636 esset,
645 2574 957 2638 Tenueruntnonnnlli
972 2575 1281 2649 codicumlectionem,

117 2697 207 2760 qnam
222 2677 397 2740 Khuseuius
414 2677 458 2739 sic
471 2677 690 2756 interpretatio:
712 2677 762 2739 dii
782 2696 834 2738 me
851 2677 891 2739 ad
913 2676 1106 2740 cauendum
1122 2678 1280 2740 suscita-

117 2789 247 2844 verunt
261 2780 408 2862 iustique
420 2778 754 2861 temporisadventu
767 2778 1281 2861 fiduciamsuppeditavernnt.

117 2884 158 2946 De
171 2884 257 2947 iusto
273 2891 405 2965 tempore
420 2901 503 2945 mor:
524 2899 603 2945 nunc
624 2883 661 2944 de
679 2881 755 2943 iusta
775 2881 930 2944 verborum
946 2867 1165 2945 constructione
1178 2881 1280 2944 viden-

116 2988 189 3051 dum
204 2986 272 3049 erit.
317 2985 414 3048 Unum
433 2985 577 3049 habemns
591 2983 819 3056 nominativum,
840 2975 934 3060 αἶιόν,
956 2985 1077 3047 verbum
1098 2986 1168 3048 item
1187 3002 1280 3047 unum

117 3078 332 3164 autumabat,
351 3086 534 3150 accusativos
555 3094 652 3150 antem
672 3085 708 3149 ab
723 3086 780 3147 boc
795 3084 883 3147 verbo
898 3087 1061 3166 pendentes
1078 3098 1138 3151 tres
1154 3079 1279 3162 πειθώ,

11 3194 12 3239 ³
115 3188 264 3275 μολπάν,
280 3182 390 3254 εἷλκόν.
434 3190 501 3252 Non
516 3197 655 3271 poterunt
669 3187 765 3269 igitur,
785 3187 834 3269 qui
848 3196 944 3250 rectae
959 3189 1186 3252 constructionis
1202 3189 1281 3269 leges

117 3316 236 3360 ware
249 3294 367 3369 volent,
386 3293 469 3356 aliter
488 3293 560 3355 baec
575 3292 720 3373 accipere,
740 3309 826 3371 quam
847 3298 880 3352 ut
895 3281 976 3353 αἰών
994 3291 1056 3353 sive
1075 3299 1215 3373 tempus
1235 3291 1282 3352 in-

118 3401 234 3480 spirare
249 3396 364 3460 dicaurr
378 3395 522 3470 fiduciam,
533 3403 661 3469 cantum,
674 3393 776 3457 robur.
821 3393 958 3456 Additum
974 3394 1143 3456 adverbium
1156 3387 1283 3457 θεόθεν

120 3497 315 3582 significabit,
335 3499 393 3560 boc
406 3497 469 3560 tieri
484 3495 630 3560 divinitus.
674 3495 751 3571 Quid
766 3492 877 3577 igitur?
896 3496 1059 3559 deorumne
1073 3496 1194 3559 numine
1208 3495 1284 3557 banc

120 3603 178 3666 vim
193 3598 326 3682 tempori
340 3598 478 3662 uibutam
494 3618 561 3662 esse
576 3598 722 3672 dicemus,
748 3606 782 3661 nt
796 3596 843 3661 illa
860 3599 916 3661 tria
935 3595 1080 3678 inspiret?
1105 3615 1142 3660 an
1157 3589 1284 3660 θεόθεν

119 3705 154 3768 ad
173 3722 272 3768 unum
293 3701 489 3765 accusativum
509 3693 625 3764 noted
643 3701 791 3781 pertinere
815 3700 1012 3775 censebimus,
1039 3707 1071 3763 ut
1094 3699 1283 3780 significetur,

120 3807 260 3871 fiduciam
275 3803 362 3879 illam,
377 3823 464 3886 quam
480 3813 598 3884 tempus
612 3803 744 3884 inspiret,
758 3803 895 3866 divinitus
911 3802 1033 3866 inditam
1045 3800 1133 3865 esse?
1149 3801 1198 3863 Sic
1211 3818 1281 3881 ergo

120 3910 158 3972 dii
172 3908 278 3991 potins
293 3926 381 3988 qnam
396 3914 513 3987 tempus
528 3925 593 3969 eam
609 3905 753 3986 inspirare
769 3905 882 3969 dicendi
899 3913 990 3980 erant,
1005 3906 1092 3986 idque
1108 3903 1282 3967 Kiansenins

121 4030 239 4093 qnoque
254 4009 387 4071 sensisse
407 4009 629 4091 quodammodo
650 4007 775 4083 videtur,
801 4027 892 4088 quum
908 4009 939 4070 in
960 4008 1177 4089 interpretando
1198 4007 1283 4067 deos

11 4162 12 4165 ,
121 4123 262 4195 tanquam
275 4111 440 4175 subiectum
449 4109 655 4173 enuntiationis
664 4119 763 4191 ponat.
792 4108 1282 4192 Quamquamquarationereliqua

11 4192 12 4209 ό
122 4216 208 4279 verba
223 4213 435 4289 construxerit,
454 4212 533 4274 nullo
548 4213 639 4276 modo
654 4212 781 4294 perspici
797 4222 903 4294 potest.
949 4211 1151 4274 certissimum
1168 4218 1212 4271 est
1226 4226 1280 4270 au·
1298 4224 1331 4273 νο

122 4325 192 4394 um,
204 4326 315 4382 rectam
330 4334 492 4397 sanamque
507 4334 610 4378 eorum
622 4315 872 4378 constmctionem
887 4315 997 4379 unllam
1012 4334 1087 4377 esse.
1126 4311 1279 4375 Scbdtzius

127 4419 156 4481 iu
171 4419 216 4482 ed
231 4420 351 4484 minore
366 4435 437 4482 ann.
453 4417 533 4481 1800
554 4418 629 4480 edita
649 4411 767 4481 πειθώ
781 4418 994 4482 nominativum
1014 4437 1081 4480 esse
1100 4412 1214 4486 statuit,
1235 4411 1281 4471 lo·

165 4521 212 4585 Hb
1046 4519 1081 4578 11
