3276 5144
733 446 796 510 247

760 536 843 543 ..F-

188 657 271 721 ρον,
297 629 375 699 ἐπεὶ
395 629 435 699 τὰ
459 624 531 697 ἀπὸ
551 634 661 718 τρίτου
683 628 914 720 παραγόμενον
937 624 1017 698 α’πὸ
1038 628 1226 720 σννᾶρθροο
1249 628 1350 701 ἐστίν.

188 741 301 821 Nempe
316 757 409 819 quum
424 744 527 801 contra
540 758 602 810 eos,
624 740 674 820 qui
697 741 727 802 in
751 730 846 819 οἴμοι
868 755 1034 819 pronomen
1056 739 1152 801 inesse
1174 739 1351 817 iudicabant,

189 843 313 925 uerbum
327 842 363 904 ab
380 832 474 918 οἴμοι
490 841 612 905 ductum
628 834 760 922 οἰμώζω
775 842 922 911 afferatur,
941 841 972 902 in
991 841 1045 902 bac
1064 842 1262 923 disputatione
1276 843 1349 907 satis

188 948 294 1019 fuerat,
308 946 421 1026 primae
435 963 578 1026 personae
593 962 762 1026 pronomen
777 944 1020 1020 commemorari3
1043 944 1160 1007 additur
1181 952 1282 1007 tamen
1304 946 1351 1007 in-

188 1066 279 1130 super
296 1066 335 1109 ne
357 1068 374 1110 a
394 1048 539 1111 secundae
562 1048 681 1128 quidem
704 1065 846 1130 personae
865 1048 1043 1130 pronomine
1058 1046 1145 1109 rerba
1159 1046 1297 1122 derivari,
1319 1049 1352 1110 in

189 1150 275 1213 tertia
299 1169 369 1213 roro
394 1168 521 1231 persona
545 1169 609 1213 rem
635 1150 732 1233 paullo
755 1150 839 1211 aliter
859 1168 892 1211 so
913 1149 1038 1224 habere,
1061 1149 1207 1230 siquidem
1229 1149 1351 1213 uerbum

191 1247 371 1335 σφετερίζω
385 1271 446 1315 non
461 1254 580 1335 quidem
596 1252 632 1316 ab
649 1253 712 1333 ipso
732 1252 879 1335 personali
902 1253 1089 1333 pronomine,
1116 1253 1168 1314 sed
1193 1259 1293 1315 tamen
1315 1252 1351 1315 ab

190 1355 278 1419 huius
292 1374 435 1436 personae
448 1357 616 1437 possessivo
632 1347 716 1435 (cinci
732 1348 930 1439 σονᾶρθρου)
945 1354 1056 1417 iactum
1071 1355 1118 1430 sit,
1134 1356 1214 1436 quod
1230 1362 1352 1438 propter

190 1458 267 1520 hanc
281 1458 375 1539 ipsam
391 1478 509 1522 causam
527 1449 648 1539 ἄλογον
670 1477 735 1521 esse
750 1458 864 1531 dicitur,
886 1458 915 1519 h.
932 1478 958 1521 e.
975 1458 1120 1521 diversam
1135 1458 1281 1521 rationem
1296 1458 1352 1521 ba·

190 1560 259 1622 bere
274 1579 363 1641 quam
379 1554 521 1642 οἰμώζω,
537 1562 616 1641 quod
632 1561 668 1623 ab
683 1561 747 1642 ipso
762 1561 911 1642 personali
924 1552 985 1640 μοι’
1000 1560 1177 1623 descendere
1192 1561 1351 1624 dicendum

164 1730 167 1735 ⁴
189 1663 275 1738 ioret,
291 1663 317 1725 si
332 1664 389 1727 hoe
403 1665 432 1725 in
448 1655 543 1744 οἷ’μοι
565 1663 662 1726 inesse
677 1670 865 1726 statueretur.
893 1663 1031 1726 Ceterum
1046 1664 1134 1726 etiam
1150 1663 1186 1725 ab
1202 1663 1267 1744 ipso
1281 1682 1351 1746 per·

190 1767 283 1829 sonali
308 1766 412 1829 tertiae
436 1783 580 1846 personae
605 1766 781 1846 pronomine
801 1757 874 1850 σφέ,
901 1766 984 1828 cuius
1000 1765 1126 1847 priscam
1142 1767 1269 1829 sormam
1285 1761 1353 1831 out

190 1867 280 1930 luisse
294 1875 420 1942 constat,
432 1867 555 1930 verbum
566 1861 695 1941 oFe'doa
711 1866 780 1930 hinc
790 1876 890 1930 autem
903 1861 1011 1943 Floro,
1027 1869 1154 1949 deniqne
1165 1860 1246 1943 ibo,
1262 1870 1352 1933 item·

191 1988 248 2050 que
272 1990 290 2032 a
315 1969 404 2032 latino
431 1969 608 2052 pronomine
632 1970 687 2031 sui
713 1988 846 2033 suesco
872 1970 985 2034 factum
1006 1989 1071 2033 esse
1085 1988 1181 2052 nuper
1195 1972 1351 2048 Cbrisdus,

190 2072 269 2135 baud
283 2073 344 2135 scio
359 2090 398 2135 an
416 2074 540 2153 primus,
561 2071 685 2134 coniecit
707 2073 785 2150 (Aul.
801 2073 853 2134 der
866 2072 974 2153 griecb.
990 2073 1147 2137 Leutlehrc
1160 2092 1189 2155 p.
1210 2074 1294 2152 121),
1315 2077 1352 2139 de
1422 2147 1425 2151 ‚

192 2194 248 2256 qua
269 2175 437 2239 coniectura
458 2176 527 2256 quid
549 2175 738 2239 iudicandum
756 2176 808 2250 sit,
829 2195 846 2237 a
865 2176 1011 2256 linguislis
1030 2178 1157 2240 tortasse
1171 2178 1227 2241 sub
1241 2179 1351 2243 llubnii

192 2278 294 2341 uexillo
309 2277 503 2341 militantibus
517 2296 572 2340 noe
587 2279 765 2360 semipagani
781 2278 978 2342 edocebimur.

274 2381 420 2463 Loquitur
441 2381 577 2462 deinceps
592 2382 763 2464 Apollonius
783 2383 819 2444 de
841 2377 893 2444 δεῖ
911 2390 941 2444 et
954 2375 1029 2467 χρή,
1050 2401 1125 2464 quae
1145 2400 1207 2446 non
1226 2402 1281 2465 pro
1296 2383 1350 2447 ad·

190 2483 304 2558 rerbiie,
318 2484 566 2565 quemadmodum
579 2485 680 2547 multis
695 2486 790 2548 usum
805 2492 876 2559 erat,
893 2486 944 2548 sed
959 2504 1014 2567 pro
1027 2486 1121 2547 verbis
1136 2486 1270 2550 habenda
1286 2506 1352 2550 esse

190 2588 341 2649 verissime
356 2588 487 2669 quidem,
510 2589 561 2651 sed
576 2589 755 2668 argumentis
770 2606 831 2652 non
845 2589 955 2670 pariter
970 2587 1108 2650 omnibus
1122 2588 1207 2663 reris,
1223 2590 1309 2670 longa
1324 2598 1354 2653 et
1378 2575 1379 2578 ¹

191 2691 309 2771 spinosa
325 2691 523 2772 disputatione
539 2692 732 2766 demonstrat,
748 2691 779 2753 iu
796 2710 853 2773 qua
870 2690 1062 2754 describenda
1072 2691 1183 2772 passim
1199 2691 1353 2755 alibrariis

191 2801 323 2856 erratum
344 2812 489 2856 essenon
510 2811 580 2856 sane
601 2795 711 2856 mirum
734 2802 788 2857 est.
833 2794 875 2856 Ac
895 2794 1024 2873 primum
1041 2794 1161 2874 quidem
1176 2813 1206 2875 p.
1223 2794 1294 2869 539,
1312 2795 1352 2859 23

193 2895 228 2956 de
249 2896 403 2970 infinitivo,
430 2914 560 2977 quocum
579 2896 667 2958 rerba
687 2896 734 2957 illa
757 2902 980 2970 construuntur,
1005 2896 1078 2958 haee
1090 2897 1200 2977 scripta
1213 2897 1352 2978 legimus:

191 2994 267 3059 Πᾶν
289 2989 532 3083 ἄπαρέμφατον
554 2989 660 3079 ὄνομά
682 2992 756 3060 ἐστι
777 2992 983 3080 πράγματος,
1005 2998 1071 3073 καί,
1088 2990 1118 3060 οἶ
1132 2992 1222 3061 ἔστιν
1238 2990 1352 3077 εἰπεῖν,

192 3089 274 3162 αὐτὸ
301 3095 341 3162 eri
365 3095 579 3180 γενικώτατον
607 3098 709 3185 ῥῆμα,
737 3094 777 3163 τὸ
798 3094 1091 3184 παρυφιστάμενα
1116 3097 1156 3163 τὸ
1185 3092 1243 3163 οὐκ
1265 3094 1354 3186 ἐμμι-

190 3196 326 3280 νόμενον
347 3196 381 3264 ἐν
401 3195 610 3284 προσώποις,
632 3197 805 3265 τουτέστιν
827 3191 848 3267 ii
871 3199 967 3284 δηλοῖ
986 3198 1025 3265 τὸ
1049 3193 1299 3286 ἀπαρέμφατον,
1322 3204 1354 3266 in

192 3306 299 3388 quibus
313 3305 384 3368 illud
401 3297 431 3368 εἰ
446 3299 536 3370 ἔστιν
553 3297 674 3380 εἰπεῖν,
697 3313 832 3369 nostmm
856 3324 960 3367 wenn
980 3305 1039 3368 ich
1059 3324 1099 3367 so
1118 3323 1236 3386 sagen
1255 3305 1352 3369 dari,

193 3410 367 3472 modestiam
384 3407 532 3489 quandam
548 3408 663 3471 dicendi
685 3409 828 3490 significat
848 3408 878 3469 in
893 3426 926 3470 re
940 3426 1001 3471 non
1015 3410 1101 3488 vulgo
1116 3416 1186 3470 nota
1202 3416 1252 3471 aut
1267 3410 1353 3491 plane

192 3518 271 3574 certa
286 3519 316 3573 et
331 3511 497 3581 manifesta,
513 3530 572 3592 quo
589 3528 679 3573 sensu
694 3519 806 3574 veteres
822 3511 910 3573 Attici
925 3501 971 3584 ὤς
985 3502 1092 3571 εἰπεῖν
1103 3510 1200 3573 dicere
1211 3511 1353 3591 solent³)

193 3614 288 3687 Quam
311 3613 349 3675 ob
370 3631 489 3675 eausam
510 3621 609 3676 autern
624 3614 801 3677 infinitivum
817 3614 938 3676 rerbum
955 3612 1081 3674 maxime
1095 3613 1228 3693 generale
1240 3612 1352 3676 haben-

192 3717 264 3778 dum
280 3716 327 3790 sit,
342 3716 379 3777 de
394 3722 504 3778 constr.
521 3716 569 3790 ΙΙΙ,
589 3716 628 3779 13
643 3737 671 3798 p.
689 3717 760 3779 229.
777 3718 972 3780 demonstrat.
1011 3715 1069 3777 Sed
1086 3733 1140 3795 pro
1155 3715 1269 3798 passivo
1283 3734 1353 3798 par-

261 3956 286 4021 3)
304 3955 398 4008 Eadem
418 3955 525 4009 formula
546 3957 628 4010 utitur
643 3957 675 4008 de
689 3964 785 4008 constr.
801 3954 831 4023 ΙΙ,
848 3957 864 4007 2
876 3974 900 4026 p.
914 3958 956 4022 96,
969 3957 1011 4022 23,
1023 3958 1055 4008 de
1067 3954 1244 4008 terminatione
1256 3956 1353 4009 casuali

192 4044 375 4112 pronominum
396 4040 454 4096 ἔδει
473 4042 529 4113 μὰρ
549 4039 627 4102 ἅπαξ
646 4042 689 4096 ἑνὶ
707 4042 788 4115 μέρει
808 4045 1013 4114 προσχωρῆσαι
1027 4041 1060 4095 τὸ
1072 4042 1159 4107 τέλος,
1171 4042 1226 4107 καὶ,
1240 4037 1354 4096 silom

190 4129 291 4193 εΙπεῖν,
312 4123 433 4196 εὐλόγως
452 4130 491 4196 τῷ
511 4130 649 4196 armaspi.
672 4144 744 4195 ριιοοι
756 4131 837 4181 locum
850 4128 955 4180 totidem
968 4128 1055 4181 verbis
1069 4128 1213 4179 Priscianus
1224 4126 1306 4192 xvir,
1319 4129 1352 4181 54

190 4213 326 4266 transfert:
343 4213 515 4283 oportebat
531 4216 609 4267 eninr
625 4215 786 4267 semelnui
798 4214 1180 4282 coneedecepartillnem,
1200 4220 1244 4276 et,
1262 4214 1289 4264 si
1303 4221 1352 4265 est

190 4300 366 4365 dicendum,
389 4300 637 4353 rationabiliter
661 4300 792 4353 casuali.
821 4297 925 4349 Scilicet
945 4298 985 4349 hic
1007 4313 1103 4366 quoque
1124 4299 1149 4349 in
1169 4312 1198 4348 re
1219 4298 1352 4351 nonsatis

191 4385 306 4438 omnibus
323 4385 397 4452 plana
413 4395 439 4441 et
455 4389 588 4457 perspicua
605 4386 668 4440 illud
685 4384 805 4457 εὐλόγως
820 4384 983 4452 mitigandum
995 4381 1172 4451 quodammodo
1185 4384 1231 4437 bae
1243 4380 1352 4438 formula

188 4471 333 4525 videbatur.
