3164 5138
663 446 705 509 3¹1

103 616 202 700 potuit,
216 616 273 679 sed
286 622 404 680 tantum
419 634 496 698 quae
507 616 545 680 ad
559 634 653 679 unum
664 623 780 697 tempus
795 620 894 683 autad
907 638 999 684 unum
1010 622 1161 687 bominem
1172 627 1262 708 perti-

101 730 215 794 nerent;
242 729 347 783 contra
366 716 490 805 πρᾶξιν
510 711 593 801 μίαν
613 717 723 782 ποιεῖν
741 721 866 801 legitima
887 732 916 785 et
934 724 1037 787 usitata
1055 727 1188 808 loquutio
1208 740 1262 794 est

101 824 155 885 lam
171 824 204 885 in
218 824 368 904 proximis
382 822 489 899 verbis,
505 808 575 885 οἷον
596 812 670 884 ὅσα
684 816 824 911 Κύπρια
838 819 987 911 ποιήσας
1001 822 1059 890 καὶ
1072 825 1131 913 τὴν
1142 829 1263 916 μικρὰν

97 919 238 1003 Ἰλιάδα,
266 926 431 988 accuratius
457 924 594 988 scribenti
621 923 757 987 articulus
781 916 800 987 ὁ
822 936 889 989 ante
913 924 973 1013 τήν
998 927 1118 1015 μικρὰν
1135 924 1264 998 Ἰλιάδα

98 1029 250 1090 addendus
266 1028 331 1099 tuit,
345 1046 383 1089 nc
398 1046 476 1089 unus
492 1028 643 1107 utriusque
655 1027 792 1090 carminis
804 1038 891 1109 poeta
901 1032 957 1092 dici
968 1031 1126 1108 rideretur3
1142 1037 1193 1098 sed
1205 1037 1264 1100 boc

98 1150 191 1210 genus
207 1130 403 1210 negligentiae
416 1131 446 1191 in
461 1130 520 1191 boc
533 1129 627 1190 libello
642 1129 785 1208 patienter
799 1131 980 1194 tolerandum
993 1143 1048 1195 est.
1073 1122 1155 1198 Οἷσν
1165 1146 1262 1202 autem

98 1242 222 1314 appar-et
241 1251 308 1294 non
328 1233 385 1294 alio
399 1233 557 1312 pertinere,
580 1250 667 1311 qoam
687 1232 722 1293 ad
743 1226 823 1311 μίαν
843 1230 968 1320 πρᾶξιν
987 1232 1171 1323 πολυμερῆε
1193 1259 1262 1303 nam

98 1356 158 1398 uon
179 1336 258 1398 circa
282 1352 376 1397 unum
395 1333 548 1395 bominem
569 1334 643 1395 baec
661 1333 790 1396 carmina
810 1346 923 1399 versata
949 1356 1015 1400 esse
1034 1349 1162 1414 constat,
1185 1342 1261 1405 circa

96 1457 189 1499 unum
206 1445 329 1516 tempus
344 1444 442 1498 autem
457 1454 519 1497 uon
542 1443 619 1497 certe
638 1435 682 1498 sic
700 1445 813 1499 versata
833 1447 911 1513 sunt,
929 1449 963 1501 ut
982 1461 1054 1521 quae
1073 1462 1109 1505 eo
1126 1451 1262 1524 tempore

8 1558 9 1611 j
96 1550 175 1621 gesta
190 1548 304 1611 esseut,
318 1538 452 1619 quamde
466 1538 557 1601 ebena
573 1539 648 1601 inter
663 1558 694 1600 se
705 1548 734 1600 et
748 1538 901 1615 disiuncta,
917 1543 1017 1606 omnia
1031 1546 1260 1625 complecteren-

96 1654 155 1717 tur,
169 1644 225 1704 sed
240 1661 277 1703 aa
291 1641 512 1714 tantummodo,
533 1660 605 1722 quae
619 1640 656 1703 ad
670 1641 777 1703 bellum
794 1642 956 1706 Troianum
970 1646 1157 1725 pertinerent,
1177 1649 1260 1711 utius

95 1746 123 1807 in
142 1765 235 1826 parva
253 1744 343 1806 Iliade
360 1745 484 1819 exitum,
498 1744 529 1806 in
548 1743 661 1825 Cypriis
683 1762 786 1806 causas
811 1755 898 1826 atque
915 1748 996 1810 initia
1016 1752 1168 1831 proposita
1194 1771 1260 1813 csse

96 1848 246 1909 norimus.
284 1848 425 1928 Apertum
440 1856 485 1909 est
503 1846 603 1926 igitur,
623 1847 682 1908 hoc
696 1865 788 1909 unum
804 1866 883 1910 nunc
896 1849 932 1911 ab
947 1850 1100 1914 Aristotele
1114 1853 1144 1914 in
1159 1854 1195 1915 iis
1210 1873 1258 1915 rc·

97 1950 251 2031 prehendi,
268 1951 349 2029 quod
364 1945 486 2036 πρᾶξιν
508 1944 712 2033 πολυμερῆ
725 1951 924 2023 tractaverint,
949 1970 1044 2033 neque
1063 1954 1214 2016 vitaverint
1228 1955 1256 2018 id

96 2054 174 2133 quod
190 2053 359 2114 Homerum
380 2053 491 2115 cavisse
507 2051 591 2125 dixit,
605 2070 643 2113 ne
659 2053 797 2124 carmina,
812 2051 838 2113 si
852 2070 913 2113 non
928 2053 1006 2116 iusto
1020 2056 1162 2135 longiora,
1182 2065 1259 2119 certe

96 2166 194 2217 umen
210 2163 337 2236 propter
350 2154 471 2217 nimiam
485 2172 585 2216 rerum
600 2153 816 2217 multitudinem
832 2173 866 2215 ac
885 2155 1051 2217 variemem
1070 2157 1214 2236 implicata
1229 2169 1258 2220 et

94 2259 239 2331 intricata,
259 2254 303 2342 τῇ
323 2248 480 2342 ποικιλίᾳ
501 2249 809 2336 καταπεπλενμὲνα,
832 2256 995 2318 eraderent.
1039 2258 1154 2320 Scilicet
1172 2260 1259 2322 babet

93 2362 165 2423 baec
180 2379 233 2422 res
254 2358 343 2421 etiarn
362 2360 393 2420 in
412 2358 496 2439 epico
517 2357 645 2420 carmine
664 2357 787 2418 modum
802 2376 889 2420 suum
909 2377 943 2419 ac
957 2360 1040 2422 fines.
1079 2361 1170 2423 llultc
1189 2363 1257 2442 plus

93 2464 214 2544 quidem
240 2463 301 2523 boc
321 2461 351 2521 in
371 2478 475 2538 genere
500 2460 589 2541 epicis
615 2478 704 2540 quam
729 2459 846 2538 tragicis
867 2460 964 2540 poetis
990 2481 1165 2526 conoessum
1191 2484 1256 2527 esse

92 2565 268 2628 ¹trr'stoteles
284 2563 346 2643 ipse
361 2562 445 2624 docet
456 2582 519 2642 cap.
535 2562 584 2636 24,
599 2562 707 2642 quippe
722 2580 813 2640 quum
826 2563 856 2623 in
867 2564 1022 2642 tragoedia,
1034 2584 1107 2646 quae
1118 2568 1155 2628 ad
1167 2585 1253 2646 spec-
1273 2593 1304 2645 η

91 2669 215 2730 tandum
231 2673 402 2746 comparata
415 2673 543 2739 estnon
557 2664 677 2745 possint
690 2664 777 2725 nnius
792 2665 914 2726 actionis
929 2673 1026 2745 partes
1041 2669 1139 2746 plures
1151 2668 1255 2730 eodem

91 2781 229 2851 tempore
249 2777 351 2849 gestae
369 2767 457 2828 simul
475 2765 620 2847 proponi,
634 2766 664 2827 in
680 2765 763 2846 epico
778 2774 875 2828 autem
891 2766 1030 2842 carmine,
1045 2769 1112 2849 quia
1128 2770 1255 2831 narratio

92 2885 145 2945 est,
161 2871 240 2934 nibil
256 2870 363 2943 obstet
378 2868 535 2949 quominus
551 2867 696 2930 eiusmodi
711 2875 808 2947 partes
823 2868 922 2948 plures
936 2870 1075 2951 deinceps
1090 2880 1255 2932 narrentur.

91 2976 154 3038 Erit
173 2985 293 3045 tamen,
314 2980 346 3034 ut
359 2971 499 3043 arbitror,
519 2969 567 3031 hic
586 2971 693 3031 modus
713 2969 928 3045 observandus,
949 2991 987 3034 ne
1001 2973 1128 3053 partium
1149 2973 1254 3036 barum

93 3076 284 3139 multitudine
298 3073 392 3137 sabula
408 3079 547 3134 oneretur
560 3080 646 3151 atque
661 3069 820 3145 intricetur,
834 3089 907 3133 nere
918 3074 1008 3134 totius
1023 3075 1147 3137 eodonis
1158 3077 1254 3138 unitas

93 3179 274 3242 obscuretur
292 3176 392 3257 potius
407 3194 496 3257 quam
511 3174 683 3236 illustretur:
706 3180 736 3233 et
749 3171 819 3247 boc,
834 3173 891 3235 nisi
907 3175 997 3249 fallor,
1017 3177 1086 3238 illud
1101 3185 1159 3251 est,
1175 3178 1255 3257 quod

93 3279 269 3344 Aristoteles
289 3279 327 3340 ab
342 3278 438 3340 Iliadis
457 3295 562 3357 parrae
583 3284 611 3337 et
630 3273 803 3355 Cypriorum
823 3276 990 3339 auctoribus
1009 3278 1108 3340 minos
1129 3286 1255 3353 cautum,

93 3384 128 3446 ab
141 3385 278 3446 Homero
294 3389 391 3441 autem
406 3380 592 3441 observatum
607 3396 672 3439 esse
683 3376 737 3438 ait:
752 3378 831 3456 quod
844 3395 903 3456 quo
915 3379 1006 3457 magis
1018 3388 1150 3460 apertum
1163 3381 1256 3453 faciat,

94 3487 193 3549 statim
209 3483 307 3547 addit:
320 3475 495 3566 τοιγαροῦν
515 3472 552 3542 ἐκ
572 3474 631 3558 μὲν
649 3469 790 3552 Ἰλιάδος
810 3472 867 3540 καὶ
885 3469 1078 3556 Ὀδυσσείας
1098 3474 1161 3561 μία
1175 3502 1255 3566 ερα-

94 3580 204 3673 ypdr'a
226 3582 381 3647 ποιεῖται
401 3574 557 3665 ἑκατέρας
576 3570 599 3664 ἢ
620 3573 680 3642 δύο
701 3573 810 3659 μόναι,
832 3574 869 3643 ἐκ
891 3574 929 3642 δὲ
951 3574 1111 3665 Κυπρίων
1132 3577 1255 3644 πολλαὶ

94 3683 151 3751 καὶ
176 3683 241 3771 τῆς
266 3680 387 3767 μικρᾶς
405 3675 543 3758 ’Iliados
564 3676 665 3744 πλέον
686 3671 788 3757 tura,
810 3665 881 3744 οἷον
893 3674 1028 3744 Ὅπλιον
1049 3676 1165 3767 κρίσις,
1189 3687 1255 3746 utr-

94 3782 268 3873 λοκτήτης,
290 3778 533 3865 Νεοπτόλεμος,
547 3773 750 3867 Εὐρύπυλος,
765 3774 930 3860 Πτωχεία,
947 3777 1133 3859 Λάκαιναι,
1153 3776 1254 3849 Ἰλίου

95 3886 215 3973 πίρσις
236 3882 296 3951 καὶ
319 3878 513 3959 Ἅπόπλους
533 3878 591 3946 καὶ
612 3875 716 3945 Σίνων
736 3877 794 3944 καὶ
820 3875 985 3965 Τρῳάδες.
1028 3886 1157 3964 Apparet
1175 3888 1254 3949 enim

95 3996 203 4056 borum
223 3990 383 4051 verborum
404 3989 434 4050 in
453 3987 511 4049 hoc
530 3992 667 4048 contextu
685 4002 747 4045 non
765 3983 849 4046 abant
872 3984 1045 4047 sententiam
1065 4005 1129 4049 esse
1154 4007 1254 4067 posse,

97 4116 182 4177 quam
197 4104 232 4157 ut
246 4092 344 4154 llbdis
360 4099 389 4152 et
403 4090 550 4171 Odysseae
563 4094 661 4168 partes
677 4105 734 4159 eae,
749 4085 856 4165 quibus
871 4085 935 4165 ipsa
951 4085 1101 4166 utriusque
1116 4089 1254 4151 carminis

99 4200 169 4261 attio
185 4195 364 4267 continetur,
377 4193 467 4256 unius
482 4198 595 4257 tentum
612 4197 662 4251 aut
675 4189 799 4250 duarum
815 4187 843 4246 b.
860 4205 884 4246 e.
904 4204 1117 4265 perpaucarum
1138 4199 1254 4268 tragoe-

100 4299 206 4362 diarum
221 4303 394 4379 argumenta
409 4295 518 4358 habere
534 4291 674 4363 dicantur,
689 4289 862 4371 Cypriorum
879 4294 981 4348 contra
995 4295 1024 4349 et
1038 4308 1143 4369 parvae
1157 4290 1254 4351 lliadis

101 4402 190 4464 dartes
215 4400 353 4465 eiusdem
372 4396 491 4480 generis
511 4403 571 4456 tarn
589 4393 694 4456 multas
714 4409 794 4462 esse,
814 4397 847 4450 ut
866 4396 933 4450 octo
954 4390 1078 4470 amplius
1099 4388 1254 4469 tragoediis
