3154 5138
852 410 913 475 338

780 506 838 514 ..fl--
842 505 981 514 .-.-.-.-.--

300 602 357 664 bus
372 602 479 675 modis,
494 609 544 663 aut
558 609 592 662 ut
604 601 722 663 relativa
738 598 898 660 enuntiatio
914 616 975 660 non
990 598 1025 660 ad
1042 613 1133 658 uuum
1149 593 1266 674 aliquod
1277 593 1452 663 vocabulum,

299 705 351 766 sed
366 702 402 766 ad
417 713 509 767 totam
525 704 753 767 enuntiationem
770 701 921 781 pertineat
935 698 1022 760 veluti
1037 699 1072 759 de
1087 698 1158 759 Fato
1174 714 1200 756 c.
1216 694 1250 756 2:
1265 712 1317 756 uec
1328 696 1410 765 oum,
1424 694 1453 755 id

300 807 376 887 qued
389 816 464 868 recte
480 810 638 877 carisomus,
655 808 788 868 oratorio
802 803 857 865 iile
872 802 968 863 studio
983 802 1111 873 deserum
1127 807 1176 860 aut
1192 797 1277 870 mid,
1294 816 1352 877 quo
1369 796 1454 875 perti·

299 915 350 971 net
363 908 522 983 relativum,
538 908 675 971 disertius
691 907 849 979 indicetur,
865 905 923 965 boc
938 902 1061 975 scilicet,
1076 921 1138 964 uon
1153 900 1229 963 aliud
1245 898 1457 978 intelligendum

300 1030 375 1085 esse,
389 1011 467 1091 quod
484 1011 603 1091 quidem
619 1020 681 1072 tum
697 1009 814 1071 demum
831 1007 892 1068 lieri
908 1025 998 1086 posse
1013 1012 1142 1085 apparet,
1157 1003 1182 1064 si
1194 1001 1313 1064 relativa
1329 1001 1457 1063 enuntia-

300 1115 341 1175 tio
361 1112 430 1192 quid
451 1123 500 1175 aut
521 1112 604 1192 quale
622 1112 690 1173 illud
713 1111 751 1173 sit
770 1109 900 1172 definiat:
925 1127 983 1188 quo
1004 1107 1094 1169 modo
1115 1106 1201 1169 etiam
1221 1109 1247 1166 is
1262 1108 1326 1185 qui,
1341 1123 1377 1167 ee
1391 1122 1460 1184 quoe

301 1214 436 1294 usurpari
452 1232 514 1275 uon
530 1222 574 1276 est
593 1214 673 1294 quod
693 1231 830 1274 moneam
851 1210 891 1273 ct.
909 1211 944 1271 de
959 1210 994 1271 N.
1010 1210 1043 1271 D.
1060 1209 1099 1283 ll,
1115 1210 1145 1283 9,
1162 1209 1217 1271 24:
1234 1212 1318 1270 meua
1332 1211 1418 1269 etiam
1431 1209 1460 1266 ia

299 1316 430 1398 reb'qoiis
443 1321 515 1378 inest
530 1316 621 1387 color,
637 1320 674 1378 iis
685 1334 758 1396 ques
772 1324 882 1375 acturo
896 1316 1015 1393 respuit.
1051 1312 1114 1373 vid.
1130 1311 1311 1373 Ruddiman.
1326 1308 1352 1371 ll
1368 1328 1398 1389 p.
1412 1308 1462 1370 23.

301 1419 442 1481 Goerena.
460 1419 495 1481 ad
512 1418 542 1480 C.
559 1418 594 1479 de
608 1420 695 1498 Legg.
716 1419 742 1491 1,
759 1418 807 1490 16,
828 1418 869 1477 tt
890 1424 919 1476 et
933 1413 1060 1475 Walleri
1082 1414 1214 1494 exempla
1234 1433 1265 1493 p.
1282 1413 1346 1474 476
1362 1412 1461 1473 editio-

299 1522 347 1583 nis
362 1521 706 1583 Davisio-Scbirtrianac.

386 1623 454 1703 Cap.
469 1622 568 1696 xllx,
588 1622 646 1683 125
663 1640 762 1683 sermo
777 1629 823 1681 est
837 1620 873 1681 de
889 1619 1009 1699 gruibus
1025 1618 1055 1680 in
1071 1619 1181 1691 volatu,
1203 1636 1299 1699 quum
1320 1619 1383 1681 loca
1398 1617 1463 1678 cali-

300 1725 382 1786 diora
397 1733 506 1804 petant,
522 1722 657 1801 trianguli
673 1724 799 1784 formam
814 1721 1020 1791 efficientibus,
1037 1722 1111 1783 duce
1126 1739 1197 1797 una,
1228 1721 1277 1783 cui
1294 1722 1331 1783 ad
1353 1721 1466 1801 requie·

301 1827 442 1889 scendum
458 1825 599 1887 revolanti
615 1825 684 1887 aliae
703 1844 755 1905 per
780 1826 858 1886 vices
882 1824 1053 1886 succedant:
1073 1826 1125 1897 „iu
1145 1828 1207 1885 eius
1236 1823 1358 1900 (ducis)
1375 1822 1465 1884 locum

254 1940 284 1990 14
301 1932 477 1993 carmelites
491 1934 536 2001 iis,
552 1948 624 2010 quoe
640 1926 843 2009 oegro‘errerat“.
888 1928 965 1988 llaec
980 1937 1024 1989 est
1039 1927 1194 1988 meliorum
1211 1926 1357 1988 codicum
1377 1926 1468 1993 tectio,

300 2052 375 2114 quae
390 2032 461 2112 quin
476 2031 571 2093 vitiata
587 2030 624 2092 sit
638 2049 726 2092 nemo
742 2029 897 2105 dubitabit3
912 2031 994 2092 deest
1008 2031 1086 2092 enim
1103 2029 1282 2104 subiectum,
1299 2048 1360 2110 quo
1375 2047 1469 2090 carere

300 2133 421 2196 verbum
439 2134 563 2196 succedit
582 2132 661 2194 nullo
678 2133 767 2193 modo
784 2132 888 2212 potuit.
934 2134 989 2195 Sed
1012 2133 1195 2214 corruptiore
1215 2135 1326 2207 etiarn,
1347 2131 1469 2213 quaein

300 2237 409 2318 aliquot
424 2235 574 2298 codicibus
590 2244 700 2297 eatam:
715 2239 747 2295 ire
762 2240 824 2297 cios
838 2235 934 2298 iocum
946 2236 1070 2298 urcccdit
1084 2254 1122 2298 cc
1136 2239 1185 2308 iis,
1200 2254 1280 2316 quoe
1297 2238 1471 2317 mseqtdtar,

300 2358 372 2419 quoe
388 2342 567 2420 acquiereret,
583 2339 736 2419 inquibus
752 2338 828 2400 lraud
844 2337 958 2399 difficile
974 2347 1018 2399 est
1037 2337 1215 2400 correctoris
1233 2357 1365 2400 manum
1381 2355 1472 2418 agno·

300 2459 392 2514 soem,
408 2440 517 2502 sarcire
532 2440 726 2520 corruptelam
742 2439 877 2501 conantis
892 2440 990 2502 addito
1005 2440 1139 2503 membro
1156 2440 1298 2515 relativo,
1319 2459 1396 2522 mccc
1411 2459 1474 2502 com

300 2547 438 2623 sequitur,
455 2542 533 2624 quod
550 2562 604 2624 pro
621 2542 753 2605 subiecto
769 2550 848 2603 esset
862 2542 940 2604 verbi
955 2544 1089 2614 meccedr't,
1105 2561 1175 2604 mox
1190 2551 1298 2605 autem
1312 2543 1351 2605 ab
1367 2543 1432 2605 aliis
1448 2549 1475 2602 et

298 2644 398 2724 ipsum
414 2655 586 2726 corruptum
602 2654 631 2708 et
644 2645 737 2707 alieno
753 2645 818 2706 loco
833 2646 976 2707 insertum
992 2655 1046 2707 est.
1090 2645 1149 2707 Sed
1165 2646 1266 2708 multo
1282 2646 1400 2709 leniore
1414 2663 1476 2707 rne-

300 2746 393 2807 dicina
408 2746 490 2809 locus
506 2747 603 2808 sanari
619 2747 722 2827 potuit,
737 2749 880 2810 numerali
889 2748 1134 2829 pronomineuuo
1143 2756 1215 2828 post
1232 2749 1339 2812 locum
1354 2750 1475 2811 inserto.

300 2848 415 2910 Excidit
428 2850 507 2911 enim
522 2850 590 2912 illud
607 2857 728 2929 propter
743 2850 964 2914 similitudinem
978 2851 1138 2913 litterarum
1152 2870 1218 2912 ouo
1234 2861 1268 2913 et
1283 2872 1353 2925 erm,
1374 2871 1477 2933 quem-

300 2951 459 3012 admodum
475 2970 500 3012 c.
517 2952 567 3026 66,
587 2952 645 3014 167
661 2953 696 3013 de
711 2953 805 3014 verbis
821 2974 899 3026 „erec
913 2975 983 3017 vero
999 2955 1030 3015 id
1045 2958 1086 3016 ito
1100 2953 1333 3034 refellcreduw
1355 2962 1478 3035 propter

299 3055 420 3115 eandem
437 3073 555 3117 causam
571 3056 602 3116 id
616 3074 783 3135 pronomen
799 3058 911 3131 excidit,
926 3058 1106 3137 omninoque
1118 3055 1189 3118 nibil
1200 3057 1268 3119 boc
1280 3077 1397 3139 genere
1410 3077 1479 3139 pec·

300 3164 430 3218 catorum
447 3157 627 3236 frequentius
642 3166 695 3220 est

383 3258 453 3340 Cap.
469 3260 501 3333 L,
521 3258 593 3321 126:
610 3262 697 3341 Atque
712 3261 764 3323 itio
784 3262 945 3325 mirabilia.
989 3261 1068 3334 Qeo'd
1087 3281 1135 3333 eo,
1151 3282 1229 3343 quoe
1246 3284 1370 3347 nuper,
1391 3266 1424 3328 id
1441 3274 1481 3327 eat

293 3365 399 3442 poecis
414 3373 479 3424 oute
493 3363 624 3434 socordio,
640 3364 948 3444 oeedicorume‘ogeru'e's
960 3375 1076 3444 reperto
1088 3362 1177 3425 merui)
1192 3370 1368 3431 vomitione
1385 3386 1479 3439 corus,

292 3475 425 3545 purgato
446 3478 540 3528 erdem
561 3466 644 3528 aloes
663 3465 723 3527 ibes
743 3466 897 3548 Aegyptiae
917 3477 1024 3528 cureret
1042 3477 1092 3528 etc.
1114 3501 1154 3511 —
1174 3465 1244 3531 tlte
1265 3473 1430 3535 mirabilia
1445 3472 1481 3533 de

296 3566 346 3642 iis,
367 3587 441 3647 quae
456 3569 545 3630 modo
562 3579 790 3631 commemorata
810 3581 904 3645 erant,
919 3568 1088 3631 Ciceronem
1104 3569 1241 3632 scribere
1257 3592 1328 3636 non
1345 3576 1481 3656 potuisse

295 3669 491 3731 certissimum
511 3679 571 3731 est:
591 3669 692 3732 debuit
710 3670 780 3733 boec
800 3672 960 3734 mirabilia.
1005 3673 1057 3735 Est
1078 3681 1174 3735 umen
1197 3673 1262 3737 etta
1285 3677 1319 3738 in
1338 3679 1482 3740 omnibus

294 3772 381 3835 bonis
404 3774 569 3845 codicibus,
591 3773 622 3835 in
641 3774 778 3854 proximo
799 3785 895 3837 autem
922 3776 1055 3838 membro
1077 3784 1222 3856 quattuor
1244 3779 1287 3841 de
1304 3780 1481 3845 melioribus

295 3894 349 3955 pro
366 3878 435 3957 qaod
448 3876 557 3938 babent
570 3878 654 3958 quod.
703 3877 734 3939 ld
756 3897 809 3957 ego
831 3878 1029 3959 recipiendum
1049 3879 1183 3941 arbitror.
1242 3882 1404 3947 Nimirum
1426 3886 1483 3946 boc

293 3979 457 4041 membrum
474 3980 576 4060 „qreod
591 3998 633 4051 eo,
649 4000 722 4059 quoe
737 4000 832 4061 nuper
846 3982 1024 4043 medicorum
1038 3985 1160 4062 ingeniis
1174 3997 1312 4066 reperto
1329 4000 1413 4061 ment,
1429 4008 1482 4050 oo·

291 4084 410 4143 uritioue
425 4100 510 4143 cauco
524 4117 566 4127 -·
582 4092 712 4145 coroot“
726 4083 853 4145 tirmiter
868 4084 976 4145 dictum
992 4094 1036 4146 est
1050 4103 1104 4164 per
1116 4088 1278 4166 quandam
1296 4111 1364 4154 nou
1383 4094 1481 4173 iugra-

290 4194 350 4247 tam
366 4185 569 4265 negligentiam
586 4204 640 4264 pro
657 4204 705 4257 eo,
726 4186 805 4265 quod
821 4186 935 4266 plenius
955 4187 1111 4249 dicendum
1132 4188 1204 4250 luit:
1228 4197 1319 4273 quod
1335 4217 1389 4269 eo,
1411 4214 1484 4278 qaae

289 4323 330 4333 —
346 4298 464 4368 reperte
478 4298 558 4358 roret,
579 4286 649 4348 boec
668 4291 754 4348 etiem
771 4287 874 4350 bestiae
892 4292 1021 4371 faciunt:
1041 4311 1112 4353 eoae
1131 4298 1306 4360 vomitione
1326 4320 1419 4362 cenes
1433 4312 1481 4361 etc.

289 4392 404 4465 Quodsi
420 4390 485 4470 quis
501 4389 529 4450 iu
547 4389 714 4451 huiusmodi
731 4400 869 4454 contextu
884 4411 945 4454 non
960 4392 1189 4467 illummatio,
1209 4399 1270 4461 sed
1292 4406 1404 4482 potius
1420 4407 1483 4467 siu·
