3190 5136
618 452 817 548 „ou

132 640 287 722 superiore
300 657 338 702 an
350 638 493 701 interiore
506 638 586 714 loeo,
605 627 734 701 ἄνωθεν
752 656 791 701 an
809 631 965 701 κάτωθεν
982 638 1109 715 sederet,
1124 641 1296 720 praesertim

132 761 223 823 quum
237 742 372 823 singulae
386 741 546 823 separatim
560 740 689 804 convivis
703 759 823 804 mensae
837 742 989 823 appositae
1004 750 1112 805 essent
1138 742 1203 804 Hoc
1217 743 1295 804 enirn

133 845 278 925 signifieat
290 845 461 908 adverbium
477 835 654 929 ἀνδρακάς,
675 845 788 925 luitque
801 845 828 907 is
842 863 910 906 mos
924 845 1026 907 aetatis
1040 844 1187 919 heroicae,
1206 853 1240 906 ut
1261 863 1295 906 er

133 948 263 1011 llomero
284 956 408 1011 constat
452 947 495 1009 ct.
515 946 661 1009 Plutarch.
677 948 954 1029 Quaesttsympos.
969 948 1008 1022 ll,
1026 949 1075 1021 10,
1093 950 1108 1008 1
1125 956 1155 1009 et
1168 946 1295 1008 Nitusch.

134 1051 168 1112 ad
188 1050 244 1112 Od.
267 1058 339 1112 tom.
358 1052 385 1111 1.
400 1068 430 1130 p.
446 1049 497 1111 27.
541 1049 640 1130 itaque
655 1049 822 1112 incredibile
832 1058 887 1124 est,
903 1050 1130 1113 otiosam‘istam
1146 1058 1176 1111 et
1190 1068 1296 1129 super-

134 1169 289 1214 vacaneam
303 1152 360 1214 loci
376 1151 605 1232 designationem
620 1151 657 1213 ab
671 1152 814 1234 Aeschylo
829 1172 910 1227 esse3
925 1153 1046 1215 debetur
1058 1152 1182 1215 librariis
1197 1171 1295 1214 reram

133 1254 288 1317 lectionem
310 1253 580 1333 corrumpentibus,
606 1272 680 1334 quae
704 1255 760 1316 luit
783 1245 935 1328 ἄνευθεν,
961 1255 1211 1335 quemadmodum
1237 1255 1295 1321 iam

133 1356 333 1419 illemlieldins
347 1356 513 1437 suspicatus
527 1364 585 1429 est,
612 1356 699 1419 citato
714 1356 780 1420 loeo
794 1356 952 1420 homerico
968 1359 1004 1420 ed
1019 1376 1081 1420 rem
1098 1358 1296 1439 comproban-

16 1466 18 1491 ³
133 1459 197 1520 Am
212 1459 503 1522 accomodatissimo.
518 1459 553 1521 il.
568 1458 656 1521 xxti.
672 1458 749 1522 367:
771 1446 793 1543 ἦ
812 1461 854 1543 ῥα
868 1455 926 1521 καί
940 1454 977 1522 ἐκ
990 1460 1118 1544 νεκροῖο
1133 1454 1295 1543 ἐρύσσατο

16 1584 17 1591 “
132 1555 271 1639 χάλκεον
290 1552 399 1642 ἔγχος,
421 1556 480 1623 καί
492 1551 565 1642 τόγ’
581 1551 722 1624 &under
735 1552 848 1644 ἔθηκε.
892 1561 973 1624 idem
994 1561 1138 1642 significat
1150 1556 1250 1648 χωρίς
1263 1563 1294 1623 in

133 1663 274 1726 haeduli
298 1664 465 1734 narmtione
489 1662 526 1727 de
551 1661 639 1725 simili
656 1664 782 1745 quadam
804 1665 935 1744 Astyagis
954 1664 1120 1739 atrocitate,
1145 1664 1197 1725 lc
1220 1663 1294 1726 119:

132 1766 219 1829 τοῖσι
229 1760 293 1846 μὲν
303 1756 436 1829 dilores
449 1760 509 1829 καὶ
520 1757 608 1852 αὐτῷ
614 1757 792 1847 Ἀστυάγεϊ
803 1760 1032 1854 παρετιθέατο
1041 1759 1206 1851 τράπεζαι
1217 1760 1295 1829 lur-

133 1861 235 1931 πλίαι
245 1861 392 1953 μηλείων
404 1862 517 1951 κριῶν·
529 1857 692 1953 Ἁρπάγῳ
707 1860 754 1943 δέ,
769 1869 829 1930 τοῦ
842 1863 971 1942 παιδὸς
983 1866 1044 1931 τοῦ
1058 1860 1191 1945 ἑαυτοῦ,
1207 1864 1295 1953 πλήν

133 1967 279 2056 κεφαλῆς
288 1991 327 2032 τε
339 1965 398 2032 καί
411 1959 646 2055 ὅκοωνχιιρῶν
656 1962 761 2032 τεκαὶ
772 1965 901 2033 ποδῶν·
915 1967 1020 2033 ταῦτα
1030 1965 1069 2033 δὲ
1077 1966 1177 2055 χωρίς
1186 1962 1295 2034 ἔκειτο

133 2066 191 2135 lut
205 2066 314 2156 κανέῳ
328 2066 650 2152 κατακεκαλυμμένα.

213 2174 249 2236 In
272 2175 373 2236 eadem
387 2173 518 2253 Aegisthi
538 2173 811 2236 oratiunculam
831 2174 1293 2256 huecsuntde‘l'hyeste,post-
1397 2214 1405 2227 κ

132 2296 218 2358 quam
231 2296 297 2339 rem
313 2276 497 2355 cognouerit:

332 2372 435 2463 μόρον
449 2369 482 2439 d'
504 2367 647 2464 ίίφιρτον
666 2370 879 2453 Πελοπίδαις
900 2372 1084 2457 ἐπεύχεται,

332 2474 500 2561 λάκτισμα
521 2472 659 2543 δείπνου
680 2472 843 2556 συνδίκοις
863 2476 976 2557 τιθείς
999 2473 1073 2568 ἀρᾷ.

134 2585 254 2646 mem
275 2584 439 2645 secundum
454 2583 647 2657 Ahreschius,
666 2583 817 2645 Animadr.
834 2582 865 2644 in
879 2585 1011 2665 Aeschyl.
1032 2584 1082 2647 lib.
1098 2585 1137 2658 ss,
1160 2606 1184 2648 c.
1205 2586 1245 2647 23
1265 2604 1294 2665 p.

131 2684 192 2746 399
207 2685 253 2746 sic
272 2684 428 2746 convertit:
456 2683 662 2765 despectum
687 2685 723 2746 in
750 2684 916 2746 convivio
937 2685 1127 2749 detestans
1147 2707 1186 2750 ac
1205 2688 1296 2749 diris

131 2788 330 2861 devovens,
350 2786 487 2867 additque
500 2786 652 2867 deinceps:
679 2795 816 2868 „poterat
829 2788 948 2862 eodem,
964 2789 1086 2869 opinor,
1102 2808 1190 2851 seusu
1206 2788 1296 2850 scribi

130 2883 244 2965 τιθεὶς
260 2880 376 2972 ἀράν.“
395 2887 460 2950 iloc
470 2887 656 2952 hermannus
671 2889 789 2969 recepit,
805 2898 834 2950 et
847 2890 956 2951 mirum
971 2899 1016 2952 est
1030 2907 1093 2952 non
1107 2889 1143 2951 ab
1158 2889 1295 2951 omuibus

130 3001 283 3073 receptum
302 3010 384 3065 esse,
403 2991 454 3071 qui
473 2991 510 3052 de
529 2991 672 3053 sententia
686 2990 745 3052 loci
760 2990 838 3054 idem
852 3001 938 3073 atque
953 2992 1130 3054 Ahrcschius
1145 2993 1295 3055 sentirent.

117 3094 203 3183 'Nam
212 3085 480 3180 ἇρᾷτιθίναιτι,
493 3092 727 3174 aliquiddiria
739 3093 921 3167 devovere,
934 3113 1035 3174 graece
1048 3113 1109 3157 non
1121 3095 1176 3158 dici
1187 3108 1296 3158 certum

127 3199 238 3275 καθ’)
251 3195 375 3257 alterum
382 3193 461 3269 illud,
470 3185 553 3279 ἀρὰν
559 3191 696 3259 τιθέναι
703 3195 732 3256 h.
738 3214 763 3257 e.
773 3186 855 3279 ἀρὰν
862 3195 1055 3272 ποιεῖσθαι,
1067 3197 1164 3277 potuit
1170 3198 1297 3259 fortasse

126 3299 217 3361 videri
227 3318 287 3380 pro
302 3288 456 3382 ἀρᾶσθαι
470 3298 579 3361 dictum
595 3318 669 3374 esse,
686 3307 715 3361 et
730 3288 812 3382 ripole
825 3291 962 3360 τιθέναι
976 3318 1016 3359 τι
1025 3316 1080 3379 pro
1097 3290 1248 3385 oipoiodoo'
1262 3319 1297 3361 τι

127 3403 234 3465 eodem
250 3401 356 3475 modo,
376 3421 434 3482 qno
449 3420 554 3482 supra,
575 3422 601 3463 v.
621 3401 697 3473 781,
718 3393 947 3485 ἀνδροθνῆτας
958 3392 1059 3464 Ἰλίου
1075 3397 1211 3487 φθορὰς
1225 3394 1298 3487 ψή-

126 3524 214 3589 φους
235 3494 356 3566 eiberto
377 3522 433 3585 pro
448 3499 585 3589 φθορὰς
598 3496 815 3590 ἐψηφίσαντο.
861 3503 956 3584 thue
971 3503 1070 3577 multa,
1086 3505 1155 3567 alias
1169 3504 1297 3567 incredi-

124 3606 203 3681 bilia,
217 3607 251 3668 in
263 3606 404 3686 Aeschylo
419 3614 517 3668 tamen
528 3605 674 3668 credibilia
684 3606 746 3671 visa
757 3614 836 3680 sunt,
852 3606 896 3669 sic
905 3613 1065 3686 potuerunt
1075 3608 1199 3669 fortasse
1210 3608 1295 3670 etiam

127 3701 213 3791 ἀρὰν
231 3702 372 3772 τιθέναι
388 3728 427 3769 τι
444 3712 482 3788 (v.
498 3699 651 3793 ἐρᾶσθαί
669 3712 716 3787 τι)
736 3709 888 3772 ferendum
903 3717 1007 3790 putare
1021 3728 1076 3790 pro
1089 3729 1124 3772 eo
1141 3711 1218 3792 prod
1235 3720 1293 3773 est:
1314 3728 1344 3777 Π

16 3808 18 3859 l
125 3811 269 3893 aliquid
294 3830 370 3873 cum
396 3810 634 3874 execratione
655 3811 887 3893 exprobrare.
931 3812 991 3874 iarn
1006 3832 1074 3876 vero
1090 3813 1160 3895 quid
1175 3822 1221 3877 est
1238 3808 1297 3876 λά-

16 3910 17 3919 ’
126 3932 256 3995 κτιαμα
270 3907 431 3977 estmoe?
452 3913 601 3993 Impiam
615 3914 811 3996 hospitalis
827 3932 968 3976 mensae
982 3914 1228 3993 violationem,
1249 3918 1297 3978 in-

127 4018 190 4096 quit
210 4016 384 4090 Schutsins,
405 4016 563 4094 elegantius
584 4036 672 4097 quam
688 4016 879 4090 Abresehius,
902 4017 954 4077 sed
978 4034 1069 4079 seusu
1087 4035 1149 4079 non
1169 4018 1295 4093 diverso,

128 4119 315 4201 mulcerique
328 4119 409 4182 iubet
422 4119 520 4182 locum
535 4119 593 4182 iem
608 4119 644 4182 ab
658 4121 717 4182 hoc
730 4118 863 4192 citatum,
885 4117 1031 4198 Lycophr.
1046 4137 1072 4178 v.
1091 4118 1150 4180 137
1158 4167 1167 4195 ,
1189 4120 1239 4183 ubi
1261 4121 1297 4183 de

131 4290 242 4302 ⁸¹·-ae-m...

197 4362 242 4427 bel
260 4360 356 4415 Tamen
369 4363 531 4432 hirquino
548 4365 677 4428 crederet,
701 4378 847 4431 comparans
862 4362 925 4413 haue
936 4359 1090 4413 locutionem
1106 4376 1161 4412 eum
1171 4375 1213 4424 ee,
1236 4374 1299 4425 quae

131 4452 170 4496 est
180 4448 245 4514 apud
255 4448 447 4501 Archilochum:
464 4452 525 4506 τοῖς
536 4450 615 4507 θεοῖς
625 4452 702 4501 τίθει
712 4442 747 4500 τὰ
759 4441 863 4500 πάντα.

24 4516 32 4653 i
