3190 5136
573 424 772 524 —s-e—

84 612 166 675 luisse
182 612 217 673 in
236 610 325 674 hunc
342 611 482 686 modum,
503 628 590 691 quem
608 610 719 692 pictura
737 613 985 693 repaesentsttl.
1028 612 1067 675 lit
1085 611 1164 693 qnod
1182 628 1245 674 non

87 733 201 777 emnem
219 716 309 777 huno
327 714 483 777 menium
509 712 654 793 depictum
673 713 817 791 udonus,
841 715 894 777 sed
916 721 1028 795 partem
1051 722 1164 777 nutum
1183 714 1245 776 eins

88 836 149 880 orm
160 819 233 900 ipso
255 818 309 879 illo
329 817 473 881 toramine
491 824 576 897 atque
595 815 716 880 homine
734 817 814 880 intus
834 817 989 880 collocato:
1008 816 1174 880 necessario
1188 818 1247 879 hoc

89 920 123 983 its
133 921 234 1002 pictor
248 920 390 993 instituit,
406 918 652 1001 quandoquidem,
664 918 690 981 si
704 927 799 982 tetrum
815 919 968 983 drcuhum
982 920 1134 1000 pinxisset,
1147 918 1247 981 homi·

89 1040 151 1085 nun
165 1042 295 1087 necesse
310 1024 416 1085 luisset
426 1022 568 1085 abscondi
582 1040 638 1086 nec
648 1021 781 1103 potuisse
795 1021 935 1103 conspici.
963 1022 1044 1084 Fecit
1056 1022 1152 1102 igitur,
1168 1022 1247 1102 qnod

89 1126 212 1188 maxime
225 1132 464 1188 consentaneum
474 1133 544 1198 erat,
559 1133 593 1187 ut
604 1125 682 1188 muri
692 1124 854 1206 imperfecti
867 1124 997 1206 speciem
1008 1133 1248 1205 repraesentaret,

90 1246 215 1309 ermque
233 1246 272 1289 ex
293 1227 381 1291 alteru
400 1237 482 1310 parte
500 1227 701 1301 humiliorem,
724 1245 782 1307 quo
802 1228 926 1309 propius
945 1228 1117 1303 draconem,
1140 1246 1176 1290 ex
1194 1227 1249 1290 hac

90 1340 168 1411 pute
186 1329 390 1405 advolantem,
413 1330 525 1393 homini
550 1330 707 1393 admovere
725 1338 835 1410 posset
869 1328 956 1393 Hunc
974 1338 1070 1392 auum
1090 1329 1247 1392 draconem

90 1449 125 1493 ne
141 1449 202 1493 nos
221 1432 345 1511 quidem
364 1451 420 1513 pro
438 1450 499 1495 uno
519 1450 621 1494 eorum
641 1431 816 1512 accipimus,
837 1432 932 1513 quiin
948 1450 1068 1495 caverna
1083 1431 1249 1513 Trophonii

90 1553 152 1596 cese
166 1533 360 1610 dicebantur,
377 1553 453 1615 quos
473 1535 591 1615 qrridem
608 1534 775 1597 Welcherus
792 1544 872 1597 recte
883 1543 971 1617 negat
989 1535 1081 1598 alatos
1096 1534 1176 1615 pingi
1191 1553 1247 1615 po-

89 1637 196 1698 tuisse:
219 1636 276 1698 ssd
296 1635 368 1697 nihil
388 1636 501 1709 obstat,
523 1637 682 1718 quominus
702 1637 989 1717 Agathodaemonem
1010 1637 1168 1717 significari
1183 1655 1247 1699 cre-

90 1739 211 1811 damus,
232 1737 263 1799 in
285 1737 471 1811 concaede,
491 1738 541 1820 qui
560 1738 710 1801 oraculum
730 1739 934 1814 consulebant,
954 1738 1130 1820 aliquamdiu
1148 1757 1248 1801 mora-

87 1841 206 1903 bantur.
251 1839 283 1901 ls
299 1839 386 1920 igitur
403 1857 484 1902 nunc
497 1841 581 1904 sdest
594 1840 781 1904 descendenti
795 1841 956 1922 propitius,
981 1841 1101 1922 opinor,
1118 1849 1147 1903 et
1161 1859 1249 1922 opem

87 1943 211 2005 laturus.
258 1940 398 2004 Proxime
417 1942 705 2022 Agathodaemonem
724 1943 762 2004 ad
781 1942 910 2005 dextram
932 1944 1075 2006 oaduoeus
1090 1951 1150 2018 est,
1168 1962 1248 2005 mer·

89 2045 198 2107 orriale
213 2044 351 2124 signum,
367 2063 426 2125 quo
446 2043 517 2105 nihil
534 2043 611 2106 ahud
626 2064 643 2107 a
657 2044 770 2125 pictore
789 2045 983 2123 significatum
1003 2045 1141 2120 coniicio,
1162 2064 1250 2125 quam

89 2146 317 2226 Trophonium,
336 2146 445 2209 oraculi
459 2146 622 2208 dominum.
657 2145 773 2226 Quippe
788 2148 907 2209 luerunt
925 2148 975 2227 qui
993 2147 1092 2227 ipsum
1112 2148 1247 2227 Tropho-

88 2250 173 2310 nium
193 2267 254 2328 pro
269 2248 414 2311 hleremio
430 2248 577 2322 haherent,
591 2267 651 2311 uno
667 2249 704 2311 de
718 2250 854 2330 quinque,
868 2248 899 2311 in
915 2267 991 2330 quos
1006 2248 1094 2311 huius
1108 2266 1218 2311 numen
1234 2267 1250 2310 a

86 2350 374 2431 philosophantibus
407 2351 583 2432 mythologie
611 2351 797 2431 dispertitum
826 2363 881 2413 est.
910 2386 954 2396 —
982 2352 1114 2433 benique
1140 2351 1249 2413 litteras

86 2450 200 2515 ΑΓΛ
206 2499 216 2525 ,
237 2452 336 2532 paullo
356 2451 471 2533 longius
491 2453 527 2516 ad
546 2453 677 2515 dextram
696 2453 809 2533 positas
828 2453 960 2534 quilibet,
975 2455 1097 2535 opinor,
1112 2454 1200 2516 malet
1212 2452 1249 2514 de

86 2553 252 2634 Agamedis
266 2553 388 2617 nomine
402 2554 594 2636 interpretari,
609 2573 698 2635 quam
713 2574 780 2617 eum
795 2556 956 2629 Welclrero,
970 2557 1007 2618 de
1020 2555 1197 2630 Palamedis,
1216 2562 1251 2617 ut

86 2657 185 2738 prima
210 2655 309 2718 littera
327 2656 367 2717 H
383 2656 486 2731 deleta,
508 2657 549 2718 Λ
567 2664 664 2719 autom
688 2676 756 2718 cum
776 2658 808 2718 Γ
822 2666 984 2738 permutata
1007 2676 1073 2720 esse
1099 2665 1250 2730 statuatur,

86 2778 181 2840 quum
195 2758 377 2840 praesertim
387 2758 451 2838 ipse
464 2758 633 2836 Welclrerus
649 2760 717 2821 huic
731 2779 764 2822 se
778 2760 960 2823 coniecturae
978 2779 1041 2823 non
1060 2759 1183 2821 multum
1197 2758 1251 2820 tri·

85 2862 179 2925 hnere
194 2862 357 2941 protessus
371 2860 420 2923 sit.
463 2861 543 2934 Quae
557 2870 653 2924 autern
673 2861 709 2923 ah
723 2861 782 2924 hoc
796 2880 899 2925 causae
913 2863 1116 2943 proferuntur,
1132 2860 1250 2940 quonu-

85 2982 146 3025 nus
160 2962 332 3043 Agamedes
348 2962 503 3043 signilicari
514 2964 657 3038 credatur,
673 2964 728 3025 hae
738 2963 819 3039 mihi,
834 2965 859 3026 si
875 2965 917 3027 ias
933 2972 978 3027 est
987 2963 1138 3027 litteratori
1150 2971 1252 3026 contra

85 3065 322 3145 mehaeologum
338 3064 375 3126 de
387 3063 558 3128 huiusmodi
573 3065 644 3127 artis
658 3065 772 3128 meanis
787 3066 895 3140 dicere,
913 3066 1015 3129 inanes
1029 3086 1094 3129 esse
1108 3067 1250 3129 videntum.

86 3169 146 3230 Ant
163 3169 271 3248 ipsum
292 3166 481 3245 Agamedem,
503 3176 555 3229 aut
571 3186 634 3230 rem
654 3167 779 3248 aliquam
798 3168 833 3230 ed
853 3169 1029 3247 Agamedem
1049 3170 1252 3250 pertinentem

85 3271 166 3333 velut
196 3288 300 3339 mam,
333 3286 395 3329 non
420 3278 517 3331 autem
535 3269 644 3333 litteras
670 3269 793 3333 initiales
824 3270 904 3351 pingi
931 3270 1066 3334 debuisse
1091 3272 1251 3334 contendit

85 3372 192 3453 ipsum
203 3369 386 3451 Agamedem
401 3389 454 3433 our
467 3372 592 3435 noluerit
611 3372 707 3455 pictor
724 3372 856 3453 pingere,
882 3372 955 3434 mihi
975 3375 1045 3436 setis
1064 3374 1252 3438 manifestum

84 3475 221 3537 videtur:
243 3490 327 3535 aram
346 3473 396 3553 qui
417 3475 559 3553 postulat,
583 3476 786 3538 demonstrare
809 3481 876 3537 ante
894 3475 993 3538 omnis
1012 3476 1138 3551 debebit,
1162 3475 1253 3538 luisse

84 3595 170 3639 anm
183 3574 332 3654 Agamedi
348 3585 556 3640 consecratam
599 3579 673 3640 Nem
687 3577 847 3641 Pausanias
867 3578 984 3659 quidem
1002 3578 1072 3641 huic
1085 3578 1121 3641 ab
1135 3577 1184 3652 iis,
1202 3576 1253 3657 qui

83 3679 116 3741 in
132 3695 298 3742 mennam
312 3676 479 3741 descensuri
492 3688 605 3754 essent,
620 3680 736 3743 arietem
751 3699 811 3743 non
827 3680 863 3743 ad
877 3699 970 3756 mam,
989 3680 1040 3742 sed
1055 3671 1104 3755 εἷς
1123 3673 1254 3762 βόθρον

85 3781 293 3844 sacrificatum
307 3798 373 3842 esse
388 3780 496 3844 scribit.
526 3782 568 3845 lie
582 3782 636 3845 alia
649 3783 774 3864 denique
787 3802 820 3845 re
835 3801 1010 3865 quacunque
1024 3783 1062 3846 ad
1076 3782 1254 3864 Agamedem

159 4066 184 4131 il
204 4065 303 4119 Veram
324 4066 419 4118 orscnli
435 4066 524 4118 licien
541 4065 616 4117 tslen
628 4065 719 4131 luisse,
736 4067 832 4134 qualem
853 4069 936 4136 pictor
952 4067 1165 4136 repraesentavit,
1183 4082 1254 4120 nemo

87 4152 188 4204 eredat.
213 4152 281 4203 ilem
293 4151 361 4203 illem
372 4153 410 4204 sic
421 4159 496 4203 extra
509 4151 619 4218 conspici
631 4167 680 4202 non
691 4153 804 4219 potuisse
816 4152 975 4204 manifestum
987 4160 1035 4204 est
1054 4151 1120 4206 Usus
1128 4152 1206 4218 igitur
1215 4158 1255 4204 est

87 4234 212 4289 meuse
224 4237 365 4304 pistoribus
378 4252 512 4302 concesse,
525 4243 553 4288 ut
565 4251 627 4303 qnae
639 4237 786 4288 abscondite
798 4243 884 4288 essent
896 4238 1074 4303 quodammodo
1084 4244 1165 4289 tenen
1177 4238 1256 4301 sigui-

86 4319 191 4373 iares
228 4320 648 4374 messanensium
664 4321 827 4373 subtilissime
843 4321 1016 4374 sWieselsro
1033 4323 1185 4388 disputatum
1201 4326 1253 4370 est:

86 4401 152 4456 lin
166 4406 290 4458 orihel
302 4407 356 4459 des
368 4405 578 4474 Trophonius.
603 4404 818 4471 Goettinp.1848.
