3222 5148
867 456 1015 555 ns..

446 647 518 712 Post
541 647 787 710 Tennemannum
814 645 1069 708 commemorandi
1093 651 1164 708 sunt
1188 642 1392 719 Heindorfius,
1424 644 1516 715 Staiu-

361 750 473 825 hartus,
494 750 638 831 Hegelius.
668 749 706 812 Et
724 749 913 813 Heindoriius
934 748 1062 829 quidem,
1085 748 1123 811 ad
1138 748 1196 811 Cic.
1218 748 1247 811 d.
1262 766 1292 810 n
1310 748 1338 809 d.
1359 747 1382 821 1,
1405 747 1455 818 19,
1470 747 1515 819 50,

360 852 398 917 de
414 853 530 917 duobus
549 852 704 933 generibus
724 852 859 927 deorum,
881 870 956 932 quae
976 850 1012 912 ab
1028 850 1155 930 Epicuro
1179 850 1314 912 distincta
1330 868 1395 913 esse
1410 869 1447 912 ex
1461 850 1516 912 eius

361 956 459 1021 uerbis
479 957 555 1037 apud
571 956 731 1037 Diogenem
749 956 862 1036 liquere
885 955 942 1028 ait,
969 952 1001 1015 in
1019 953 1111 1015 altero
1133 973 1184 1017 eos
1198 952 1289 1017 fuisse
1305 952 1438 1027 coniicit,
1465 953 1518 1034 qui,

360 1060 495 1140 quumvis
511 1065 680 1123 constarent
695 1078 731 1121 ex
745 1059 863 1132 atomis,
879 1075 954 1139 quae
969 1063 1112 1138 perpetuo
1124 1064 1154 1118 et
1165 1057 1278 1119 coirent
1290 1063 1319 1118 et
1331 1056 1518 1118 dissolveren-

361 1169 419 1235 tur,
435 1162 565 1226 eundem
576 1168 676 1227 mmen
688 1179 807 1245 semper
816 1161 979 1223 retinerent
989 1168 1159 1224 atomorum
1171 1178 1341 1234 numerum,
1357 1160 1430 1221 dum
1442 1159 1518 1240 quic·

361 1265 432 1347 quid
454 1264 637 1329 discessisset
652 1266 793 1328 continuo
809 1282 952 1327 novarum
968 1268 1138 1326 atomorum
1150 1261 1318 1325 accessione
1328 1269 1516 1344 repararetur,

361 1387 456 1449 quum
471 1375 574 1431 contra
590 1367 715 1430 alterum
736 1367 861 1430 deorum
881 1385 974 1446 genus
989 1365 1063 1427 nihil
1077 1372 1157 1428 esset
1170 1364 1227 1426 nisi
1244 1355 1367 1426 εἴδωλα
1381 1364 1518 1446 quaedam

361 1488 415 1533 seu
430 1469 572 1550 imagines
586 1488 624 1532 ex
638 1469 682 1531 dis
697 1468 752 1531 illis
767 1469 931 1543 effluentes,
953 1452 1029 1548 quae
1051 1467 1109 1529 cito
1123 1468 1256 1548 perirent
1269 1486 1401 1549 prorsus,
1423 1469 1466 1530 sic
1478 1474 1518 1528 ta·

362 1590 441 1645 men,
463 1580 498 1633 ut
516 1591 612 1635 norae
631 1572 698 1634 inde
719 1572 783 1634 sine
800 1572 1018 1635 intermissione
1039 1570 1075 1633 ad
1091 1587 1147 1633 nos
1167 1570 1322 1633 ellluerent
1337 1589 1405 1633 cum
1422 1588 1518 1634 eorum

360 1675 440 1737 unde
466 1674 650 1736 effluxissent
675 1674 875 1736 similitudine.
922 1672 1071 1737 Habemus
1097 1690 1166 1754 ergo
1193 1674 1241 1736 bic
1265 1691 1385 1754 quoque
1406 1673 1518 1735 eosdem

362 1776 427 1839 illos
452 1776 730 1839 Tenncmannianos
756 1777 828 1841 deos
854 1776 1023 1857 imagineos,
1051 1776 1151 1856 quales
1177 1794 1231 1838 cur
1255 1775 1286 1837 in
1302 1776 1347 1838 dis
1362 1772 1519 1839 censeriab

362 1878 488 1959 Epicuro
504 1896 564 1940 non
579 1880 731 1959 potuerint
746 1899 781 1941 er
796 1881 841 1954 iis,
857 1896 932 1961 quac
946 1878 1037 1942 modo
1052 1898 1069 1940 a
1084 1897 1133 1940 me
1147 1877 1224 1942 dicta
1238 1886 1317 1953 sunt,
1333 1878 1520 1941 manifestum

314 2009 320 2021 ·
362 1998 426 2043 esse
442 1980 576 2045 arbitror.
598 2014 631 2024 -·
650 1980 835 2045 Steinbartus
846 1983 858 2022 ³
869 1983 896 2061 ¹)
917 1981 989 2045 nibil
1008 1981 1134 2064 amplius
1156 1981 1214 2044 nisi
1228 1980 1345 2042 rideri
1364 1980 1519 2063 aitEpicu-

361 2101 430 2145 rum
452 2082 512 2143 duo
532 2099 641 2163 genera
663 2081 787 2145 deormn
808 2083 991 2157 distinxisse,
1013 2101 1074 2147 non
1092 2084 1236 2147 diffitetur
1256 2096 1358 2146 tamen
1379 2079 1520 2145 aduersari

362 2186 433 2248 buic
452 2185 616 2248 sententiae
631 2184 731 2248 Velleii
746 2187 833 2250 rerba
847 2187 926 2269 apud
941 2186 1128 2249 Ciceronem:
1152 2187 1259 2249 addere
1273 2193 1398 2268 poterat,
1421 2186 1521 2248 adver·

361 2287 420 2349 sari
439 2293 538 2352 cetera
558 2288 658 2353 omnia
678 2288 715 2353 de
738 2287 782 2352 dis
796 2288 916 2370 Epicuri
937 2288 1117 2352 testimonia.
1134 2324 1176 2335 -
1196 2287 1238 2351 [lc
1257 2288 1377 2368 Hegelio
1398 2287 1520 2369 denique

361 2407 423 2451 non
448 2389 519 2453 satis
545 2390 618 2453 mibi
639 2390 751 2471 liquere
777 2390 872 2453 fateor
897 2391 967 2472 quid
993 2391 1036 2454 rei
1056 2392 1108 2453 sit:
1136 2409 1205 2455 nam
1220 2390 1308 2453 rerba
1322 2391 1445 2471 quidem
1460 2388 1520 2470 lcgi,

361 2492 539 2555 sententiam
556 2501 653 2556 autem
671 2493 827 2559 verborum
842 2512 944 2556 sanam
958 2500 1010 2557 aut
1024 2493 1206 2575 probabilem
1221 2511 1324 2556 eruere
1339 2494 1421 2557 nullo
1437 2492 1520 2556 modo

361 2593 455 2675 potui.
501 2594 614 2661 Genera
637 2595 761 2659 deorum
783 2596 843 2658 duo
858 2597 950 2659 lbisse
965 2595 1014 2671 ait,
1029 2597 1155 2661 alterum
1171 2597 1250 2679 quod
1264 2614 1391 2659 numero
1406 2604 1520 2660 consta·

362 2702 417 2770 ret,
434 2696 528 2759 instar
541 2697 668 2771 numeri,
684 2698 757 2761 nibil
771 2698 829 2761 nisi
842 2717 988 2761 numerus
1002 2705 1092 2775 esset,
1113 2700 1202 2782 idque
1217 2718 1282 2762 esse
1296 2700 1315 2760 i.
1332 2719 1360 2780 q.
1376 2698 1413 2762 ab
1429 2697 1521 2762 omni-

361 2798 428 2872 bus,
444 2817 519 2880 quae
533 2799 669 2862 sensibus
692 2800 802 2882 percipi
820 2801 971 2883 riderique
987 2812 1122 2882 possunt,
1138 2803 1225 2885 plane
1239 2803 1419 2866 abstractum
1435 2821 1462 2864 r.
1477 2820 1521 2863 oc

362 2901 505 2974 iunctum,
523 2901 814 2977 ‚‚abstractum“,
836 2905 886 2978 ait,
910 2906 967 2979 ,‚in
982 2906 1151 2970 sensuali
1172 2907 1247 2983 (das
1262 2905 1465 2967 Abstracte
1479 2904 1520 2965 im

362 3002 627 3083 Sinnliclreu)“;
648 3006 774 3071 alterum
788 3025 881 3087 geum
897 3026 961 3072 csse
975 3010 1141 3090 perfectum
1156 3008 1294 3089 quiddam
1308 3014 1340 3070 et
1355 3007 1520 3071 absolutum
1573 2990 1574 3035 ἢ

361 3104 491 3168 bumana
506 3106 601 3169 forma
618 3108 792 3190 praeditum,
816 3109 905 3191 idque
920 3112 1045 3174 existere
1059 3131 1113 3193 per
1126 3111 1350 3185 similitudinem
1363 3111 1521 3192 imaginum
1572 3192 1573 3197 ἵ

361 3226 398 3269 ex
412 3214 555 3290 perpetuo
576 3210 714 3273 confluxu
727 3211 868 3274 similium
883 3213 915 3275 in
929 3232 1023 3279 unum
1039 3216 1187 3296 idemque,
1207 3232 1282 3294 quae
1296 3213 1334 3276 ab
1355 3213 1522 3276 bominibus
1572 3226 1573 3299 ζ

363 3310 597 3391 perciperentur:
624 3311 710 3392 plane
730 3314 882 3393 generales
902 3315 933 3377 in
948 3318 1034 3381 nobis
1049 3318 1208 3399 imagines:
1234 3317 1349 3397 hosque
1363 3335 1429 3379 csse
1445 3317 1521 3388 deos,

362 3411 414 3493 qui
427 3412 515 3474 etiam
537 3412 752 3477 dormientibus
776 3414 883 3497 singuli
904 3416 1152 3499 incurrerent.³¹)
1197 3420 1277 3482 Haec
1297 3420 1323 3482 si
1338 3437 1386 3482 me
1400 3437 1466 3483 non
1479 3419 1522 3482 iu·

362 3601 458 3672 ncpd
474 3605 586 3656 ταῦτα
602 3600 803 3665 ὅντοςθεοῦ
815 3609 876 3660 τοῦ
889 3604 1196 3682 ὅφθαρτονφύσιν
1208 3610 1357 3681 ἔχοντος.
1379 3607 1418 3662 Gi.
1434 3610 1465 3663 F.
1479 3608 1522 3661 rc

362 3689 497 3756 pcncbrdt,
514 3690 545 3742 dc
562 3692 726 3744 stomicorum
739 3693 823 3744 doctr.
836 3693 929 3757 (Berol.
943 3694 1019 3760 1832>
1031 3711 1055 3761 p.
1069 3697 1102 3748 '10
1114 3697 1158 3763 qui
1170 3705 1242 3749 rcctc
1253 3692 1316 3749 hacc
1328 3693 1446 3759 εἴδωλα,
1464 3708 1522 3761 qum
1571 3708 1572 3715 ¹

362 3790 412 3825 non
430 3788 445 3825 ι
464 3775 611 3841 corporibus
623 3778 748 3840 pendeant
760 3778 804 3829 scd
817 3773 978 3832 ὑπόστασιν
991 3778 1069 3834 ἰδίαν
1080 3782 1196 3846 babeant,
1207 3782 1385 3848 distinguenda
1396 3789 1486 3833 ποια
1495 3779 1523 3830 ab
1571 3758 1572 3803 i

361 3858 408 3924 iic,
431 3873 495 3924 quac
516 3862 617 3927 proprio
637 3862 791 3928 imagines
813 3872 937 3917 vocantur
956 3872 983 3917 ct
1005 3868 1185 3935 ccorporibus
1203 3866 1319 3933 effluant,
1340 3866 1423 3920 iarn
1439 3881 1523 3919 com
1571 3930 1572 3939 ἵ

362 3952 478 3996 servata.

430 4030 474 4095 ³1)
492 4028 519 4081 lu
532 4047 619 4084 comm.
633 4034 664 4085 dc
675 4033 784 4099 Epicuro
797 4050 875 4100 supra
887 4044 940 4089 not
956 4036 995 4088 tt.
1009 4038 1086 4089 citata
1098 4055 1122 4106 p.
1133 4039 1183 4090 tlt
1197 4047 1250 4091 not.
1264 4040 1305 4091 tl.

431 4115 473 4177 32)
491 4116 572 4181 Quum
582 4118 727 4172 huiusmodi
738 4118 961 4187 philosopbcmstis
973 4124 1148 4189 exprimendis
1156 4124 1234 4175 latina
1246 4125 1332 4189 lingua
1345 4140 1394 4175 non
1404 4121 1524 4181 summat,

366 4203 506 4253 rcvmdurn
518 4208 571 4269 cst,
590 4219 621 4254 nc
632 4205 687 4271 quis
699 4220 739 4256 mc
750 4207 901 4258 sententiam
912 4209 1002 4260 summi
1014 4207 1157 4276 philosophi
1168 4210 1233 4262 mslc
1245 4211 1368 4262 venando
1380 4211 1524 4275 eampum

362 4293 460 4352 arguat
484 4285 663 4340 Transcribunt
680 4291 759 4354 igitur
775 4307 872 4344 ornnem
889 4295 956 4345 bunc
972 4292 1069 4359 locum,
1087 4303 1115 4347 ut
1131 4296 1226 4362 legitur
1238 4296 1264 4346 iu
1276 4296 1371 4347 subolis
1384 4295 1487 4362 Hcgalii
1497 4295 1524 4345 dc

360 4369 453 4423 histor.
473 4373 563 4439 philos.
581 4382 641 4439 post
653 4376 732 4442 ipsius
744 4385 852 4429 mortam
865 4395 880 4429 a
893 4378 1027 4433 Michelcto
1040 4382 1126 4446 editis,
1139 4389 1204 4449 part
1218 4383 1242 4433 2.
1256 4381 1328 4448 (Opp.
1341 4380 1413 4445 XIV)
1428 4398 1455 4448 p.
1468 4381 1526 4434 tut:

363 4453 439 4519 „Sic
460 4456 525 4522 (dic
542 4456 669 4525 thtar)
688 4459 873 4528 bestcben“,
894 4474 965 4530 sagt
981 4465 1116 4531 Epilur‚
1137 4463 1258 4531 „theiis
1275 4466 1408 4532 (cinigc)
1426 4467 1459 4519 ln
1476 4467 1527 4518 dcc
