3284 5152
681 442 828 535 Au..-

170 632 323 713 signentur
336 647 411 711 qnae
423 627 602 693 intromissis
613 628 744 693 iacienda
756 628 824 690 sint.
834 663 878 673 -
887 629 980 691 Porro
992 628 1111 708 quinam
1123 629 1183 693 sint
1197 630 1238 694 illi
1248 624 1333 692 Asi·

171 735 244 820 φῶν
262 724 410 816 ἀριστῆς,
433 732 540 812 quibus
554 732 670 794 interna
685 731 786 811 tempii
801 750 889 822 ouras
903 751 969 794 esse
985 733 1036 794 lon
1051 750 1076 793 v.
1094 733 1155 796 430
1176 734 1256 809 dicit,
1271 750 1334 797 non

170 836 241 899 sat‘m
255 836 356 918 liquet.
387 833 449 896 Vid.
462 833 617 914 Antiquitt.
632 852 674 915 gr.
689 833 715 896 ll
731 852 760 914 p.
784 833 855 895 303.
900 833 964 897 Hos
986 841 1099 897 lantum
1120 842 1255 917 apparet,
1275 853 1334 898 an·

170 939 277 1001 tistites
298 938 440 1020 quosdam
461 935 619 998 nobiliores
638 935 792 1015 designari.
823 936 864 997 Ex
880 936 1027 999 Plutarobi
1041 946 1141 1000 autent
1155 937 1332 1008 narratione,

171 1041 207 1103 de
221 1058 298 1102 orac.
314 1040 372 1102 del.
388 1057 413 1120 e
430 1041 480 1112 bt,
495 1043 611 1101 constet
626 1037 794 1100 vaticinanti
808 1037 844 1100 de
860 1038 974 1118 tripode
990 1037 1110 1120 Pptb'ne
1130 1049 1248 1121 praeter
1261 1059 1332 1122 pro·

170 1143 288 1224 phetam
305 1143 394 1205 etism
408 1161 445 1204 ex
466 1141 562 1205 Hosiis
583 1142 727 1222 quosdam
746 1141 874 1203 edumas.
893 1175 935 1184 —
955 1140 1075 1203 Miretur
1093 1150 1191 1205 autem
1209 1143 1334 1206 tomam

169 1244 274 1326 aliquis
288 1243 432 1310 Xuthum,
448 1245 531 1326 qnasi
546 1244 618 1306 nibil
631 1244 757 1324 amplius
772 1242 988 1307 observandum
1004 1245 1051 1318 sit,
1068 1243 1167 1307 statim
1189 1246 1332 1325 templum

169 1347 429 1428 ingredientem).
460 1346 536 1411 Nam
550 1346 629 1428 quod
647 1346 715 1408 dicit
730 1363 756 1407 v.
772 1345 835 1408 432

222 1436 224 1439 ¹
572 1443 629 1511 sani
651 1442 714 1529 peip
736 1436 781 1522 ὥς
803 1438 867 1528 ἐγώ
888 1440 975 1510 κλύω

368 1545 562 1636 χρηστήριον
582 1542 739 1617 πέπτωκε
759 1549 829 1624 τοῖς
850 1543 1012 1634 &divom

370 1649 483 1717 κοινὸν
504 1647 572 1737 πρὸ
593 1648 680 1727 ναοῦ,

170 1758 298 1820 ostendit
313 1756 382 1820 buin
395 1756 538 1821 sacrificio
552 1791 593 1802 —
610 1757 668 1820 boe
681 1755 760 1819 enim
781 1775 845 1818 esse
860 1756 888 1816 h.
906 1757 924 1817 1.
942 1748 1137 1840 χρηστήριον
1157 1768 1236 1821 recte
1254 1759 1333 1822 ller-

172 1878 298 1923 msnnus
313 1859 533 1932 demomtrsrit,
548 1893 588 1904 -
604 1859 704 1941 ipsum
718 1875 781 1921 nen
795 1858 972 1922 interfuisse.
999 1858 1167 1923 Pertinebit
1181 1860 1284 1942 igitur,
1299 1869 1334 1925 ut

170 1962 293 2035 ridetur,
307 1962 366 2025 hoe
379 1954 575 2045 χρηστήριον
595 1980 632 2025 eo
654 1967 785 2033 tantum,
803 1967 838 2022 ut
855 1964 1058 2043 explanaretur
1076 1962 1158 2027 isene
1178 1970 1257 2026 esset
1275 1963 1333 2027 boe

171 2065 218 2127 die
236 2065 387 2127 oraculum
403 2064 557 2127 consulere
571 2078 770 2143 responsaque
782 2063 902 2144 Pythiae
917 2072 1027 2146 petere.
1057 2064 1100 2129 Gi.
1116 2065 1272 2146 intinniit.
1287 2083 1331 2147 gr.

171 2168 240 2249 tlp.
257 2166 329 2230 ³02.
358 2166 394 2227 El
410 2166 468 2228 hon
481 2172 527 2226 est
540 2164 618 2245 qnod
632 2162 750 2226 turnus
764 2164 835 2228 dien
850 2156 961 2229 einins
977 2159 1102 2251 ἡμέραν
1123 2187 1197 2239 esse,
1212 2187 1238 2227 r.
1259 2167 1331 2230 435.

171 2269 351 2334 Sacrificium
366 2276 467 2332 sutem
482 2268 540 2329 iam
556 2285 675 2329 summo
690 2282 778 2330 mane
791 2276 942 2348 pomonam
958 2288 1024 2334 esse
1045 2270 1205 2334 eonieoeris
1227 2289 1263 2331 ex
1282 2269 1330 2331 lo·

170 2373 216 2437 nis
231 2370 353 2443 mntioo,
369 2390 396 2432 v.
412 2370 463 2447 iit,
479 2368 528 2432 nbi
544 2368 646 2449 Pythia
660 2368 719 2431 mm
735 2370 904 2433 consedisse
919 2369 949 2433 in
963 2370 1080 2452 tripode
1095 2372 1171 2435 diets
1187 2378 1241 2435 est
1270 2371 1332 2437 Sit-

169 2493 209 2538 ne
222 2475 280 2539 boe
293 2471 549 2552 aerumnosique
561 2470 746 2542 omnibusne,
757 2471 926 2553 quicunque
937 2472 1090 2537 omnnium
1102 2474 1256 2538 consulere
1271 2474 1333 2536 vel-

169 2578 240 2650 lent,
256 2594 293 2639 sn
314 2576 349 2639 iis
369 2580 503 2648 mnium,
524 2573 577 2655 qui
595 2573 727 2637 morineii
746 2572 822 2637 illius
842 2574 997 2658 participes
1017 2574 1152 2651 minem,
1174 2575 1270 2643 aditus
1295 2574 1332 2639 nd

170 2679 322 2743 omnnium
336 2677 399 2740 deri
413 2675 519 2739 solitus
533 2676 582 2749 sit,
603 2676 729 2739 dubitari
749 2683 857 2757 potest.
893 2676 995 2758 Neque
1017 2678 1112 2752 onim,
1138 2676 1256 2759 opinor,
1276 2696 1332 2741 ne·

170 2800 253 2845 cesse
266 2781 323 2845 luit
336 2786 440 2862 poetae
454 2779 485 2842 in
499 2778 671 2843 huiuamodi
684 2778 773 2845 rebus
795 2778 920 2842 minoris
942 2779 1085 2842 momenti
1105 2780 1219 2861 singula
1240 2799 1331 2861 quae-

170 2902 229 2966 que
243 2883 328 2966 plano
342 2882 378 2944 ad
394 2881 546 2945 vorimtem
565 2898 754 2963 componere.
840 2880 948 2943 dbiens
967 2880 1084 2943 tintinna
1103 2900 1229 2945 uxorem
1249 2882 1333 2945 iubet

170 2985 261 3049 ramis
281 2982 462 3067 supplicibus
480 2975 609 3065 sumptis
630 2983 868 3056 dominandam,
890 2990 924 3045 ut
944 2973 1088 3045 εὔτεκνοι
1112 2979 1253 3066 χρησμοὶ
1277 2985 1334 3049 sibi

172 3088 350 3167 eontingsnt,
366 3085 395 3147 b.
406 3105 433 3149 e.
448 3085 542 3148 inusta
558 3085 595 3149 do
616 3085 776 3149 liberorum
790 3085 993 3165 procreatione
1007 3102 1158 3165 responsa.
1189 3086 1240 3151 Sis
1251 3087 1333 3151 enim

173 3189 343 3272 saepissime
358 3186 470 3259 Graeoi,
486 3196 590 3269 poetae
606 3186 793 3269 praesertim,
814 3186 949 3269 apposito
965 3186 1107 3253 adieetivo
1124 3196 1261 3263 utuntur,
1280 3188 1332 3253 ubi

56 3300 61 3308 '
173 3291 263 3354 etiam
278 3290 421 3372 genitivus
436 3289 609 3353 substantivi
624 3288 773 3364 nemeti,
789 3288 908 3371 siquod
925 3297 1071 3373 suppetat,
1086 3291 1157 3374 poni
1172 3291 1278 3375 possit,
1294 3292 1332 3357 ad

171 3392 394 3473 signilloandum
410 3391 530 3464 scilieet,
547 3409 607 3472 quo
623 3409 757 3472 quaeque
770 3409 818 3454 res
832 3392 992 3472 pertineat,
1018 3394 1111 3474 qualis
1131 3395 1183 3468 sit,
1207 3414 1332 3477 mamre

171 3512 291 3557 erumna
305 3493 421 3564 habeat,
437 3492 560 3555 velutin
576 3492 667 3572 Sopb.
683 3492 788 3555 lileetr.
804 3511 830 3553 v.
846 3492 908 3555 853
924 3487 1055 3567 liuidae
1070 3489 1257 3559 sorvordsos
1279 3489 1331 3559 sd·

173 3587 336 3674 norpr'dne
358 3602 429 3656 sunt
443 3613 510 3675 spes
524 3593 729 3656 communium
744 3593 905 3657 liberorum
925 3601 955 3655 et
969 3594 1139 3668 nobilitatis,
1162 3597 1239 3676 apud
1259 3596 1330 3659 Pin·

170 3696 274 3760 darum
289 3697 373 3759 Nem.
395 3695 430 3770 x,
452 3695 493 3757 37
514 3685 638 3775 εὐάγων
658 3687 742 3774 τιμά
763 3693 854 3774 gloria
876 3694 1003 3757 tendum
1024 3697 1234 3769 cornminum,
1253 3698 1331 3780 apud

170 3799 261 3882 Sepb.
277 3798 349 3862 Oed.
365 3797 426 3861 Col.
441 3816 467 3857 v.
485 3796 544 3857 7¹1
563 3781 656 3870 αἶνος
677 3786 832 3872 sienne&
855 3786 1006 3871 εἰὶπωλος
1027 3798 1090 3861 laus
1111 3806 1231 3879 propter
1246 3818 1330 3882 ngre-

167 3904 230 3985 gios
241 3920 345 3984 equos,
362 3899 440 3981 apud
456 3897 630 3980 Aesebyium
646 3898 732 3962 Eum.
748 3916 775 3959 v.
790 3896 852 3960 688
868 3895 1083 3982 προστροπαὶ
1102 3896 1332 3982 πρωτοκτόνοι

168 4005 395 4089 supplicationes
423 4010 544 4083 propter
565 4000 693 4081 primum
714 4000 917 4075 homicidium,
936 4002 1013 4083 apud
1034 4002 1103 4066 Eur.
1125 4003 1200 4067 bled.
1221 4022 1248 4067 v.
1267 4006 1330 4067 557

167 4099 290 4188 ἅμιλλα
311 4098 509 4179 πολύτεκνος
529 4105 707 4169 eoneertatio
727 4105 764 4166 ob
781 4104 941 4169 liberorum
961 4105 1196 4181 multitudinem,
1216 4107 1330 4188 Qque

197 4214 393 4317 .-6144441434
409 4273 446 4325 sq.
460 4252 515 4324 ἔχω
533 4252 568 4318 δὴ
586 4248 672 4307 πάνθ’
690 4248 766 4306 ὅσων
781 4250 948 4327 lypidem·
966 4252 1103 4325 στείχοιμ’
1121 4250 1159 4308 ἂν
1175 4257 1249 4319 εἴσω,
1268 4257 1330 4311 sinn

166 4338 323 4393 inellinslnit
334 4356 407 4407 qnam
419 4337 492 4410 ἔχων
505 4339 594 4403 nasibi,
610 4338 636 4391 ld
647 4339 714 4406 qnod
735 4338 874 4391 mutem
890 4338 985 4404 nisit,
1003 4341 1127 4407 probmts
1147 4340 1283 4396 Sobenllio
1303 4345 1329 4397 ln

166 4422 258 4478 ranst
266 4424 320 4479 XX
331 4438 356 4491 p.
368 4425 428 4490 tto,
439 4425 499 4479 niul
509 4436 724 4493 ”perum
736 4423 847 4478 videtur.
