3266 5140
750 426 812 488 455

205 616 290 677 liant:
308 612 434 693 bogislai
456 612 557 676 laudes
576 612 648 676 nihil
665 611 722 674 nisi
745 610 908 691 simplicem
927 630 962 675 ee
981 614 1091 676 nudam
1110 615 1237 678 veritatis
1258 635 1360 680 roeem

204 717 361 797 postulant
392 715 591 790 Quamobrem
605 733 686 778 nune
699 733 748 777 ma
761 734 828 791 vos,
843 715 1007 788 auditores,
1027 717 1115 779 buius
1134 718 1188 780 viri
1203 718 1360 797 imaginem

205 837 266 880 uon
292 817 420 881 oratorie
450 818 502 880 sed
534 837 601 881 rere
629 828 859 900 proponentem,
885 818 1022 898 benigne,
1049 838 1173 900 quaeso,
1200 828 1228 882 et
1253 828 1360 883 attente

205 921 338 984 audiatis.

289 1023 381 1087 Natus
400 1033 445 1086 est
463 1024 617 1105 bogislaus
637 1024 743 1087 saeculi
763 1023 868 1085 deeimi
888 1023 981 1104 quimi
1001 1042 1079 1088 anno
1099 1034 1204 1106 quarto
1224 1035 1253 1089 et
1272 1027 1360 1107 quin·

205 1127 384 1209 quagesimo.
407 1127 524 1190 Patrem
538 1127 639 1190 babuit
653 1126 772 1189 Erieum
786 1126 959 1201 seeundum,
974 1129 1119 1191 Wartislai
1134 1130 1216 1203 noni,
1232 1130 1295 1191 eius
1311 1132 1360 1211 qui

204 1231 280 1293 bano
299 1229 517 1291 universitatem
537 1228 679 1303 condidit,
700 1227 807 1290 filium:
828 1237 951 1292 matrem
972 1229 1129 1310 Sophiam,
1148 1231 1273 1310 bogislai
1289 1234 1360 1294 noui

203 1333 304 1407 liliam,
319 1350 393 1413 quae
406 1331 485 1412 apud
499 1339 651 1413 patruum,
671 1330 789 1393 Erieum
807 1333 949 1413 primum,
970 1332 1089 1395 Sueoiae
1104 1333 1189 1408 olim,
1211 1333 1318 1396 ilaniae
1331 1344 1361 1397 et

203 1434 361 1514 Nervagiae
375 1452 473 1513 regem
489 1433 609 1496 edueate
624 1440 653 1495 et
668 1451 840 1514 magnarum
849 1434 912 1497 eius
924 1434 1087 1498 divitiarum
1101 1435 1185 1498 heres
1201 1439 1274 1499 laeta
1288 1447 1359 1500 erat

203 1537 311 1600 Puerili
326 1537 480 1616 discipline
493 1554 567 1599 usus
581 1546 627 1599 est
640 1536 702 1611 tali,
723 1545 756 1599 ut
769 1536 857 1599 buius
874 1539 1006 1618 exemplo
1023 1538 1188 1600 ostendisse
1201 1539 1291 1602 videri
1307 1540 1358 1602 de-

202 1641 267 1703 beat
282 1648 397 1714 natura,
412 1649 554 1721 quantum
569 1640 632 1721 ipsa
652 1658 707 1720 per
721 1658 753 1702 se
772 1639 919 1720 nullisque
936 1640 1031 1702 alendi
1045 1650 1132 1721 atque
1148 1641 1298 1704 excolendi
1313 1642 1359 1704 in-

202 1743 278 1824 genii
294 1743 432 1806 subsidiis
448 1742 543 1806 adiuta
558 1743 671 1805 allicere
686 1743 783 1806 valeat
814 1743 887 1805 Nam
901 1752 1015 1823 patrem
1030 1744 1157 1824 quidem,
1172 1744 1266 1806 virum
1282 1753 1360 1807 eete-

202 1847 309 1928 roquin
323 1845 387 1909 belli
403 1845 541 1926 pacisque
556 1847 667 1909 artibus
682 1847 912 1928 egregiumque
928 1846 1026 1908 minus
1038 1847 1164 1909 liliorum
1182 1866 1280 1909 euram
1296 1848 1360 1928 ipse

202 1958 311 2030 ageret,
336 1949 379 2011 rei
404 1949 537 2029 publicae
561 1950 692 2028 negotia,
718 1958 748 2012 et
772 1948 941 2029 gravissima
967 1949 1112 2030 quasillo
1135 1958 1358 2030 temporeoum

204 2050 533 2131 Bmudenburgeusibus
552 2051 678 2129 gerenda
692 2059 774 2113 erem
792 2050 864 2113 bella
884 2052 1072 2131 impedivisse
1092 2051 1240 2115 videntur:
1259 2052 1356 2133 itaque
1374 2065 1406 2114 to

201 2174 293 2219 uuum
319 2160 448 2227 mutum,
475 2160 545 2216 natu
570 2153 728 2227 maiorem,
753 2153 940 2216 Wartislaum
959 2171 1060 2216 seeum
1079 2154 1194 2228 babuit3
1219 2155 1357 2235 reliquos,

202 2257 377 2323 Casimirum
392 2265 422 2319 et
435 2256 616 2336 bogislaum,
631 2265 660 2319 et
674 2257 801 2338 quinque
816 2257 902 2331 filias,
916 2274 975 2325 una
990 2274 1056 2318 eum
1072 2264 1178 2329 matre,
1194 2276 1252 2339 quo
1267 2257 1357 2320 tutio·

200 2380 248 2424 res
272 2362 370 2424 lorent
391 2358 427 2421 ab
450 2359 669 2421 imminentibus
689 2379 777 2440 saepe
797 2359 938 2421 bellomm
967 2358 1116 2440 perieulis,
1138 2360 1168 2421 in
1189 2360 1357 2423 orientalem

201 2463 392 2527 Pomeraniae
406 2471 519 2542 partem
534 2463 682 2543 ablegavit.
711 2463 754 2525 lbi
761 2462 881 2545 Sophia,
890 2481 982 2543 quum
997 2463 1054 2525 iem
1066 2463 1188 2526 antebac
1202 2482 1264 2526 non
1279 2463 1357 2544 opti·

203 2587 250 2630 me
264 2585 331 2628 mm
346 2565 394 2627 illo
411 2564 606 2640 convenisset,
625 2565 685 2627 sive
704 2565 854 2628 muliebris
870 2565 958 2629 animi
974 2565 1145 2645 impotentia
1159 2566 1358 2647 falsorumque

202 2670 365 2733 amisorum
379 2667 528 2741 instinctu,
543 2667 603 2729 sive
618 2668 698 2748 quod
713 2667 811 2731 ilbeito
827 2686 927 2730 amore
941 2676 1024 2748 eapte
1039 2675 1131 2742 esset,
1147 2667 1268 2749 eiusque
1284 2687 1357 2730 eon·
1458 2712 1460 2715 .

202 2769 323 2834 seientia
338 2777 501 2850 angeretur,
519 2778 670 2851 tantopere
694 2778 769 2833 esta
788 2772 893 2833 marito
913 2770 1043 2845 alienata,
1058 2778 1091 2832 ut
1105 2788 1257 2852 uunquam
1273 2779 1357 2851 post·

202 2875 269 2949 bac,
295 2872 427 2954 quamvis
460 2891 548 2952 saepe
577 2873 706 2946 invitata,
734 2873 828 2935 redire
853 2874 889 2935 ad
915 2892 982 2936 eum
1009 2873 1098 2935 vellet.
1141 2874 1182 2936 lta
1212 2873 1358 2936 disiuncto

202 2975 380 3040 matrimonii
426 2975 576 3037 consortio
618 2975 761 3056 reliquum
802 2983 919 3057 tempus
959 2976 1061 3038 Erieus
1099 2996 1166 3038 eum
1206 2976 1360 3038 Wartislao

202 3077 358 3158 Wolgasti,
382 3076 492 3158 Sophia
523 3095 589 3139 eum
619 3077 761 3140 Casimiro
792 3088 821 3140 et
851 3077 985 3157 Bogislao
1015 3079 1198 3159 Rugiwaldae
1227 3079 1360 3159 degebat.

203 3183 237 3244 ln
251 3183 452 3253 boeseeessu,
473 3179 642 3242 exacerbato
664 3179 756 3242 indies
772 3180 864 3259 magis
879 3181 992 3255 animo,
1013 3200 1073 3244 non
1094 3182 1231 3245 maritum
1251 3184 1358 3255 solum,

202 3285 253 3346 sed
279 3283 355 3344 filios
381 3300 497 3363 quoque
521 3282 586 3362 ipsa
609 3301 696 3357 suos,
716 3291 820 3363 utpote
844 3284 938 3346 inviso
963 3284 1153 3347 matrimonio
1179 3295 1359 3366 procreatos,

202 3406 320 3450 srmrmo
336 3385 404 3447 odie
420 3385 526 3447 babere
540 3386 646 3466 eoepit,
662 3385 734 3448 adeo
749 3393 782 3449 ut
796 3403 891 3466 neque
910 3388 988 3449 cultu
1006 3388 1158 3468 principali
1177 3407 1229 3449 eos
1249 3389 1357 3450 eduea-

202 3500 261 3563 ret,
277 3507 372 3569 neque
391 3488 539 3568 magistris
554 3488 680 3550 traderet
693 3487 780 3550 bonis
796 3488 905 3551 artibus
920 3491 1136 3564 informandos,
1153 3498 1305 3568 postremo
1321 3508 1358 3551 ue

201 3595 372 3673 adspectum
390 3591 507 3672 quidem
532 3609 635 3653 eorum
655 3591 779 3653 tolerare
798 3592 887 3652 velet.
918 3593 959 3654 lta
979 3591 1088 3671 pueruli
1113 3600 1243 3653 materna
1267 3592 1357 3653 domo

202 3695 315 3775 expulsi
329 3712 383 3773 per
397 3693 539 3773 oppidum
555 3693 705 3757 oberrant:
720 3694 837 3756 aluntur
852 3693 1067 3775 oppidanorum
1082 3694 1238 3768 benefieiis,
1250 3695 1275 3755 si
1291 3694 1356 3774 quis

205 3804 290 3871 esset,
306 3797 422 3877 quiens
441 3805 491 3859 aut
509 3796 629 3859 aedibus
648 3797 777 3877 recipere
797 3806 847 3859 aut
861 3816 980 3859 mensae
995 3798 1131 3860 adbibere
1144 3796 1240 3858 vellet:
1256 3797 1286 3857 in
1301 3814 1357 3877 pu-

203 3901 279 3963 blico
298 3899 381 3971 ludo,
402 3899 583 3979 plebeiorum
602 3899 703 3979 pueris
722 3899 859 3973 immixti,
880 3918 943 3962 nou
961 3900 997 3961 iis
1019 3901 1126 3980 quibus
1142 3900 1224 3980 ipsos
1241 3899 1360 3961 decebat

202 4003 326 4077 artibus,
346 4001 398 4063 sed
416 4003 463 4063 vix
482 4000 585 4082 primis
600 4002 749 4066 literarum
763 4003 913 4066 elementis
932 4003 1113 4066 imbuuntur.
1143 4004 1274 4065 Fuerunt
1288 4019 1359 4063 seue

205 4105 300 4177 multi,
316 4124 391 4184 quos
408 4112 466 4165 tam
485 4103 621 4182 indignae
640 4105 728 4167 sortis
748 4106 914 4181 misereret3
937 4105 989 4167 sed
1010 4106 1059 4185 qui
1085 4106 1222 4168 auxilium
1243 4104 1358 4183 aliquod

206 4207 333 4269 solidum
348 4208 451 4269 afferre
466 4214 515 4269 aut
530 4214 631 4287 posset
641 4216 691 4270 aut
705 4218 827 4289 propter
841 4218 965 4271 matrem
980 4208 1107 4282 auderet,
1123 4227 1209 4270 nemo
1224 4207 1359 4268 inventus

202 4319 262 4380 est,
287 4316 401 4389 praeter
419 4327 512 4371 unum
534 4328 569 4370 ex
589 4310 757 4391 propinquo
778 4331 853 4393 pago
873 4311 1031 4385 rusticum,
1051 4312 1191 4374 loannem
1206 4308 1358 4385 Langium.

202 4413 230 4474 ls
246 4428 336 4494 quum
352 4410 468 4493 saepius
487 4411 518 4473 iu
534 4412 678 4493 oppidum
692 4414 856 4487 ventitaret,
875 4413 1043 4495 uideretque
1060 4414 1241 4494 Bogislaum
1257 4417 1356 4472 utne·
1377 4417 1407 4468 lt
