3290 5142
838 478 879 541 32

272 666 406 750 publicae
423 670 479 730 nos
494 667 657 749 Theognidi
676 667 868 732 commissam
889 667 941 730 sed
955 685 1027 731 mox
1040 683 1144 730 rursus
1159 666 1328 747 ademptam
1342 665 1434 728 luisse

273 771 464 845 coniecimus,
480 789 547 833 cam
559 770 605 833 alii
617 771 753 852 cuipiam,
768 778 798 833 et
809 770 920 834 maiora
932 786 1000 834 cum
1011 776 1167 852 potestate,
1182 769 1359 852 permissam
1370 785 1435 830 csse

273 890 334 936 non
346 880 458 936 temere
468 873 554 935 nobis
564 891 601 935 ex
611 872 657 934 his
668 872 799 935 versibus
811 872 946 953 colligere
957 871 1100 947 videmur,
1112 871 1242 952 quisunt
1251 868 1434 934 scr-850:

373 970 459 1052 Λδξ
479 969 585 1056 ἐπέβα
607 968 699 1060 δήμῳ
721 969 922 1059 κενεόφρονι,
944 968 1049 1037 τύπτε
1071 967 1109 1035 δι’
1130 966 1251 1058 κέντρῳ

461 1067 533 1153 ὀξέι
552 1071 611 1140 καὶ
633 1071 767 1160 ζεύγλην
789 1071 955 1161 δύσλοφον
977 1066 1175 1161 ύμφιτύθει·

376 1172 414 1241 ού
440 1175 502 1264 γδρ
523 1169 583 1242 ἔθ’
605 1168 755 1262 εὑρήσεις
778 1176 882 1264 δῆμον
902 1172 1148 1263 φιλοδέσποτον
1170 1164 1237 1240 ὧδε

460 1274 661 1367 ἀνθρώπων,
684 1274 833 1358 ὁπόσους
854 1274 964 1366 ἠέλιος
984 1277 1127 1366 καθορᾷ.

274 1382 423 1449 Nimirum
443 1387 536 1450 iratus
555 1387 650 1469 plebi,
672 1406 689 1449 a
709 1405 766 1468 qua
785 1386 849 1469 ipse
868 1394 986 1468 spretus
1007 1393 1083 1459 erat,
1104 1384 1203 1459 illum,
1225 1382 1275 1462 qui
1294 1399 1374 1447 nunc
1393 1381 1437 1446 rei

275 1486 407 1568 publicae
432 1490 617 1570 praepositus
643 1496 702 1563 est,
729 1490 867 1553 hortatur
890 1497 924 1551 ut
944 1494 1088 1570 potestate
1108 1487 1164 1549 sibi
1183 1485 1326 1567 permissa
1347 1486 1436 1549 etlam

273 1589 390 1652 fortiter
408 1598 509 1654 utatur
528 1592 683 1674 ipsamque
697 1592 813 1673 plebem
827 1592 915 1655 istam
929 1594 1022 1654 lerem
1037 1598 1126 1673 atque
1142 1588 1280 1655 stolidam
1294 1588 1437 1651 uiolenter

275 1710 411 1756 coercere
431 1711 470 1755 ne
489 1701 639 1766 vereatur,
663 1693 771 1775 quippe
791 1712 866 1775 quae
886 1699 967 1757 tanta
987 1693 1043 1774 ipsi
1056 1696 1202 1775 potestate
1215 1691 1321 1754 uadita
1336 1687 1437 1776 φιλο·

90 1796 99 1812 “
158 1788 159 1792 ’
276 1789 442 1857 δέσποτον
461 1814 494 1858 ss
513 1814 577 1858 esse
598 1796 768 1858 ostenderit
797 1796 841 1859 Ad
860 1795 939 1858 idem
958 1801 1079 1878 tempus
1093 1795 1240 1878 pertinere
1254 1793 1390 1858 ridentur
1405 1792 1437 1856 bi

275 1915 388 1973 versus,
405 1896 477 1961 821.
493 1898 539 1959 2:

373 1994 456 2087 μήτε
476 1990 543 2063 τιν’
564 1987 643 2075 αύξε
663 1991 817 2081 τύραννον
838 1992 897 2062 ἐπ’
919 1993 1043 2075 ἐλπίδι,
1065 1993 1217 2083 κέρδεσιν
1237 1991 1344 2077 εἴκων,

460 2097 544 2188 μήτε
564 2102 668 2166 κτεῖνε
688 2100 778 2166 θεῶν
800 2094 898 2187 ὅρκια
918 2097 1127 2183 συνθέμενος,

274 2206 382 2287 quibus
403 2207 556 2270 admoneri
570 2206 700 2288 Cyrnum
715 2206 818 2282 credo,
839 2213 887 2281 ut,
908 2206 934 2270 si
948 2208 1025 2269 forte
1038 2205 1064 2268 is
1079 2207 1131 2287 qui
1144 2208 1188 2269 rei
1203 2205 1335 2288 publicae
1349 2222 1437 2288 prae·

273 2308 368 2373 lectus
387 2310 427 2372 sit
446 2310 633 2390 tyrannidem
652 2312 783 2384 affectet,
803 2309 873 2373 buic
892 2328 924 2372 se
946 2327 1044 2391 neque
1059 2311 1224 2373 adiutorem
1238 2309 1377 2390 praebeat
1389 2308 1437 2371 sui

273 2411 407 2492 privatim
428 2412 579 2475 commodi
599 2430 703 2486 causa,
723 2430 819 2493 nequa
834 2429 904 2475 uero
919 2412 955 2475 ad
970 2431 1040 2475 eum
1054 2412 1283 2476 interimendum
1297 2411 1436 2474 coniura-

273 2513 386 2576 tionem
397 2515 500 2578 iaciat:
511 2514 630 2595 qualem
640 2515 870 2578 admonitionem
882 2533 944 2578 non
954 2515 1128 2578 mirabimur
1136 2515 1167 2576 in
1176 2534 1222 2588 eo,
1235 2514 1283 2577 cni
1291 2513 1436 2595 populum

273 2617 424 2702 tyrannico
446 2617 571 2698 imperio
595 2617 716 2698 dignum
731 2617 828 2681 visum
843 2637 908 2681 csse
922 2637 1012 2700 supra
1027 2617 1226 2699 cognorimus.
1255 2615 1323 2679 Nou
1336 2623 1437 2679 tanum

274 2721 471 2799 perseveravit
483 2719 515 2781 in
528 2720 583 2782 hac
596 2719 757 2782 sententia:
778 2737 849 2783 nam
864 2720 920 2783 alio
934 2721 1016 2795 loco,
1032 2741 1059 2783 v.
1077 2720 1243 2802 1203sqq.‚
1258 2719 1436 2782 acerrimum

275 2821 438 2903 tyrannidis
453 2822 554 2885 udum
569 2822 740 2903 profitetur:

379 2915 449 2987 Ούιι
471 2912 549 3005 εἶμ’,
574 2916 648 2988 ούδ’
669 2916 730 2986 ὑπ’
753 2917 835 3004 ἐμοῦ
855 2917 1059 3008 κεκλήσεται,
1082 2916 1157 2988 οὔδ’
1180 2918 1240 2988 ἐπὶ
1261 2917 1377 3009 τύμβῳ

463 3019 647 3106 ολμοιχθελς
665 3019 735 3089 tuo
757 3024 818 3111 γῆν
840 3014 906 3090 εἶσι
928 3023 1082 3110 τύραννος
1104 3019 1194 3112 ἀνήρ.
1232 3096 1234 3101 ,

377 3119 450 3192 odd'
472 3117 515 3192 dv
534 3123 658 3202 ἐκεῖνος
679 3122 760 3208 ἐμοῦ
781 3123 960 3213 τεθνηότος
982 3121 1054 3192 οὔτ’
1077 3122 1210 3216 α’νιῷτο,

463 3221 539 3293 σ’ύτε
560 3226 646 3293 κατὰ
668 3224 843 3315 βλεφάρων
866 3226 992 3313 δύκρνα
1012 3227 1124 3317 θέρμα
1145 3225 1256 3313 βάλοι.

277 3337 307 3393 ot
320 3350 390 3395 eum
405 3332 526 3413 quidem
541 3341 708 3414 tyranuum,
724 3334 775 3416 qui
790 3334 948 3396 immodica
957 3334 1137 3398 tributorum
1149 3335 1300 3398 exactione
1310 3335 1437 3417 rapinis-

277 3454 335 3515 que
360 3435 461 3517 populi
484 3436 639 3502 facultates
664 3437 830 3511 exhauriat,
856 3436 958 3519 quavis
983 3444 1081 3500 morte
1106 3438 1227 3519 dignum
1248 3456 1312 3501 esse
1332 3437 1438 3501 clamat

277 3556 305 3599 ν.
324 3536 419 3600 1181:
473 3592 478 3600 .

379 3633 575 3727 δημσφύγον
597 3634 635 3703 δὲ
654 3635 810 3725 τύραννον
832 3631 928 3715 ὅπως
949 3635 1080 3716 ἐθέλεις
1101 3637 1295 3706 κατακλῖναι

463 3734 502 3806 ου’
523 3739 653 3824 νέμεσις
673 3739 760 3825 πρὸς
779 3742 870 3805 θεῶν
892 3743 1034 3826 γίγνεται
1058 3736 1204 3824 ούδιμύα,

278 3846 328 3926 qui
347 3845 404 3909 loci
421 3863 482 3909 non
499 3865 555 3928 pro
570 3846 749 3909 documento
764 3844 864 3909 haberi
878 3856 1020 3928 possunt,
1043 3847 1174 3912 extitisse
1187 3865 1221 3910 re
1234 3866 1302 3911 rara
1316 3847 1438 3929 Megaris

276 3948 326 4011 illo
341 3956 476 4031 tempore
490 3957 657 4030 tyrannum,
673 3948 725 4011 sed
740 3947 797 4011 boc
810 3956 928 4011 tantum
943 3950 1114 4025 ostendunt,
1129 3970 1195 4014 eam
1209 3950 1302 4014 luisse
1314 3950 1438 4014 civitatis

277 4052 492 4127 conditionem,
512 4071 587 4134 quae
606 4052 723 4115 futurae
743 4051 903 4133 tyrannidis
926 4052 1126 4135 suspicionem
1140 4071 1259 4117 morere
1275 4052 1438 4135 Theognidi

276 4163 388 4237 posset

361 4258 475 4321 Rursus
495 4258 573 4320 aliud
592 4276 685 4339 genus
705 4258 838 4321 locorum
858 4264 917 4332 est,
941 4258 992 4342 qui
1007 4259 1148 4323 abolitum
1162 4277 1326 4342 paucorum
1341 4258 1437 4340 impa-

276 4361 370 4437 rium,
396 4368 591 4443 exaequatum
610 4361 688 4444 plebi
709 4380 776 4424 cum
796 4359 947 4424 nobilitata
967 4362 1028 4437 ius,
1056 4363 1201 4426 connubia
1219 4362 1299 4426 intur
1318 4361 1437 4426 ordines

276 4464 458 4546 promiscua,
487 4464 617 4529 bonores
638 4483 757 4548 quoque
778 4471 809 4527 et
827 4464 1016 4546 magistratus
1034 4464 1170 4547 plebeiis,
1195 4465 1436 4549 locupletioribus
