3154 5138
653 412 715 483 Μ

124 603 277 669 thermut
295 624 312 668 a
331 605 554 679 coniectura,
573 605 675 669 rideo
694 613 811 667 temen
831 601 916 684 quid
936 612 1264 685 recrementum

123 705 157 769 itt
167 706 295 781 deindit,
309 708 427 771 etmihi
441 707 559 789 quidem
574 727 637 771 rem
652 705 850 771 incredibilem
864 705 955 769 nihilo
970 707 1183 771 credibiliorem
1196 709 1266 771 red·

123 807 220 872 diderit.
263 809 327 872 [liri
342 808 379 872 de
393 809 449 873 irte
464 808 627 884 locotione,
646 809 814 872 aberrare
832 829 850 870 a
868 809 1092 886 coniectura,
1105 810 1137 873 in
1148 812 1263 874 dissert

121 910 180 990 llp.
193 911 231 973 25
245 930 326 992 ειη,
344 919 375 973 et
393 930 446 974 cnr
465 929 499 973 ee
518 910 638 991 probari
655 912 803 992 nequiret,
822 911 988 974 retionihue
1000 931 1036 974 ex
1051 912 1118 993 ipse
1132 914 1264 979 vocehdi

122 1011 319 1091 uhnilcetione
339 1013 434 1076 ductio
453 1013 611 1088 evidenter,
630 1022 664 1076 nt
679 1014 818 1085 arbitror,
834 1013 1032 1077 demonstrari
1049 1023 1151 1083 eumn
1170 1014 1264 1097 Wop-

122 1115 203 1177 leneii
215 1116 353 1195 argutiae,
368 1115 429 1196 qui,
444 1114 535 1178 Lectt.
551 1114 675 1178 Tulliam
689 1113 725 1192 ll,
740 1114 760 1177 3
775 1134 804 1196 p.
823 1114 883 1179 136
898 1115 1007 1191 flend,
1022 1117 1219 1181 coniectorem
1233 1118 1264 1180 in

121 1215 166 1278 hue
187 1216 333 1281 luertione
359 1236 422 1280 eum
449 1217 566 1299 intelligi
588 1217 731 1291 volueret,
746 1235 820 1298 quue
835 1236 852 1280 a
865 1217 953 1281 honio
969 1219 1120 1300 principiis
1134 1222 1264 1301 proiectu

120 1319 183 1383 hene
199 1321 380 1404 procederet,
400 1328 429 1383 ct
441 1339 498 1402 que
516 1319 584 1401 quie
599 1319 724 1400 proinde
738 1319 889 1382 imitatem
904 1329 954 1382 eut
968 1320 1201 1401 prohthil‘dntem
1215 1341 1265 1386 ue·

121 1432 285 1502 sequeretur.
321 1422 389 1486 Non
409 1423 535 1486 multum
554 1422 682 1495 diverse,
700 1421 797 1503 penllo
819 1429 934 1484 tontum
954 1422 1084 1487 deterior
1102 1433 1148 1488 eet
1161 1425 1266 1488 Klotrii

120 1524 250 1599 defensio,
268 1543 360 1606 quum
381 1526 598 1601 „coniectnro“
617 1522 713 1604 inquit
732 1533 800 1598 „eet
818 1531 881 1586 tum
901 1527 1006 1604 (tunc)
1025 1544 1112 1590 veruo
1126 1526 1174 1589 ille
1187 1526 1264 1597 finis,

121 1642 169 1704 quo
181 1627 362 1690 tendimus“.
392 1626 504 1709 Nempe
519 1627 668 1689 tendimus
688 1625 725 1689 ud
740 1627 902 1703 veritatem,
920 1646 1042 1710 eamque
1060 1628 1177 1710 uerequi
1191 1646 1265 1692 con·

120 1726 237 1791 ieettndo
252 1727 427 1791 annitimur:
446 1728 516 1791 hinc
534 1729 623 1809 igitur
642 1728 704 1791 fleri
719 1728 853 1808 potuisse
866 1730 1032 1805 credemus,
1051 1739 1085 1794 nt
1098 1732 1266 1795 coniectura

120 1828 196 1893 etiem
219 1849 278 1911 pro
303 1830 367 1910 ipre
393 1848 482 1911 quem
508 1830 676 1913 qmerimne
702 1831 822 1894 veritate
847 1826 1013 1895 diceretur?
1042 1833 1134 1908 Sene,
1158 1833 1265 1915 inquit:

120 1930 251 1996 unimodi
273 1940 351 1994 certe
369 1933 550 2006 coniectura,
570 1951 646 2014 quae
665 1932 701 1995 ed
720 1932 868 1995 veritatem
884 1931 996 2015 dirigit,
1011 1954 1046 1998 ec
1058 1935 1185 2016 proinde
1199 1954 1266 1999 vert

119 2035 274 2099 coniectura
289 2053 356 2097 eree
370 2034 484 2099 dictur.
520 2035 606 2115 Atqui
622 2034 754 2116 qmmrie
773 2034 882 2098 multae
901 2036 1084 2101 coniecturae
1098 2056 1183 2101 verae
1197 2037 1265 2111 sint,

119 2145 180 2199 rmt
189 2146 290 2200 temen
304 2154 365 2200 non
380 2136 541 2217 pauciores,
555 2136 697 2200 ueletiam
717 2137 817 2218 plnres
832 2137 921 2200 luleoe
935 2156 970 2201 ec
982 2139 1112 2215 fallaces,
1131 2159 1205 2221 quae
1219 2141 1266 2202 ni-

119 2237 169 2300 hilo
185 2240 288 2303 minue
306 2239 411 2302 eodem
436 2238 620 2302 conicdnree
638 2239 761 2302 nomine
778 2238 971 2320 appellentur.
1026 2241 1136 2304 Vereor
1160 2241 1266 2322 itaque,

119 2357 151 2402 ne
161 2341 322 2406 eheurdnm
337 2341 384 2417 rit,
397 2341 467 2405 huie
480 2340 664 2405 coniecturae
679 2341 806 2415 nomini,
826 2341 857 2402 in
876 2360 936 2423 quo
950 2342 1017 2423 ipso
1032 2343 1109 2407 nulle
1122 2361 1178 2407 nec
1191 2345 1267 2405 veri·

118 2443 175 2507 edu
188 2464 243 2509 uec
255 2443 393 2508 lehiteh'e
407 2444 518 2507 notetio
533 2443 613 2517 inuit,
629 2452 744 2525 praeter
763 2444 881 2508 inuitem
902 2463 986 2519 uuum
1006 2465 1040 2508 uc
1052 2446 1210 2526 genuinum
1225 2446 1266 2509 ri·

118 2545 327 2623 phedonem
346 2546 434 2610 etiem
452 2547 528 2610 hono
553 2547 703 2628 proprium
729 2547 857 2609 veriteds
881 2546 964 2626 quuei
988 2547 1267 2628 udeignilicetionem

116 2647 273 2714 tdinnctm
294 2657 449 2731 propterea
469 2649 599 2724 credere,
618 2650 698 2730 quod
717 2650 874 2712 nonnullae
892 2648 1075 2712 coniecturae
1096 2669 1182 2714 verce
1199 2652 1267 2714 sint.

190 2752 318 2816 Facilius
342 2752 486 2815 assentior
510 2752 546 2814 de
560 2770 623 2832 cap.
644 2751 699 2827 38,
718 2752 792 2814 107:
819 2750 911 2824 Quid
938 2761 1005 2825 cst,
1030 2753 1123 2833 quod
1150 2753 1268 2816 minue

116 2855 250 2932 prohari
264 2854 399 2937 poerit,
415 2872 516 2934 quem
532 2854 686 2917 omnium
701 2853 736 2916 in
751 2873 805 2916 me
819 2852 979 2916 incidere
993 2854 1183 2935 imagines,
1195 2855 1268 2917 llo·

116 2957 207 3031 neri,
231 2956 456 3028 Archilochi,
481 2955 638 3032 Romuli,
660 2956 808 3031 Numae,
832 2956 1064 3037 Pythagoreo,
1090 2957 1270 3027 Platonis,

115 3073 175 3121 uec
187 3079 223 3124 ee
238 3062 370 3135 torma,
385 3056 513 3140 quuilli
526 3055 689 3121 luerunt?
719 3060 796 3133 Quo
817 3059 921 3121 modo
941 3077 1025 3139 ergo
1041 3055 1116 3121 illi?
1131 3066 1166 3123 et
1179 3079 1269 3141 quo·

115 3177 182 3224 rum
208 3161 408 3243 imagines?
435 3162 465 3224 in
487 3180 547 3241 quo
575 3167 710 3223 contextu
736 3179 828 3242 quum
854 3162 975 3225 ultorum
1004 3179 1172 3241 pronomen
1198 3162 1268 3231 illi,

113 3266 262 3330 mutini
276 3264 402 3347 generis,
416 3264 588 3328 Heindorlio
600 3262 686 3337 „sine
697 3269 811 3327 seneu“
826 3284 894 3327 esee
904 3263 1061 3337 videretur,
1076 3264 1166 3327 necin
1180 3263 1217 3327 uh
1233 3283 1269 3326 eo

113 3376 154 3430 ert
167 3367 371 3451 Gloguvieneie
392 3365 502 3430 codicis
518 3365 603 3430 lectio
622 3384 711 3448 quoe
730 3384 812 3446 ergo
833 3366 927 3429 illae:
947 3373 976 3427 et
990 3365 1176 3447 pronominis
1191 3375 1269 3430 certe

114 3472 304 3535 mntutionem
317 3471 405 3534 mum
420 3469 555 3532 lloeerur
571 3467 628 3531 sihi
642 3466 837 3531 neceesarium
852 3468 941 3531 videri
956 3469 1111 3549 protitetnr
1129 3467 1160 3531 in
1174 3487 1270 3532 enno·

113 3573 217 3638 lotione
227 3574 373 3638 *editionis
388 3572 522 3636 minotio.
553 3571 610 3633 Sed
625 3571 764 3633 defensor
778 3570 1048 3651 uulgemeleotionie
1058 3569 1182 3634 eremus
1197 3572 1270 3634 erti-

113 3675 151 3751 lil,
163 3678 363 3742 mmenlinum
382 3692 547 3758 pronomen
568 3682 689 3755 propter
702 3674 836 3749 nomine,
855 3692 930 3756 quue
943 3673 1134 3754 praecedunt,
1153 3692 1271 3738 mereu-

113 3779 175 3855 line,
189 3782 331 3855 Homeri,
347 3778 526 3852 Archilochi,
540 3785 718 3850 ceterorum,
734 3775 863 3857 positum
879 3794 946 3839 eree
960 3776 1079 3852 docens,
1094 3775 1200 3856 quihus
1215 3794 1271 3838 no—

113 3884 238 3948 ninihne
252 3902 319 3948 non
333 3891 431 3946 umen
445 3883 530 3963 ipeor
545 3880 611 3943 illoe
625 3879 771 3956 homines,
786 3879 837 3942 red
852 3879 992 3961 imagines
1007 3896 1111 3943 eorum
1126 3878 1272 3960 designari

113 3989 301 4052 meniiertnm
316 3987 363 4049 eit
408 3985 521 4066 Nmpe
539 3985 573 4046 tit
590 3985 649 4046 hoo
667 3983 697 4045 in
717 3980 887 4064 quotidiano
899 4001 1036 4046 remoue
1050 3999 1273 4064 stepennmere

113 4098 143 4151 ut
155 4090 310 4154 obversari
329 4088 428 4153 auimo
448 4095 553 4151 neetm
573 4087 629 4149 hoe
650 4086 694 4149 vel
713 4085 779 4148 illos
798 4085 937 4148 homiues
956 4086 1100 4161 dicemur,
1120 4102 1196 4168 qnos
1211 4103 1272 4148 non

113 4189 193 4272 ipeoo
214 4194 369 4256 rideamne
388 4199 417 4254 et
435 4208 584 4273 nimquam
604 4190 730 4253 fortem
748 4187 923 4263 uiderimus,
940 4187 992 4250 red
1012 4206 1139 4270 quornm
1159 4190 1272 4270 epeuiee

113 4296 416 4378 lnttumqneedumet
428 4295 525 4375 imago
540 4291 619 4357 unde
633 4292 711 4356 nude
725 4291 906 4354 conformate
920 4290 1007 4354 nobie
1017 4290 1198 4355 obversetur.
1224 4290 1274 4353 Sic

114 4398 210 4474 panllo
229 4406 304 4480 poet
322 4396 399 4479 opud
417 4397 588 4461 Ciceronem
609 4394 747 4477 legimus:
768 4396 809 4456 tt
828 4392 990 4474 Orpheus
1007 4428 1050 4443 -
1065 4394 1101 4461 io
1115 4395 1271 4456 inimum
1292 4402 1322 4452 12
