3284 5152
713 516 862 612 jo-

200 703 315 766 etiamsi
330 702 396 785 quis
417 695 633 786 τειραφύλιον
658 709 768 766 terram
793 700 951 766 defendere
971 708 1095 765 conetur
1114 695 1291 784 νγιφολΐας
1309 721 1364 765 ex-

201 805 309 889 emplo,
324 804 405 886 quod
426 820 536 865 nomen
553 803 678 884 regionis
699 804 729 867 in
751 804 958 887 Peloponneso
978 803 1050 875 luit,
1070 810 1171 866 tamen
1192 802 1274 865 alteri
1296 819 1364 868 cor·

199 907 323 970 rectioni
339 906 433 969 multo
448 904 551 968 leniori
567 923 626 969 non
650 906 704 968 erit
724 906 923 989 praeferenda.
951 895 1150 990 Ἐιιιφύλιοι
1171 911 1269 968 autem
1292 906 1363 987 quin

200 1010 230 1084 ii,
246 1010 295 1091 qui
311 1008 447 1072 tribubus
462 1013 612 1087 praesunt,
626 1016 704 1071 recte
719 1008 775 1071 dici
790 1009 950 1094 potuerint,
966 1025 1066 1082 nenro,
1082 1007 1196 1092 opinor,
1210 1006 1361 1071 dubitabit

201 1110 341 1174 Similiter
355 1102 563 1190 έπελιμένιος
576 1109 726 1173 dicebatur
739 1110 894 1194 Neptunus
905 1118 1046 1195 portuum
1058 1129 1186 1195 praeses,
1207 1116 1258 1174 aut
1272 1109 1362 1172 etism

200 1207 393 1296 έπιλΐμνιος,
415 1220 444 1274 et
473 1201 671 1295 έπιιοοργΐα,
692 1205 928 1296 έσιιιοργιδΐα,
952 1214 1041 1276 etlam
1064 1204 1279 1297 έσιιιοργῖσιζ
1308 1211 1363 1274 ldi-

199 1333 297 1389 nerus,
313 1335 329 1378 a
345 1307 496 1399 πύργοις,
512 1331 571 1392 qno
586 1315 706 1376 nomine
720 1316 798 1396 apud
813 1315 982 1391 nonnullos,
999 1316 1088 1379 voluti
1098 1316 1185 1380 Teios
1197 1333 1361 1397 eorumque

199 1420 319 1483 colonos
333 1418 495 1491 Abderitas,
511 1419 599 1480 etiam
615 1436 704 1499 pagos
719 1418 880 1500 appellatos
895 1437 959 1481 esse
973 1418 1179 1500 inscriptiones
1193 1417 1308 1482 docent

284 1520 382 1602 Eurip.
400 1519 511 1583 llecub.
527 1540 552 1582 r.
573 1520 632 1583 189
643 1538 725 1602 squ:

399 1616 533 1708 Σφύξαι
555 1613 592 1684 α’
613 1613 770 1705 Ἅργεΐοιν
790 1618 885 1687 noted

399 1719 551 1802 ξοντεΐνει
576 1720 661 1805 πρὸς
681 1720 806 1806 τύμβον
828 1718 940 1807 γνώμα
998 1734 1003 1739 “

398 1818 549 1911 Πηλεΐδα
571 1821 673 1911 γέννα.

198 1928 259 1991 larn
274 1930 344 1992 olim
359 1930 396 1992 de
410 1929 535 1992 lectione
550 1936 580 1992 et
593 1930 834 2012 interpretatione
848 1930 957 1995 borum
966 1948 1105 1994 versuum
1118 1930 1284 1995 dubitatum
1295 1950 1361 1996 esse

198 2030 308 2094 scholia
323 2032 542 2108 demonstrant;
563 2040 613 2095 aut
628 2034 708 2096 enim
728 2031 826 2118 κοινᾷ
847 2030 969 2119 γνώμη,
992 2033 1089 2097 dativo
1109 2052 1195 2109 οοειι,
1218 2035 1360 2118 scriptum

197 2135 289 2197 luisse
310 2135 426 2209 docent,
445 2134 589 2217 verbaque
603 2136 646 2199 sic
659 2140 843 2199 constructa:
874 2129 966 2217 γέννα
988 2130 1138 2220 Πηλεΐδα
1159 2140 1258 2222 κοινᾷ
1279 2130 1361 2220 γναΐ-

196 2256 244 2321 μη
257 2227 414 2319 Ἀργείων
435 2230 591 2313 ξοντεΐνοι
606 2254 644 2299 σε
659 2232 788 2323 σφοΐξαι
804 2232 891 2323 πρὸς
905 2230 1039 2318 τύμβον,
1054 2246 1106 2302 aut
1125 2231 1222 2302 ύοινδ
1240 2233 1363 2322 γνιύμα,

197 2356 267 2402 casu
281 2340 471 2414 nominativo,
486 2339 542 2403 bac
554 2339 710 2403 verborum
722 2341 958 2404 constructione:
973 2337 1071 2403 κοινὰ
1086 2331 1361 2424 γνιόμαᾍργιΐαν

197 2434 350 2518 ξονιείνει
374 2434 499 2525 σφάξαι
525 2459 563 2504 σε
585 2437 671 2525 πρὸς
692 2436 815 2524 τύμβον
838 2438 1004 2525 Πηλεΐδα»
1027 2437 1133 2525 γέννα,
1154 2452 1188 2507 ut
1208 2438 1302 2528 γέννα
1323 2445 1361 2507 sit

197 2543 353 2617 vocativus,
368 2542 556 2625 Polyxenam,
572 2562 662 2626 quum
677 2544 795 2608 Hecuba
810 2544 976 2627 alloquitur,
991 2545 1165 2628 designans3
1181 2566 1359 2629 quamquam

197 2645 259 2708 allis
275 2645 367 2726 ineps
381 2647 488 2727 placuit
504 2641 607 2733 γέννα,
622 2648 718 2713 dativo
733 2666 813 2722 casu,
829 2665 897 2710 cunr
913 2642 1064 2732 Πηλεΐδα
1083 2650 1303 2731 coniungendo,
1326 2657 1359 2713 ut

197 2748 409 2828 significaretur
423 2748 636 2830 Neoptolemus
652 2748 766 2813 Pelidae
782 2749 869 2824 lilius,
891 2751 938 2814 cul
959 2752 1018 2814 boc
1039 2768 1214 2815 concessum
1238 2753 1359 2835 Argiuo·

177 2868 265 2924 prum
285 2868 432 2913 consensu
458 2851 613 2925 diceretur,
635 2860 668 2914 ut
690 2852 868 2934 Polyxenam
889 2853 1065 2916 immolaret
1097 2855 1174 2916 Sunt
1192 2853 1279 2936 igitur
1299 2863 1360 2918 tres

197 2953 370 3023 sententiae,
386 2956 511 3035 quarum
526 2971 586 3017 una
601 2971 734 3035 quaeque
750 2956 838 3018 etiam
853 2957 931 3020 inter
943 2956 1124 3019 recentiores
1142 2974 1236 3020 unum
1251 2966 1301 3020 aut
1316 2958 1358 3020 al·

198 3063 294 3120 terum
309 3056 549 3138 adstipulatorem
564 3056 672 3120 babuit.
703 3056 773 3121 blilri
787 3058 866 3121 nulla
882 3059 952 3121 satis
966 3058 1070 3140 placet,
1096 3059 1276 3140 minimeque
1291 3080 1359 3123 om·

198 3158 281 3221 nium
297 3158 353 3232 illa,
369 3177 459 3240 quam
473 3158 548 3222 alter
567 3160 737 3223 scholiastes
756 3167 906 3244 praestare
925 3169 1024 3244 putat,
1044 3169 1079 3225 ut
1099 3156 1192 3243 γέννα
1210 3164 1359 3227 vocativus

197 3260 246 3335 sit,
262 3279 321 3342 quo
336 3260 424 3323 liliam
440 3261 558 3324 llecuba
573 3263 749 3345 alloquatur.
778 3263 902 3347 Scripsit
921 3264 1047 3328 fortasse
1066 3264 1219 3346 Euripides
1233 3261 1360 3353 Πηλιΐη

199 3355 301 3446 γέννα,
317 3363 414 3427 Peleio
430 3364 497 3439 dlio,
514 3365 542 3427 b.
559 3383 584 3426 e.
595 3365 708 3440 debuit,
723 3366 892 3449 pendetque
904 3365 952 3430 bic
962 3366 1077 3431 dadvus
1089 3387 1105 3431 a
1118 3368 1206 3432 verbo
1219 3365 1358 3455 σφάξαι.

198 3458 329 3547 Πηλεΐα
351 3459 443 3546 γέννα
465 3483 519 3547 pro
536 3462 675 3552 Πηλέως
691 3462 795 3551 γέννα,
817 3468 990 3532 adiectlrunr
1006 3489 1061 3554 pro
1076 3471 1214 3553 genitivo,
1229 3481 1263 3536 ut
1279 3474 1358 3537 Δει-

198 3557 364 3645 νομένειον
387 3564 495 3629 παῖδα
517 3568 660 3633 Pindarus
672 3571 756 3651 Pptb.
773 3571 809 3641 11,
827 3570 875 3645 18,
897 3566 1104 3650 Τελαμώνιον
1124 3564 1196 3635 olda
1211 3573 1358 3638 Homerus

197 3665 276 3729 dicit.
306 3666 487 3731 adiectivum
505 3665 658 3754 Πηλειος,
679 3672 745 3735 licet
764 3673 831 3735 alibi
851 3690 906 3737 nec
925 3673 961 3736 ab
982 3673 1111 3736 Homero
1131 3690 1187 3737 nec
1205 3694 1222 3737 a
1242 3678 1358 3758 tragicis

198 3775 382 3851 usurpatum,
398 3788 451 3852 per
465 3790 497 3833 se
512 3772 609 3851 ipsum
624 3774 697 3837 nibil
709 3775 877 3839 ollensionis
888 3775 985 3850 babet,
999 3783 1137 3858 extatque
1147 3777 1236 3841 etiam
1249 3779 1280 3842 in
1294 3780 1358 3861 epi·

197 3878 359 3951 mammete
373 3865 517 3957 Πήλειον
539 3869 627 3953 δόρυ.
661 3876 704 3938 (ll.
719 3877 831 3941 lacobs.
846 3878 882 3940 ud
905 3872 1023 3941 Antholss
1040 3887 1114 3941 tona.
1131 3879 1171 3941 lll
1183 3899 1211 3959 p.
1229 3881 1300 3943 573.

281 3972 428 4058 Hippolyt.
444 3995 471 4037 r.
488 3974 528 4038 78
544 3994 627 4057 squ:

396 4068 492 4151 ὅσοις
514 4073 671 4140 διδακτὸν
690 4075 794 4163 μηδέν
815 4071 887 4143 ἀλλ’
908 4074 944 4144 έν
964 4081 1007 4167 τῇ
1028 4075 1129 4168 φύσει

394 4176 434 4241 αδ
456 4180 639 4264 σωφρονεῖν
662 4172 787 4267 εἴληχεν
809 4175 856 4259 εἷς
876 4179 919 4245 τιν’
943 4175 1046 4246 πάνθ’
1070 4174 1170 4263 dada,

395 4274 526 4357 τούτοις
548 4277 748 4362 δρέπεσθαι,
770 4284 839 4359 τοῖς
860 4284 992 4348 κακοῖσι
1015 4276 1091 4349 δὀύ
1113 4282 1223 4367 θέμις.

193 4379 371 4445 Valckenarii
387 4384 594 4457 emendationi,
610 4377 695 4449 δλλοΐ
716 4376 744 4469 γ)
756 4379 777 4470 ἡ
801 4381 912 4472 φύσις,
928 4388 1081 4452 llonckius
1096 4392 1204 4453 merito
1218 4394 1356 4474 praetulit

193 4481 404 4547 Porsonianam
421 4477 513 4563 ὅστις
535 4484 693 4553 διδακτὸν
712 4485 816 4576 μηδὲν
831 4508 886 4550 m:
902 4507 971 4553 nam
987 4510 1061 4573 qnae
1075 4492 1119 4555 sic
1133 4512 1250 4576 quoqne
1265 4503 1356 4562 nutat
