3190 5136
791 397 989 494 Ab„

395 581 506 662 Regem
525 599 621 664 nuper
644 582 770 663 imperio
789 582 915 664 potitam
930 584 967 646 de
985 584 1094 657 arnico,
1121 585 1202 648 cuius
1221 582 1326 647 auxilio
1341 601 1468 664 regnum

310 684 432 765 adeptus
451 684 503 758 sit,
522 694 645 765 propter
663 686 771 748 leobini
785 684 918 765 aliquod,
939 704 1084 767 generoso
1104 685 1221 767 quidem
1241 686 1331 749 animi
1346 687 1469 767 impetu,

310 786 362 849 sed
378 794 480 849 contra
489 787 567 866 regis
577 786 732 867 imperium
744 788 938 852 commissum
952 806 1064 869 poenas
1078 796 1257 869 repetentem
1272 788 1469 868 mansimus,

310 905 373 950 non
392 888 484 950 modo
502 888 534 950 in
553 890 667 951 theatro
683 889 735 951 sed
748 907 786 951 no
800 889 832 951 in
847 890 902 951 vita
917 889 1036 970 quidem
1056 909 1234 972 magnopere
1249 891 1469 971 reprebenden-

309 990 381 1053 dum
392 990 594 1065 iudicabimus,
610 992 689 1073 quod
700 991 782 1072 regni
794 992 928 1055 bmandi
944 1011 1043 1055 curam
1058 994 1205 1074 potiorem
1219 993 1352 1056 babuerit
1361 994 1469 1056 veteris

310 1092 452 1156 amicitiae
466 1093 617 1156 memoria.
652 1095 858 1157 Vommtamen
876 1095 903 1156 si
924 1096 1032 1157 lactum
1047 1095 1115 1159 illud
1137 1096 1223 1158 amici
1241 1096 1470 1159 saluberrimum

310 1195 420 1275 patriae
435 1195 529 1269 luerit,
544 1195 639 1276 sitque
650 1196 696 1258 ille
706 1197 853 1260 amantior
863 1197 975 1277 populi,
991 1216 1079 1278 mam
1090 1217 1141 1259 rex
1151 1199 1225 1278 ipse,
1237 1199 1469 1261 considendum·

312 1316 368 1378 que
388 1298 500 1379 populo
521 1297 608 1360 otiam
629 1298 718 1360 invito
733 1317 801 1378 rege
817 1318 882 1361 cunr
901 1318 1019 1362 summo
1035 1319 1091 1363 suo
1106 1300 1234 1381 periculo
1250 1309 1384 1381 certaque
1397 1320 1470 1382 per-

310 1399 385 1461 nicie
400 1400 541 1475 statuerit,
557 1418 657 1466 nonne
672 1401 849 1476 amabimus,
871 1419 932 1463 non
947 1401 1156 1464 admirabimur
1170 1403 1231 1465 eius
1250 1402 1339 1465 animi
1353 1402 1471 1483 magui·

310 1501 452 1577 tudinem,
467 1521 528 1565 non
539 1503 730 1581 laudabimus,
744 1503 823 1584 quod
838 1503 915 1583 regis
930 1504 1003 1566 iram
1014 1505 1120 1567 mereri
1135 1522 1222 1586 mam
1237 1505 1340 1567 deesse
1353 1504 1472 1586 populo

310 1604 455 1678 maluerit,
475 1605 613 1686 denique,
640 1607 665 1668 si
692 1615 793 1687 optare
808 1605 971 1680 iubeamus,
995 1623 1057 1669 non
1072 1607 1151 1669 bunc
1170 1624 1258 1688 mam
1273 1606 1354 1669 illum
1368 1626 1472 1688 regem
1580 1680 1581 1689 ,

310 1708 418 1770 lactum
438 1706 604 1771 nodamus?
633 1708 721 1789 atqui
741 1709 806 1772 talis
825 1709 911 1789 plane
929 1709 1058 1771 conditio
1083 1718 1129 1771 est
1145 1709 1223 1772 lovis
1243 1718 1271 1771 ot
1289 1710 1473 1785 Promethei,
1580 1702 1581 1705 '

310 1809 336 1871 si
348 1809 548 1873 Hermannum
569 1811 731 1874 audiamus.
766 1811 879 1892 Regnat
896 1811 1013 1892 quidern
1028 1810 1151 1892 iupiter,
1171 1812 1223 1873 sod
1239 1812 1356 1892 dignior
1375 1830 1472 1894 regno
1581 1886 1582 1901 χ

311 1913 504 1976 Prometheus
520 1922 573 1977 est.
599 1915 662 1976 Nisi
678 1916 753 1976 lorte
768 1914 840 1976 nibil
854 1915 962 1976 reterre
976 1914 1115 1987 dicamus,
1129 1913 1207 1994 quali
1222 1914 1261 1976 sit
1275 1924 1325 1977 aut
1337 1934 1387 1977 rex
1401 1934 1474 1997 erga

311 2016 454 2096 populum
477 2027 527 2081 aut
546 2018 657 2098 iupiter
674 2036 742 2098 erga
767 2018 906 2079 bomines
928 2018 1036 2079 auimo.
1071 2015 1145 2078 Nam
1164 2016 1223 2079 boc
1236 2017 1355 2097 quidem
1373 2017 1473 2080 mani
1545 2036 1556 2057 ·

310 2118 418 2180 lectum
436 2127 493 2194 cst,
516 2119 596 2182 illum
611 2121 642 2180 in
657 2121 834 2182 Prometheo
848 2120 963 2195 lovem,
985 2119 1088 2199 inquo
1104 2118 1288 2181 [dermannus
1308 2120 1473 2201 quidquam

309 2221 459 2301 tragoedia
477 2222 630 2302 indignum
645 2241 711 2284 esse
730 2231 831 2303 negat,
851 2222 936 2284 talem
951 2241 1026 2297 esse
1041 2240 1129 2303 quem
1142 2240 1231 2284 nemo
1246 2239 1308 2283 uon
1327 2222 1471 2285 dduma

309 2322 487 2385 Prometheo
503 2342 592 2404 quam
606 2323 746 2386 victorem
762 2343 829 2386 osse
839 2323 982 2386 maluerit
1010 2323 1079 2385 Odit
1093 2323 1172 2385 enim
1187 2341 1280 2403 genus
1295 2324 1471 2398 humanum,

310 2425 437 2487 deletum
453 2434 553 2488 contra
568 2426 616 2488 lati
631 2426 710 2505 leges
726 2426 813 2507 cupit,
828 2443 978 2506 quumque
992 2425 1088 2487 delere
1103 2433 1243 2505 nequent,
1258 2446 1276 2488 a
1289 2426 1470 2489 Prometbeo

310 2526 482 2608 impeditus,
509 2536 620 2590 sortem
636 2536 714 2590 certe
731 2528 889 2590 bominum
902 2546 991 2608 quam
1005 2527 1203 2590 miserrimam
1219 2546 1352 2602 manere,
1372 2548 1472 2610 noque

309 2648 459 2710 emergere
478 2649 529 2692 eos
549 2650 583 2692 er
604 2629 799 2693 adientissime
819 2629 988 2693 conditione
1015 2638 1044 2691 et
1062 2630 1098 2692 ad
1119 2630 1327 2711 perfectionem
1348 2640 1473 2695 naturae

309 2749 380 2794 sune
394 2733 554 2813 pervenire,
567 2733 618 2795 sed
634 2732 792 2795 brutorum
807 2734 900 2796 instar
915 2733 1053 2794 omnibus
1068 2733 1213 2795 humanae
1234 2733 1309 2795 ritae
1328 2733 1471 2797 subsidiis

311 2853 410 2897 carere
424 2835 492 2908 vult,
508 2835 654 2915 illumque,
669 2836 719 2915 qui
734 2836 882 2897 miseritus
897 2835 1054 2896 bominum
1069 2835 1166 2914 ignem
1184 2835 1220 2896 iis
1235 2843 1371 2915 artesque
1390 2844 1470 2899 attu-

307 2938 382 3001 lerat
406 2937 538 3018 vitaeque
568 2937 698 2999 melioris
727 2938 803 2999 viam
834 2945 1060 3011 monstraverat,
1091 2936 1293 2999 crudelissimo
1323 2938 1471 3020 supplicio

308 3040 408 3113 afficit,
427 3040 586 3102 immemor
598 3039 703 3101 veteris
718 3038 862 3112 beneficii,
878 3056 938 3118 quo
953 3038 1072 3101 victuum
1086 3038 1144 3120 ipsi
1158 3056 1338 3121 regnumque
1359 3039 1395 3101 ab
1408 3040 1472 3103 boc

309 3142 465 3205 hominum
488 3143 602 3204 fautore
620 3151 737 3221 partum
760 3148 814 3202 est.
854 3140 940 3202 Hunc
961 3140 1048 3203 talem
1065 3141 1163 3203 lovem
1191 3159 1253 3203 non
1284 3141 1431 3205 iumento
1451 3163 1470 3205 a

310 3243 483 3326 quibusdam
499 3263 566 3306 cum
582 3243 688 3305 Satana
703 3251 906 3323 comparatum
918 3262 985 3305 esse
1000 3243 1163 3306 fatebimur.
1190 3243 1264 3306 Nam
1276 3243 1377 3307 odium
1390 3252 1471 3308 certe

309 3347 425 3427 generis
435 3346 555 3409 humani
571 3346 600 3407 in
611 3354 736 3426 utroque
749 3363 804 3425 par
817 3353 871 3419 est,
887 3345 1019 3427 quamvis
1035 3346 1145 3427 dispari
1166 3346 1296 3427 potentia
1310 3346 1471 3428 modisque

309 3450 432 3512 dirersis
447 3458 630 3529 grassentur.
665 3449 851 3509 Hermannus
866 3456 964 3510 autem
978 3449 1059 3511 bunc
1077 3467 1164 3510 suum
1179 3448 1278 3510 lovem
1293 3449 1470 3528 tragoediae,

308 3561 338 3614 et
356 3551 529 3632 Aeschyleae
548 3550 680 3632 quidem,
707 3550 864 3612 convenire
884 3550 1015 3613 iudicans
1037 3550 1105 3631 quid
1124 3550 1201 3611 abad
1221 3569 1307 3631 qum
1328 3550 1391 3632 ipse
1411 3551 1468 3615 sibi

309 3651 503 3717 contradicit?
533 3652 769 3734 quandoquidem
789 3655 942 3733 protessus
969 3660 1043 3725 erat,
1071 3670 1132 3714 non
1158 3652 1262 3714 debere
1286 3653 1469 3732 tragoediam

308 3774 438 3838 pugnare
457 3774 525 3817 curn
544 3755 685 3834 religione
705 3753 840 3834 populari
859 3772 914 3816 nec
933 3772 1006 3834 quae
1021 3763 1120 3816 sancta
1136 3763 1166 3816 et
1180 3753 1352 3817 venerabilia
1366 3766 1471 3819 esseut

306 3859 421 3940 putare
435 3857 483 3919 illa
503 3857 655 3920 sanctitate
673 3868 759 3938 atque
773 3858 805 3918 in
819 3863 1021 3937 contemptum
1041 3864 1091 3918 aut
1105 3856 1206 3918 odium
1222 3856 1374 3920 adducere.
1403 3858 1468 3921 Nisi

308 3963 384 4023 lorte
403 3960 505 4022 odium
524 3960 595 4022 nibil
611 3961 728 4022 offieera
741 3959 920 4021 venerationi
935 3958 1080 4033 dicamus,
1095 3959 1323 4039 religionemque
1337 3968 1468 4027 veterina

308 4071 420 4126 metum
434 4064 641 4126 tantummodo
657 4064 747 4125 luisse
768 4061 836 4123 odio
851 4061 984 4123 mintium.
1029 4061 1103 4123 Nam
1123 4061 1323 4142 duplicitatem
1338 4064 1414 4126 louis
1430 4082 1470 4125 ne

307 4165 460 4239 obtendat,
481 4175 509 4228 et
527 4166 644 4228 bouisse
663 4165 738 4226 dicat
752 4171 855 4244 poetae
870 4163 901 4225 in
915 4163 1008 4225 altero
1028 4164 1151 4244 impium
1172 4184 1239 4228 esse
1257 4164 1333 4227 salva
1349 4165 1468 4228 olteuus

308 4268 467 4342 sanctitate,
483 4269 541 4330 boo
556 4266 673 4348 quidem
689 4265 828 4346 effugium
843 4265 994 4347 superiore
1009 4265 1206 4347 disputatione
1220 4275 1353 4348 ereptum
1368 4276 1423 4331 est

392 4370 531 4451 Sequitur
549 4377 581 4430 ut
602 4370 639 4431 de
658 4368 834 4431 Prometheo
853 4369 1017 4443 rideamus,
1036 4388 1124 4450 quem
1147 4368 1265 4449 quidem
1284 4387 1353 4449 ego,
1371 4370 1469 4433 nostri
