3178 5136
667 441 730 507 219

122 631 286 695 teshritntes
301 639 332 695 et
345 631 540 695 reneumme
554 630 702 697 Institutas
715 650 782 694 esse
795 631 961 712 pervulgato
980 639 1027 695 est
1044 640 1074 695 et
1093 652 1165 698 sune
1184 637 1277 699 veris-

122 735 337 797 simaveterum
348 735 529 816 scriptorum
539 735 692 799 sententie
717 735 780 797 Vid.
792 734 865 801 Plot
876 735 963 815 Legg.
974 734 1010 809 ll,
1030 737 1044 797 l
1062 755 1091 817 p.
1108 738 1149 800 50
1167 756 1191 800 e.
1203 738 1276 801 neth

122 854 224 900 comm
239 856 271 917 p.
288 837 341 900 92.
371 837 473 900 llorut
489 838 543 919 Ep.
558 838 594 908 ll,
613 839 711 911 1,140
726 836 796 917 ihiq.
810 838 876 900 intt
899 838 933 900 ln
948 845 1095 902 structura
1109 848 1205 902 autem
1220 841 1276 903 ho-

123 958 182 1003 nnn
199 940 375 1014 rethorum,
394 941 474 1021 quod
498 926 603 1022 οὗπερ
622 933 716 1003 ἕνεκα
733 940 781 1015 ait,
800 958 891 1020 quum
911 949 1010 1003 tomen
1030 936 1168 1004 πλείονα
1186 960 1275 1023 proe-

124 1043 248 1117 ousuit,
263 1059 328 1105 non
338 1050 386 1105 est
395 1043 476 1124 qnod
487 1042 680 1116 ellendunur,
690 1043 804 1105 ammei
817 1042 1017 1106 uPhilodemo
1029 1062 1058 1124 p.
1072 1045 1122 1119 47,
1135 1044 1154 1105 2
1165 1040 1274 1123 πλέον,

122 1162 176 1207 non
190 1138 329 1219 πλέονα,
344 1145 488 1226 seriptum
502 1163 569 1207 esee
583 1144 727 1208 rideatur:
742 1163 811 1207 num
826 1162 882 1225 pro
894 1153 973 1207 certo
985 1145 1059 1208 nihil
1070 1146 1209 1209 offirmsri
1218 1166 1275 1228 po-

122 1255 181 1320 test,
200 1265 297 1328 quum
311 1254 382 1328 post
395 1240 497 1311 πλέον
511 1247 609 1310 statim
622 1247 725 1311 lucrino
740 1247 787 1310 sit
817 1247 870 1309 Est
884 1247 960 1309 enim
976 1246 1049 1310 hoec
1061 1266 1123 1311 non
1138 1249 1275 1313 inusitata

122 1347 242 1411 hrerites
258 1348 382 1423 dioeud,
397 1358 431 1412 ut
441 1350 594 1413 rusticum
608 1366 776 1431 pronomen
790 1348 1029 1411 accommodetur
1038 1366 1101 1411 non
1112 1350 1179 1431 ipsi,
1195 1352 1274 1431 quod

122 1450 286 1530 prseoeseit,
306 1451 429 1523 nomini,
450 1453 502 1515 sed
517 1451 616 1533 potins
631 1453 758 1515 umrersi
773 1450 888 1532 generis
901 1450 1024 1526 notioni,
1044 1451 1126 1514 cuius
1145 1453 1203 1515 hoc
1217 1471 1273 1515 ne-

122 1553 194 1616 mine
207 1572 281 1634 pots
296 1554 447 1628 indicatur,
466 1565 496 1618 et
509 1555 591 1636 quod
603 1556 702 1636 ipsum
723 1552 956 1617 subsedendum
974 1552 1076 1616 lectori
1095 1554 1272 1635 relinquitur.

120 1655 215 1736 lupae
228 1657 368 1719 hocloco
386 1650 525 1721 uictore
540 1640 643 1741 οὗπερ
659 1649 754 1720 ἕνεκα
763 1690 807 1701 -
817 1655 960 1735 significet
971 1655 1062 1737 ploro
1076 1658 1138 1717 οιύο
1150 1660 1273 1736 pencris,

119 1770 237 1839 proptor
251 1761 327 1841 prod
339 1778 399 1834 -,·
413 1759 501 1840 idque
518 1777 622 1841 genus,
641 1769 675 1821 nt
689 1758 757 1833 dixi,
775 1757 890 1821 lshores
905 1767 934 1820 et
948 1776 1103 1822 aerumnae
1122 1768 1200 1823 sunt.
1231 1761 1272 1823 Cl.

119 1861 201 1924 et'um
220 1862 364 1926 Priscian
384 1861 468 1937 llllll,
489 1862 540 1935 20,
563 1862 623 1925 156
642 1881 671 1943 p.
693 1861 731 1924 81
752 1860 801 1924 llr.
821 1895 860 1907 -
898 1862 1033 1925 Ceterum
1056 1863 1086 1923 in
1110 1862 1273 1925 Philodemi

120 1982 242 2029 censure
260 1967 367 2029 horum
388 1973 614 2046 praeceptorum
635 1974 705 2028 sunt
723 1964 841 2045 quidem
860 1964 971 2045 ahquot
988 1966 1060 2029 sotis
1079 1984 1181 2046 prome
1205 1986 1272 2028 cor-

16 2136 17 2143 ,
119 2066 261 2147 rupidus:
289 2068 341 2131 sed
359 2068 423 2143 hos,
449 2067 589 2149 quonism
612 2067 773 2150 probabilis
797 2067 961 2131 emendatio
987 2067 1017 2129 in
1043 2087 1181 2149 praeseus
1210 2086 1271 2133 nen

16 2190 17 2195 ¹
118 2170 254 2250 supplic,
267 2170 541 2250 pmetermittemru.

197 2272 298 2353 respo
320 2273 425 2336 deinde
447 2272 672 2353 Theophrastus
695 2273 732 2335 ed
754 2272 902 2337 honorum
930 2264 1134 2357 (χρημάτων)
1161 2290 1271 2349 uorum

16 2414 17 2447 2
116 2393 202 2453 pum
215 2376 362 2439 contineri
376 2375 446 2439 dicit
459 2376 506 2437 his
525 2383 665 2458 quotumr
682 2375 847 2456 genmihus,
867 2383 902 2438 ut
920 2394 1101 2439 oeconomus
1121 2385 1150 2440 et
1169 2396 1271 2459 perere

113 2476 198 2551 hona,
212 2486 242 2540 et
257 2476 415 2551 cuswdire,
429 2485 459 2540 et
472 2485 539 2559 epte
553 2477 719 2558 disponere,
734 2488 763 2541 et
777 2488 856 2543 recte
868 2479 904 2542 iis
919 2480 962 2542 uti
977 2479 1063 2557 seiot3
1083 2498 1157 2562 quoe
1172 2483 1271 2545 omnio

114 2580 199 2643 eum
218 2580 388 2661 Xenophon
405 2580 541 2660 requirit,
567 2598 745 2661 quemquem
766 2580 822 2643 ulio
842 2581 964 2645 docendi
983 2582 1087 2645 ordine
1104 2602 1192 2656 usus,
1215 2603 1271 2649 nee

113 2691 172 2744 lum
191 2681 302 2745 diserte
320 2680 436 2761 singula
454 2674 631 2745 enudreruns
649 2689 677 2744 et
696 2682 772 2745 inter
790 2702 822 2745 se
844 2702 1036 2766 componens.
1073 2687 1168 2767 Atque
1191 2687 1270 2751 hune

16 2802 17 2831 1
114 2784 321 2864 Theophrasto
335 2783 423 2845 etiem
438 2783 468 2845 in
482 2784 538 2847 hoe
551 2791 633 2865 purte
649 2784 833 2848 obversatum
849 2804 923 2861 esse,
938 2787 982 2848 rel
995 2806 1030 2849 ex
1045 2805 1105 2849 uno
1120 2788 1186 2851 loco
1197 2807 1269 2869 pre-

111 2885 205 2949 lnhile
223 2885 259 2947 ot
272 2903 303 2965 p.
320 2884 348 2959 8,
367 2885 415 2958 17,
435 2885 485 2948 uhi
498 2885 600 2949 eudem
620 2886 712 2949 utihrr
729 2889 870 2969 perforati
888 2888 958 2951 dolii
977 2889 1174 2965 similitudine,
1195 2910 1269 2972 quae

16 3034 18 3081 :
111 2998 155 3050 est
172 2988 253 3068 opud
274 2987 501 3067 Xenophontem
523 3006 585 3069 esp.
607 2989 635 3063 7,
650 2990 701 3052 40.
720 3023 762 3034 -
797 2988 987 3055 Philodemus
1007 3000 1106 3055 eutem
1131 2993 1269 3057 tralaticio

112 3091 181 3153 hoec
199 3090 302 3153 omnio
321 3098 351 3152 et
369 3091 533 3172 pervulgate
553 3110 620 3154 esse
638 3091 757 3166 iudicet,
776 3110 832 3155 nee
850 3093 922 3155 setis
941 3101 1019 3157 recte
1036 3094 1114 3157 inter
1132 3114 1165 3158 se
1184 3116 1268 3160 oom-

16 3196 17 3201 ’
111 3193 214 3273 moiun
250 3192 343 3255 Verbo
362 3193 425 3256 eius
444 3193 579 3275 plurimis
599 3193 711 3257 lacunis
729 3193 861 3256 mutilata
878 3203 956 3270 sunt,
978 3213 1101 3277 qrmrum
1120 3215 1200 3260 nnnc
1217 3218 1267 3263 ees

16 3298 17 3381 i
111 3306 225 3360 tantm
235 3294 419 3376 significabo,
435 3297 605 3377 deonorum
617 3296 831 3379 supplementis
842 3296 914 3358 mihi
928 3316 995 3361 curn
1011 3299 1159 3380 prioribus
1174 3301 1266 3363 edito·

16 3402 17 3457 i
111 3398 190 3461 rihus
210 3414 275 3460 non
295 3397 439 3472 conruit,
458 3417 549 3479 eaque
568 3400 666 3462 stetim
688 3417 866 3480 proponam,
887 3417 963 3480 quoe
980 3401 1053 3463 mihi
1071 3402 1268 3482 probabiliore

113 3520 175 3563 esse
193 3501 340 3563 ridentur.
374 3495 446 3563 Καὶ
459 3495 519 3581 μὲν
532 3496 572 3566 τὸ
586 3497 727 3587 τέτταρα
742 3498 812 3566 δεῖν
825 3488 911 3565 εἶναι
924 3499 985 3565 τοῦ
1003 3497 1157 3589 συνήθως
1176 3499 1267 3571 οἱκο-

112 3606 209 3679 [νόμοο
220 3599 539 3686 προσαγορευομένου
554 3613 636 3685 repet
649 3608 683 3665 τὰ
691 3599 863 3691 χρήματα,
882 3599 922 3671 τό
935 3624 972 3668 ce
986 3603 1140 3691 κτηνικὸν
1154 3604 1211 3672 καὶ
1229 3606 1269 3674 τὸ

113 3701 313 3789 φυλακτικὸν
324 3700 383 3769 καὶ
401 3702 441 3768 τὸ
462 3704 664 3792 κοσμητικὸυ
683 3705 742 3772 καὶ
760 3711 807 3781 r[d
815 3710 979 3787 χρηστικόν,
993 3710 1065 3781 οὔτε]
1086 3713 1184 3794 παρ[ἁ
1197 3724 1264 3786 τοῖς]

112 3804 249 3881 πολλοῖς
260 3802 490 3887 c'rylvoorilptror,
504 3812 583 3884 oillei]
608 3810 919 3885 xatadIrtiriwrlov—
928 3848 963 3858 -
977 3848 1013 3859 -
1024 3804 1110 3886 [cliio’
1138 3806 1267 3892 θ’[ρΙθῶς

113 3920 207 3989 [αὖτ’]
221 3903 351 3991 {xenio}
367 3916 622 3995 οίυγχωρήσοψεν,
638 3905 715 3978 οὐδὲ
726 3911 811 3978 κατὰ
823 3910 883 3999 τήν
892 3909 1010 4000 τέχνην,
1025 3912 1083 3979 τοῦ
1094 3936 1130 3999 yn
1141 3935 1266 4005 κοσμη-
1290 3928 1321 3979 17

113 4013 202 4081 terei
222 4012 317 4102 παρὰ
333 4012 374 4080 τὸ
389 4013 543 4102 νοητικὸν
562 4013 621 4081 καὶ
641 4013 842 4104 φυλακτικόν
857 4008 916 4081 οὐκ
936 4009 1038 4094 ὄντος.
1066 4019 1185 4082 Priores
1205 4023 1266 4083 edi-

113 4124 190 4182 tores
203 4119 277 4183 hoec
289 4120 329 4184 its
347 4120 502 4184 restituere
523 4121 619 4184 consti
638 4130 722 4183 sunt:
741 4114 878 4206 καὶμὴν
892 4113 1084 4205 τὸτέπαρα
1100 4120 1168 4185 deis
1182 4111 1268 4188 εἶναι

16 4276 17 4279 ,
112 4215 171 4281 τοῦ
191 4214 345 4304 συνήθως
369 4214 856 4305 οἶκοῐυόμουεῖδηπορΙευομένου
883 4218 1202 4310 πίρὸςτὰχΙρήματα,
1228 4222 1267 4291 τό

16 4406 17 4409 ¹
113 4338 149 4381 τε
173 4318 321 4406 movendo
343 4320 410 4387 κτλ
434 4328 545 4410 couplet]
572 4322 714 4400 νωλλῐόν]
735 4318 916 4409 occimense,
930 4336 972 4405 οὐ]
991 4323 1078 4392 κατὰ
1101 4322 1198 4398 ἆλὲονλ
1231 4328 1269 4389 Et

114 4411 189 4505 εἴδη
203 4424 316 4504 quidem
331 4436 497 4509 posuerunt
507 4438 671 4511 propterea,
688 4433 767 4512 quod
779 4453 796 4496 a
808 4434 1013 4515 Theophrasto
1024 4437 1083 4497 hoc
1093 4434 1267 4497 vocabulum
