3190 5136
849 392 890 457 88

290 582 437 647 eiusmodi
456 600 535 658 esse,
555 589 584 644 et
597 582 656 643 hoe
669 580 768 663 ipsum
783 577 954 660 planissime
972 578 1121 660 eloquitur
1139 579 1170 641 in
1183 580 1297 661 vulgata
1310 579 1449 643 lectione:

290 676 443 749 αὐθαδία
458 675 590 759 οὐδενὸς
605 685 666 762 (aut
681 672 753 745 οὐδ’
769 671 853 758 ἑνὸς)
868 675 980 761 μεῖζον
993 675 1123 745 odiret:
1139 683 1362 745 contumacia
1376 700 1449 743 non

290 787 361 850 ulla
379 805 415 848 ra
434 786 514 867 plus
528 784 654 867 pollet,
675 785 704 845 h.
721 802 747 844 e.
764 781 836 844 nihil
850 783 1033 847 contumacia
1047 783 1110 845 sola
1124 801 1179 863 per
1192 802 1235 857 se,
1250 782 1360 865 absquo
1373 801 1448 865 pru-

288 888 394 962 dentia,
407 887 523 950 docere
537 895 566 949 et
580 903 719 967 superare
732 886 881 965 potestt).

372 992 494 1054 Restant
515 991 625 1071 aliquot
641 989 699 1051 loci
714 1008 730 1051 a
745 1008 807 1066 me,
827 988 878 1069 qui
893 1006 945 1049 eos
961 1005 1050 1050 sanos
1066 1005 1133 1050 esse
1147 987 1316 1064 iudiearem,
1331 988 1448 1051 alentio

287 1093 499 1176 praetermissi,
525 1092 718 1155 aWieselero
739 1099 836 1153 autem
860 1090 1081 1170 supervacaneis
1107 1090 1282 1153 coniecturis
1304 1091 1448 1165 attentati,

287 1196 375 1277 idque
385 1201 465 1257 tanta
481 1211 547 1257 cum
562 1194 689 1267 levitate,
708 1202 742 1256 ut
754 1194 786 1255 in
800 1193 946 1274 plerisque
964 1209 1003 1253 ne
1018 1211 1120 1255 causas
1135 1193 1265 1274 quidem,
1280 1211 1333 1255 cur
1346 1192 1447 1274 vulga-

288 1307 347 1361 tam
362 1296 515 1360 lectionem
531 1302 673 1358 mutatam
687 1294 777 1370 vellet,
793 1311 939 1375 exponere
954 1303 1077 1358 conatus
1093 1295 1140 1357 sit.
1169 1295 1261 1358 Veluti
1272 1313 1359 1358 versu
1373 1294 1449 1370 258,

286 1400 337 1464 ubi
351 1399 540 1480 interroganti
555 1400 646 1461 ehoro

499 1508 570 1580 οὐδ’
586 1507 677 1580 ἔστιν
692 1507 799 1580 datae
813 1514 917 1600 τέρμα
931 1533 988 1581 οοι
1002 1507 1230 1602 προκείμενονς

373 1636 565 1699 Prometheus
581 1636 755 1716 respondet:

499 1745 559 1818 οὐκ
574 1744 655 1817 dato
670 1746 698 1837 s
713 1747 817 1833 οὐδὲν,
832 1750 920 1840 πλὴν
935 1748 1014 1818 ὅταν
1027 1747 1125 1840 κείνῳ
1141 1751 1232 1840 δοκῇ.

286 1876 440 1958 displimre
458 1873 513 1937 sihi
539 1874 668 1936 ostendit
687 1868 724 1955 γέ
741 1875 929 1955 particulam,
951 1876 1033 1937 ouius
1053 1875 1198 1938 rationem
1220 1875 1387 1954 Hamungus
1412 1874 1449 1938 in

287 1981 379 2043 doctr.
395 1977 503 2059 parti,
518 1996 583 2058 pag.
601 1977 662 2040 392
678 1977 799 2041 reddere
813 1978 970 2041 studuerit:
986 1997 1039 2041 eur
1053 1988 1150 2043 autem
1165 1977 1317 2059 displiceat
1330 1985 1359 2039 et
1373 1976 1449 2058 quid

287 2081 486 2160 abilartungo
498 2088 627 2142 erratum
639 2098 704 2142 esse
715 2089 840 2157 censeat,
851 2099 914 2144 non
925 2080 1002 2143 dicit
1026 2081 1094 2163 lpse
1104 2081 1180 2143 hane
1189 2079 1331 2170 proponit
1340 2098 1447 2143 ernen-

288 2182 449 2248 dationem:

488 2274 547 2344 οὐκ
569 2273 678 2346 datar
702 2274 804 2360 οὐδέν,
827 2281 914 2370 πλὴν
935 2278 1014 2349 ὅταν
1027 2278 1125 2371 κείνῳ
1148 2282 1242 2371 δοκῇ,

285 2388 408 2469 licetque
422 2384 574 2467 auspicari,
589 2385 677 2448 huius
691 2404 762 2467 prae
771 2385 882 2467 vulgata
898 2387 1020 2450 lectione
1035 2388 1242 2471 praestantiam
1257 2389 1328 2452 adeo
1341 2388 1448 2452 dma-

286 2488 537 2554 mammosam
564 2507 643 2561 esse,
672 2497 706 2549 ut
731 2489 814 2550 omni
839 2488 1090 2552 demonstratione
1119 2491 1306 2570 supersederi
1330 2499 1446 2571 posset„

285 2595 347 2657 Nos
366 2594 442 2656 hanc
460 2591 681 2674 praestantiam,
701 2590 793 2672 qualis
809 2591 860 2666 sit,
881 2610 943 2655 non
957 2593 1161 2674 perspicimus.
1191 2592 1266 2655 Nam
1280 2593 1310 2656 id
1324 2594 1448 2676 quidem

286 2714 348 2759 non
363 2696 521 2769 oredimus,
543 2693 746 2756 concinnitatis
762 2695 914 2757 cuiusdam
934 2714 1034 2757 amore
1047 2714 1115 2758 cum
1130 2705 1298 2777 permotum
1313 2715 1391 2771 esse,
1409 2706 1449 2760 ut

239 2806 269 2858 ιο
287 2799 424 2862 adverbio
444 2797 587 2878 temporis
607 2796 739 2871 relativo,
759 2792 851 2875 ὅταν,
876 2799 998 2860 alterum
1017 2798 1087 2861 item
1106 2798 1272 2861 adverbium
1291 2800 1447 2881 temporis,

285 2893 408 2976 ἔλλαιε,
423 2899 625 2981 responderet.
655 2899 749 2961 Nimis
764 2899 843 2961 enim
863 2900 921 2962 hoc
934 2900 1045 2982 puerile
1064 2909 1117 2963 est
1148 2900 1284 2964 Ceterum
1300 2896 1339 2984 γέ
1350 2903 1447 2983 parti-

286 3004 348 3067 cula
362 3002 500 3066 hocloco
516 3001 602 3083 plane
618 3020 652 3062 ex
664 3001 865 3081 vulgatissimo
882 3004 1015 3067 omnium
1031 3004 1208 3084 scriptorum
1222 3023 1279 3067 usu
1291 3005 1386 3087 posita
1398 3014 1449 3068 est

284 3108 316 3170 in
337 3124 370 3168 ea
390 3103 600 3185 responsione,
620 3122 676 3184 qua
696 3105 761 3184 quis
780 3104 811 3167 id
830 3105 941 3186 ipsum,
963 3107 1043 3187 quod
1063 3106 1135 3169 alter
1153 3107 1385 3189 interrogaverit,
1404 3108 1448 3172 ita

285 3228 350 3272 esse
362 3208 494 3281 affirmat,
510 3206 655 3287 simulque
666 3206 772 3288 aliquid
787 3208 909 3288 insuper
923 3209 1010 3272 addit.
1041 3209 1100 3271 iles
1115 3218 1160 3271 est
1170 3209 1325 3273 notissima
1336 3210 1447 3292 diuque

285 3320 353 3375 ante
367 3310 550 3390 llartungum
570 3328 586 3370 a
606 3309 706 3371 maritis
726 3309 891 3372 observata:
912 3319 941 3373 et
960 3318 1057 3375 extant
1072 3311 1134 3374 eius
1148 3312 1180 3374 in
1201 3313 1257 3376 hae
1269 3313 1335 3395 ipsa
1349 3313 1447 3376 fabula

288 3413 398 3494 aliquot
412 3412 552 3492 exempla,
568 3411 644 3472 velut
657 3429 683 3471 v.
699 3411 772 3473 253.
788 3412 817 3485 4,
834 3414 906 3489 515,
923 3415 995 3489 747,
1011 3414 1083 3490 769,
1099 3414 1171 3477 775.

374 3515 445 3577 item
461 3533 487 3576 v.
503 3513 566 3576 436
582 3532 645 3594 sqq.
661 3512 805 3593 vulgatam
819 3515 974 3578 lectionem

488 3627 556 3717 βοᾷ
578 3627 616 3694 δὲ
636 3627 773 3708 πόντιος
793 3629 921 3696 dudda

489 3731 686 3815 ξυμπιτνῶν,
710 3730 817 3799 στένει
839 3729 955 3817 fluidos,

487 3834 638 3913 κελαινὸς
658 3829 691 3901 d’
710 3827 828 3913 ’Ἀΐδας
842 3828 1026 3924 ὑποβρέμει
1046 3832 1149 3920 pexos
1171 3835 1241 3923 γᾶς.

286 3959 389 4040 retingi
402 3958 464 4021 vult
482 3959 513 4020 in
532 3959 611 4021 hunc
625 3960 762 4032 modum,
781 3965 815 4018 ut
828 3976 884 4039 pro
899 3952 1008 4041 pesae
1020 3960 1197 4024 rescribatur
1211 3955 1336 4042 βαθύς,
1350 3959 1446 4042 perti-

285 4079 359 4126 nens
385 4060 493 4124 scilcet
518 4061 621 4124 eodem
645 4054 884 4143 quaestuosa,
910 4061 948 4124 ad
968 4055 1083 4142 μα’χος,
1118 4082 1234 4127 comma
1255 4072 1353 4126 autem
1375 4071 1448 4145 post

354 4299 380 4365 4)
399 4298 495 4352 Similia
523 4297 644 4363 quaedam
666 4294 781 4363 exempla
803 4297 910 4348 contulit
930 4313 1009 4366 asper
1029 4298 1151 4366 Sauppius
1171 4299 1203 4350 ad
1219 4297 1285 4351 Plat.
1301 4299 1404 4365 Protag.
1420 4315 1446 4367 p.

286 4381 336 4435 324
347 4382 378 4435 Ι).
