3190 5136
598 562 615 569 „
657 476 775 570 9⁷„

81 645 208 707 uendit
227 663 264 706 se
291 646 390 725 plane
405 662 524 706 mecum
541 646 657 719 sentire,
677 653 707 707 et
725 645 840 726 utrique
858 653 995 708 nostrum
1016 664 1137 726 pravum
1155 648 1255 710 lovem

83 746 156 808 salra
173 747 340 809 maiestate
355 747 395 808 ab
410 747 554 827 Aeschylo
569 747 698 828 proponi
717 764 780 810 non
793 747 928 829 potuisse
946 748 1046 811 rideri.
1090 749 1149 811 Cur
1167 750 1256 830 igitur

10 912 11 915 ,
85 867 129 910 me
145 847 369 930 reprehendit?
401 849 560 931 Propterea
580 849 703 926 scilicet,
728 850 807 931 quod
827 870 881 932 ego
900 851 932 913 in
953 850 1130 913 Prometheo
1148 870 1256 932 pravos

86 951 159 1013 loris
172 971 280 1015 mores
296 970 364 1014 non
380 951 498 1032 quidem
514 972 589 1025 esse,
605 953 658 1015 sed
669 953 760 1016 videri
773 961 870 1016 tamen
892 953 964 1029 dixi,
978 953 1066 1034 idque
1080 953 1256 1037 Aeschylum

89 1054 228 1117 voluisse:
243 1054 298 1117 ille
314 1064 423 1117 contra
437 1073 474 1117 ne
486 1055 577 1117 rideri
592 1055 710 1135 quidem
724 1055 807 1129 tales,
826 1063 884 1131 aut,
900 1055 926 1118 si
940 1055 1103 1132 adeatur,
1124 1057 1256 1121 noluisse

91 1166 185 1220 tmen
205 1160 270 1220 hoc
284 1157 465 1238 Aeschylum
484 1157 643 1220 contendit
687 1158 719 1220 ld
744 1178 814 1221 vero
830 1157 892 1221 fieri
911 1175 973 1221 non
995 1159 1104 1239 potuit,
1126 1160 1185 1223 nisi
1206 1171 1256 1223 aut

88 1260 181 1323 malus
207 1271 304 1342 poeta
330 1261 379 1322 ille
405 1259 466 1333 luit
491 1269 541 1322 aut
565 1260 647 1322 aliter
670 1268 757 1340 atque
781 1278 838 1322 nos
858 1260 895 1323 de
913 1262 1044 1325 bonitate
1061 1271 1090 1325 ct
1115 1264 1255 1344 pravitate

87 1381 209 1427 morum
223 1364 376 1426 indicarit
421 1363 493 1425 Tam
508 1363 617 1426 malum
633 1372 750 1444 poetam
768 1364 875 1437 luisse,
894 1372 939 1439 ut,
958 1365 1039 1446 qaod
1053 1366 1192 1441 noluerit,
1206 1369 1253 1430 in-

87 1467 163 1529 ritus
191 1476 301 1529 tamen
323 1464 516 1539 commiserit,
541 1484 629 1527 nemo
653 1465 736 1527 facile
760 1466 869 1528 credet:
894 1474 986 1529 restat
1008 1467 1097 1547 igitur
1120 1470 1253 1545 alterum,

86 1579 284 1650 apparetque,
299 1568 471 1630 Hermanno
484 1585 546 1630 non
561 1567 630 1629 illud
645 1567 802 1630 dicendum
817 1570 922 1642 lunae,
938 1570 1019 1633 aliter
1032 1590 1081 1633 me
1102 1572 1139 1633 de
1153 1573 1252 1635 animo

85 1671 178 1746 loris,
207 1671 264 1732 sed
292 1670 351 1732 hoc
374 1669 488 1749 potius,
507 1669 589 1731 aliter
607 1689 656 1732 me
675 1670 712 1731 de
730 1688 847 1732 morum
867 1672 1007 1751 pravitate
1026 1673 1147 1747 sentire,
1169 1683 1255 1754 atque

86 1774 254 1855 Aeschylus
275 1771 382 1834 sentiat
400 1778 451 1833 aut
468 1772 578 1834 sentire
596 1771 653 1853 ipsi
677 1770 817 1834 videsmr.
861 1773 919 1836 Sed
937 1774 996 1836 hoc
1015 1775 1099 1855 quale
1114 1775 1165 1850 sit,
1183 1795 1255 1838 mor

86 1875 259 1939 cuonradus
286 1874 464 1936 ridebimus:
493 1892 574 1937 nunc
598 1872 846 1936 considerandum
871 1885 929 1950 est,
956 1894 1043 1956 qum
1069 1875 1108 1938 oh
1134 1896 1253 1941 causam

88 1977 275 2058 Aeschylum
292 1995 330 2038 ne
343 1976 434 2037 rideri
449 1976 564 2056 quidem
581 1976 611 2037 in
625 1977 682 2038 hac
696 1975 791 2038 sabula
805 1996 912 2057 pravos
926 1977 1003 2039 loris
1017 1996 1117 2041 mores
1127 1979 1255 2042 voluisse

86 2080 260 2142 contendat
304 2076 392 2150 „Non
417 2077 552 2139 tulissent
575 2077 665 2150 hoc“,
687 2076 794 2156 inquit,
819 2096 929 2159 ,aequo
948 2080 1047 2142 animo
1063 2089 1252 2160 spectatores,

85 2182 260 2243 efficientes
275 2179 308 2240 in
322 2198 357 2241 ea
375 2179 492 2241 demum
511 2198 585 2259 quae
603 2186 761 2259 sequutura
780 2188 859 2241 esset
877 2181 1024 2259 tragoedia
1039 2181 1137 2243 lovem
1157 2184 1251 2263 qualis
1268 2199 1283 2247 a

86 2302 120 2344 re
137 2302 208 2345 reru
228 2292 314 2345 esset
331 2282 602 2363 appariturum2).“
636 2280 724 2361 Atqui
742 2281 800 2343 hoc
819 2289 897 2344 certe
915 2299 978 2343 non
996 2282 1177 2358 nesciebant,
1204 2304 1253 2346 se-

86 2392 251 2465 qunturam
271 2402 340 2446 esse
358 2382 550 2463 tragoediam,
569 2400 643 2462 quae
665 2382 774 2445 exitum
790 2383 957 2446 certaminis
976 2385 1253 2468 reconciliauimque

85 2505 155 2548 cum
173 2486 247 2548 lore
262 2484 477 2547 Prometheum
497 2484 659 2558 exhiheret,
678 2493 707 2547 et
728 2492 928 2565 spectaverant
946 2488 1042 2567 paullo
1064 2497 1130 2551 ante
1155 2489 1250 2565 aliam

86 2589 118 2651 in
138 2607 201 2668 qna
222 2586 393 2649 certaminis
419 2586 494 2649 illius
514 2605 602 2648 causa
617 2593 704 2666 atque
722 2586 804 2667 origo
818 2587 971 2668 proposita
990 2598 1061 2653 erat
1104 2591 1177 2654 Nam
1197 2593 1252 2654 tri·

85 2691 198 2771 logiam
213 2690 297 2751 hanc
310 2688 434 2768 igniferi,
445 2688 533 2752 vincti
547 2697 577 2750 ct
590 2687 680 2750 soluti
693 2687 860 2751 Promethei
874 2708 955 2753 nunc
969 2692 1054 2753 etiem
1067 2691 1252 2756 Hermannus

87 2793 238 2874 agnoscit
283 2790 384 2870 ltaque
406 2808 497 2872 quum
521 2801 609 2870 neqat
626 2791 739 2853 laturos
766 2798 948 2870 spectatores
973 2793 1065 2855 luisse
1090 2796 1179 2856 talem
1195 2795 1252 2857 sihi

86 2896 188 2959 lesem
203 2893 409 2975 propositum,
433 2893 516 2954 cuius
531 2910 631 2954 mores
645 2910 778 2954 summae
792 2893 940 2973 pravitatis
954 2896 1082 2975 speciem
1102 2896 1252 2973 haherent,

86 3000 159 3080 qnid
180 2996 264 3061 aliud
286 3013 374 3077 quam
392 2995 528 3057 homines
548 2993 605 3056 sihi
624 2993 708 3075 tingit
726 3012 868 3075 perquam
883 2995 1050 3077 imperitos,
1071 2998 1120 3078 qui
1138 3008 1252 3081 partem

86 3111 232 3183 tanquam
248 3107 374 3180 partem,
388 3115 450 3159 non
465 3105 603 3176 tanquam
614 3104 724 3171 totum,
739 3096 893 3159 aestimare
905 3100 1101 3180 nequiverint,
1120 3103 1253 3183 ideoque,

86 3207 114 3267 ei
128 3204 203 3286 quid
216 3209 300 3265 esset
313 3200 345 3262 in
359 3207 450 3279 parte,
465 3198 545 3279 quod
560 3217 613 3279 per
628 3216 661 3259 sc
676 3198 772 3259 solum
784 3198 939 3278 displicere
952 3202 1057 3265 merito
1069 3213 1181 3285 posset,
1191 3223 1254 3268 non

87 3306 213 3370 tulerint
231 3306 296 3367 hoc
313 3309 482 3382 propterea,
503 3300 582 3381 quod
603 3300 725 3373 exitum,
750 3300 815 3362 licet
837 3320 907 3364 mor
922 3304 1078 3385 cognitum
1087 3306 1123 3367 iri
1138 3307 1254 3381 scirent,

87 3418 177 3490 nque
195 3407 291 3469 eriam
312 3402 406 3484 qualis
425 3403 542 3465 iuturus
557 3409 649 3475 esset,
666 3401 749 3465 lacile
763 3402 907 3484 suspicari
922 3413 1058 3485 possent,
1074 3415 1172 3471 umen
1187 3410 1254 3489 quis

87 3521 169 3573 esset
191 3510 329 3583 luntres,
349 3504 482 3568 nondum
501 3504 588 3585 plane
610 3502 785 3567 cernerent?
813 3504 875 3586 Epo
890 3508 1091 3590 contralonge
1115 3510 1254 3591 prohabi-

160 3769 187 3833 3)
207 3766 325 3819 Praeivit
336 3768 396 3819 haec
406 3766 485 3819 lulius
497 3767 598 3832 Caesar,
611 3767 653 3817 vir
664 3764 823 3818 doctissimus
834 3770 931 3834 pariter
941 3776 969 3821 et
980 3771 1146 3837 acutissimus,
1159 3772 1184 3822 iu
1196 3787 1256 3823 eeu·

89 3869 154 3905 sura
165 3854 226 3905 libri
238 3853 289 3904 nei
301 3853 403 3905 llinmis
415 3853 564 3920 antiquariis
576 3852 681 3915 inserta,
694 3866 751 3902 ann.
766 3851 831 3902 1845
843 3869 868 3920 p.
882 3852 944 3917 329,
961 3854 1023 3907 illud
1035 3858 1142 3908 maxime
1154 3873 1255 3923 urgens,

89 3940 161 4007 qud
172 3939 228 3990 tixi
245 3954 271 4006 p.
286 3938 330 4003 lh,
345 3938 458 3991 voluisse
470 3936 622 4004 Aeschylum
638 3936 685 3986 lac
696 3937 826 4001 tragoedia
842 3938 936 3989 animos
954 3948 1123 4008 spectatorum
1134 3942 1170 3993 ita
1181 3942 1256 4008 allici,

92 4032 124 4074 at
135 4038 242 4075 sacrun
254 4021 341 4074 larem
352 4031 380 4076 et
390 4023 517 4075 crudelem
533 4022 580 4073 elli
592 4020 697 4089 proponi
713 4022 853 4076 crederent
881 4024 938 4076 Non
950 4026 1048 4092 quidem
1059 4027 1183 4079 immerito
1196 4027 1257 4079 Cae·

90 4124 178 4159 aurern
201 4107 359 4160 llcrnanans
381 4110 562 4175 circumspecte
584 4107 792 4175 considerateque
812 4109 936 4161 adversus
956 4127 996 4162 me
1022 4112 1164 4180 disputam
1184 4112 1256 4164 dieite

91 4209 184 4245 veram
192 4201 278 4244 nmen
287 4194 324 4245 iu
335 4194 482 4261 disputavit,
493 4199 523 4244 ut
534 4193 628 4244 maiore
638 4193 714 4245 etiarn
725 4194 949 4262 circumspectione
961 4203 988 4246 et
999 4197 1200 4249 consideratione
1212 4197 1257 4248 ad-

92 4278 172 4329 timu
190 4278 266 4329 facile
284 4280 401 4344 redargui
419 4293 495 4346 posse
511 4278 639 4342 videatur,
656 4279 680 4329 id
693 4281 758 4346 quod
770 4297 817 4346 eqo
834 4281 918 4332 lacere
931 4288 1035 4333 conatus
1047 4299 1101 4335 sum
1114 4284 1138 4333 in
1151 4282 1258 4348 epistola

90 4364 128 4413 ad
147 4362 226 4429 ipsun
238 4362 372 4415 (acmen
389 4364 498 4430 scripta,
516 4370 543 4415 et
558 4363 590 4415 ah
603 4365 649 4414 hoc
661 4364 685 4414 in
697 4364 800 4416 litoreis
816 4366 965 4433 antiquariis
976 4381 1033 4417 aun.
1048 4368 1113 4421 1846
1124 4364 1258 4433 publicata,
1313 4356 1319 4371 ’

91 4461 169 4514 qm
181 4448 255 4501 etiam
266 4450 304 4501 ils
317 4449 436 4502 vindiefis
448 4464 515 4501 nune
526 4449 689 4502 adiiciendum
701 4451 795 4517 putavi.
