<?xml version="1.0" encoding="UTF-8"?>
<!DOCTYPE html PUBLIC "-//W3C//DTD XHTML 1.0 Transitional//EN"
    "http://www.w3.org/TR/xhtml1/DTD/xhtml1-transitional.dtd">
<html xmlns="http://www.w3.org/1999/xhtml" xml:lang="en" lang="en">
 <head>
  <title>
</title>
<meta http-equiv="Content-Type" content="text/html;charset=utf-8" />
  <meta name='ocr-system' content='tesseract 3.04.00' />
  <meta name='ocr-capabilities' content='ocr_page ocr_carea ocr_par ocr_line ocrx_word'/>
</head>
<body>
  <div class='ocr_page' id='page_1' title='image "./opusculaacademi00schogoog_0245.png"; bbox 0 0 3178 5136; ppageno 0'>
   <div class='ocr_carea' id='block_1_1' title="bbox 841 383 1010 477">
    <p class='ocr_par' dir='ltr' id='par_1_1' title="bbox 841 383 1010 477">
     <span class='ocr_line' id='line_1_1' title="bbox 841 383 1010 477; baseline 0.018 -30"><span class='ocrx_word' id='word_1_1' title='bbox 841 383 904 450; x_wconf 83' lang='lat' dir='ltr'>asa</span> <span class='ocrx_word' id='word_1_2' title='bbox 1003 472 1010 477; x_wconf 83' lang='lat'>.</span> 
     </span>
    </p>
   </div>
   <div class='ocr_carea' id='block_1_2' title="bbox 246 571 1561 4457">
    <p class='ocr_par' dir='ltr' id='par_1_2' title="bbox 246 571 1561 4457">
     <span class='ocr_line' id='line_1_2' title="bbox 292 571 1439 657; baseline 0.006 -21"><span class='ocrx_word' id='word_1_3' title='bbox 292 574 476 656; x_wconf 85' lang='lat' dir='ltr'>nophontem</span> <span class='ocrx_word' id='word_1_4' title='bbox 491 581 520 636; x_wconf 87' lang='lat' dir='ltr'>et</span> <span class='ocrx_word' id='word_1_5' title='bbox 529 571 715 636; x_wconf 76' lang='lat' dir='ltr'>Aristotelem</span> <span class='ocrx_word' id='word_1_6' title='bbox 724 573 899 655; x_wconf 90' lang='lat' dir='ltr'>praecipuas</span> <span class='ocrx_word' id='word_1_7' title='bbox 913 581 1012 655; x_wconf 85' lang='lat' dir='ltr'>partes</span> <span class='ocrx_word' id='word_1_8' title='bbox 1026 575 1111 638; x_wconf 83' lang='lat' dir='ltr'>uxori</span> <span class='ocrx_word' id='word_1_9' title='bbox 1123 576 1290 657; x_wconf 75' lang='lat' dir='ltr'>assignasse</span> <span class='ocrx_word' id='word_1_10' title='bbox 1303 578 1347 641; x_wconf 82' lang='lat' dir='ltr'>vel</span> <span class='ocrx_word' id='word_1_11' title='bbox 1359 598 1393 642; x_wconf 83' lang='lat' dir='ltr'>es</span> <span class='ocrx_word' id='word_1_12' title='bbox 1406 598 1439 643; x_wconf 90' lang='lat' dir='ltr'>eo</span> 
     </span>
     <span class='ocr_line' id='line_1_3' title="bbox 293 674 1442 760; baseline 0.003 -19"><span class='ocrx_word' id='word_1_13' title='bbox 293 678 388 759; x_wconf 79' lang='lat' dir='ltr'>colligi</span> <span class='ocrx_word' id='word_1_14' title='bbox 402 685 510 760; x_wconf 89' lang='lat' dir='ltr'>potest,</span> <span class='ocrx_word' id='word_1_15' title='bbox 525 677 604 760; x_wconf 90' lang='lat' dir='ltr'>quod</span> <span class='ocrx_word' id='word_1_16' title='bbox 619 675 763 739; x_wconf 90' lang='lat' dir='ltr'>Stobaeus</span> <span class='ocrx_word' id='word_1_17' title='bbox 778 675 822 737; x_wconf 80' lang='lat' dir='ltr'>ne</span> <span class='ocrx_word' id='word_1_18' title='bbox 837 674 888 751; x_wconf 81' lang='lat'>85,</span> <span class='ocrx_word' id='word_1_19' title='bbox 902 676 921 737; x_wconf 84' lang='lat'><strong>7</strong></span> <span class='ocrx_word' id='word_1_20' title='bbox 936 684 1008 740; x_wconf 92' lang='lat' dir='ltr'>tom.</span> <span class='ocrx_word' id='word_1_21' title='bbox 1023 677 1063 740; x_wconf 87' lang='lat' dir='ltr'>lll</span> <span class='ocrx_word' id='word_1_22' title='bbox 1077 696 1108 759; x_wconf 89' lang='lat' dir='ltr'>p.</span> <span class='ocrx_word' id='word_1_23' title='bbox 1122 679 1181 741; x_wconf 85' lang='lat'>175</span> <span class='ocrx_word' id='word_1_24' title='bbox 1196 696 1265 743; x_wconf 89' lang='lat' dir='ltr'>eum</span> <span class='ocrx_word' id='word_1_25' title='bbox 1278 679 1385 744; x_wconf 83' lang='lat' dir='ltr'>dixisse</span> <span class='ocrx_word' id='word_1_26' title='bbox 1395 699 1442 744; x_wconf 89' lang='lat' dir='ltr'>ro-</span> 
     </span>
     <span class='ocr_line' id='line_1_4' title="bbox 294 770 1444 866; baseline 0.001 -21"><span class='ocrx_word' id='word_1_27' title='bbox 294 783 357 856; x_wconf 84' lang='lat' dir='ltr'>lert,</span> <span class='ocrx_word' id='word_1_28' title='bbox 372 771 411 845; x_wconf 74' lang='lat' dir='ltr'>od</span> <span class='ocrx_word' id='word_1_29' title='bbox 431 776 491 866; x_wconf 70' lang='grc' dir='ltr'>χρὴ</span> <span class='ocrx_word' id='word_1_30' title='bbox 512 775 571 865; x_wconf 76' lang='grc' dir='ltr'>τήν</span> <span class='ocrx_word' id='word_1_31' title='bbox 592 776 729 861; x_wconf 77' lang='grc' dir='ltr'><strong><em>γυναῖκα</em></strong></span> <span class='ocrx_word' id='word_1_32' title='bbox 751 772 860 862; x_wconf 70' lang='grc' dir='ltr'><strong><em>δεινήν</em></strong></span> <span class='ocrx_word' id='word_1_33' title='bbox 881 770 916 840; x_wconf 73' lang='grc' dir='ltr'>ἓν</span> <span class='ocrx_word' id='word_1_34' title='bbox 935 777 1007 854; x_wconf 81' lang='grc' dir='ltr'><strong><em>τοῖς</em></strong></span> <span class='ocrx_word' id='word_1_35' title='bbox 1027 776 1216 857; x_wconf 79' lang='grc' dir='ltr'><strong><em>πολιτικοῖς</em></strong></span> <span class='ocrx_word' id='word_1_36' title='bbox 1237 772 1306 844; x_wconf 76' lang='lat' dir='ltr'>dti&#39;</span> <span class='ocrx_word' id='word_1_37' title='bbox 1325 776 1358 847; x_wconf 74' lang='lat' dir='ltr'>ia</span> <span class='ocrx_word' id='word_1_38' title='bbox 1377 783 1444 858; x_wconf 80' lang='grc' dir='ltr'><strong><em>κοῖς</em></strong></span> 
     </span>
     <span class='ocr_line' id='line_1_5' title="bbox 295 870 656 965; baseline -0.008 -18"><span class='ocrx_word' id='word_1_39' title='bbox 295 874 517 964; x_wconf 81' lang='grc' dir='ltr'><strong><em>οἰκονομικοῖς</em></strong></span> <span class='ocrx_word' id='word_1_40' title='bbox 538 870 656 965; x_wconf 56' lang='grc' dir='ltr'>οἶνοι.ὁ</span> 
     </span>
     <span class='ocr_line' id='line_1_6' title="bbox 379 983 1446 1067; baseline 0.003 -18"><span class='ocrx_word' id='word_1_41' title='bbox 379 985 598 1049; x_wconf 84' lang='lat' dir='ltr'>Firmissimum</span> <span class='ocrx_word' id='word_1_42' title='bbox 612 1000 703 1065; x_wconf 87' lang='lat' dir='ltr'>porro</span> <span class='ocrx_word' id='word_1_43' title='bbox 719 1000 823 1046; x_wconf 75' lang='lat' dir='ltr'>musae</span> <span class='ocrx_word' id='word_1_44' title='bbox 837 1000 908 1046; x_wconf 88' lang='lat' dir='ltr'>suae</span> <span class='ocrx_word' id='word_1_45' title='bbox 923 983 1101 1064; x_wconf 87' lang='lat' dir='ltr'>praesidium</span> <span class='ocrx_word' id='word_1_46' title='bbox 1117 983 1309 1067; x_wconf 79' lang='lat' dir='ltr'>Goetllingius</span> <span class='ocrx_word' id='word_1_47' title='bbox 1323 987 1390 1051; x_wconf 92' lang='lat' dir='ltr'>inde</span> <span class='ocrx_word' id='word_1_48' title='bbox 1401 1006 1446 1052; x_wconf 91' lang='lat' dir='ltr'>re-</span> 
     </span>
     <span class='ocr_line' id='line_1_7' title="bbox 296 1085 1447 1171; baseline 0.003 -20"><span class='ocrx_word' id='word_1_49' title='bbox 296 1087 377 1170; x_wconf 71' lang='lat' dir='ltr'>petit,</span> <span class='ocrx_word' id='word_1_50' title='bbox 392 1088 471 1169; x_wconf 89' lang='lat' dir='ltr'>quod</span> <span class='ocrx_word' id='word_1_51' title='bbox 486 1088 625 1168; x_wconf 80' lang='lat' dir='ltr'>pleraque</span> <span class='ocrx_word' id='word_1_52' title='bbox 638 1085 670 1149; x_wconf 91' lang='lat' dir='ltr'>in</span> <span class='ocrx_word' id='word_1_53' title='bbox 684 1086 743 1148; x_wconf 92' lang='lat' dir='ltr'>hoc</span> <span class='ocrx_word' id='word_1_54' title='bbox 758 1086 949 1149; x_wconf 86' lang='lat' dir='ltr'>oeconomico</span> <span class='ocrx_word' id='word_1_55' title='bbox 964 1086 1062 1150; x_wconf 90' lang='lat' dir='ltr'>libello</span> <span class='ocrx_word' id='word_1_56' title='bbox 1078 1107 1146 1151; x_wconf 78' lang='lat' dir='ltr'>orm</span> <span class='ocrx_word' id='word_1_57' title='bbox 1161 1088 1325 1152; x_wconf 79' lang='lat' dir='ltr'>Aristotelis</span> <span class='ocrx_word' id='word_1_58' title='bbox 1339 1089 1447 1171; x_wconf 79' lang='lat' dir='ltr'>placitis</span> 
     </span>
     <span class='ocr_line' id='line_1_8' title="bbox 297 1187 1448 1272; baseline 0.002 -18"><span class='ocrx_word' id='word_1_59' title='bbox 297 1191 369 1254; x_wconf 89' lang='lat' dir='ltr'>adeo</span> <span class='ocrx_word' id='word_1_60' title='bbox 384 1190 566 1272; x_wconf 80' lang='lat' dir='ltr'>conspirent,</span> <span class='ocrx_word' id='word_1_61' title='bbox 581 1196 615 1251; x_wconf 90' lang='lat' dir='ltr'>ut</span> <span class='ocrx_word' id='word_1_62' title='bbox 628 1205 691 1250; x_wconf 93' lang='lat' dir='ltr'>non</span> <span class='ocrx_word' id='word_1_63' title='bbox 704 1187 824 1269; x_wconf 85' lang='lat' dir='ltr'>possint</span> <span class='ocrx_word' id='word_1_64' title='bbox 837 1207 899 1251; x_wconf 90' lang='lat' dir='ltr'>non</span> <span class='ocrx_word' id='word_1_65' title='bbox 913 1190 949 1252; x_wconf 88' lang='lat' dir='ltr'>ad</span> <span class='ocrx_word' id='word_1_66' title='bbox 964 1190 1045 1253; x_wconf 89' lang='lat' dir='ltr'>hunc</span> <span class='ocrx_word' id='word_1_67' title='bbox 1058 1191 1158 1272; x_wconf 90' lang='lat' dir='ltr'>ipsum</span> <span class='ocrx_word' id='word_1_68' title='bbox 1176 1200 1327 1256; x_wconf 76' lang='lat' dir='ltr'>auctorem</span> <span class='ocrx_word' id='word_1_69' title='bbox 1342 1192 1448 1269; x_wconf 86' lang='lat' dir='ltr'>relerri,</span> 
     </span>
     <span class='ocr_line' id='line_1_9' title="bbox 246 1290 1448 1374; baseline -0.002 -14"><span class='ocrx_word' id='word_1_70' title='bbox 246 1308 280 1360; x_wconf 79' lang='lat'>28</span> <span class='ocrx_word' id='word_1_71' title='bbox 298 1301 327 1356; x_wconf 89' lang='lat' dir='ltr'>et</span> <span class='ocrx_word' id='word_1_72' title='bbox 339 1311 401 1355; x_wconf 91' lang='lat' dir='ltr'>uno</span> <span class='ocrx_word' id='word_1_73' title='bbox 417 1291 503 1354; x_wconf 88' lang='lat' dir='ltr'>etiam</span> <span class='ocrx_word' id='word_1_74' title='bbox 517 1292 593 1367; x_wconf 89' lang='lat' dir='ltr'>loco,</span> <span class='ocrx_word' id='word_1_75' title='bbox 609 1291 658 1372; x_wconf 91' lang='lat' dir='ltr'>qui</span> <span class='ocrx_word' id='word_1_76' title='bbox 673 1299 719 1354; x_wconf 88' lang='lat' dir='ltr'>est</span> <span class='ocrx_word' id='word_1_77' title='bbox 733 1310 795 1372; x_wconf 85' lang='lat' dir='ltr'>cap.</span> <span class='ocrx_word' id='word_1_78' title='bbox 811 1290 830 1353; x_wconf 88' lang='lat'><strong>3</strong></span> <span class='ocrx_word' id='word_1_79' title='bbox 845 1291 895 1367; x_wconf 84' lang='lat' dir='ltr'>in,</span> <span class='ocrx_word' id='word_1_80' title='bbox 909 1291 1075 1356; x_wconf 76' lang='lat' dir='ltr'>Aristotelis</span> <span class='ocrx_word' id='word_1_81' title='bbox 1091 1293 1217 1370; x_wconf 87' lang='lat' dir='ltr'>dictum,</span> <span class='ocrx_word' id='word_1_82' title='bbox 1238 1293 1324 1357; x_wconf 83' lang='lat' dir='ltr'>Polit</span> <span class='ocrx_word' id='word_1_83' title='bbox 1348 1297 1374 1369; x_wconf 89' lang='lat'>1,</span> <span class='ocrx_word' id='word_1_84' title='bbox 1391 1299 1404 1355; x_wconf 91' lang='lat' dir='ltr'>l</span> <span class='ocrx_word' id='word_1_85' title='bbox 1420 1313 1448 1374; x_wconf 92' lang='lat' dir='ltr'>p.</span> 
     </span>
     <span class='ocr_line' id='line_1_10' title="bbox 297 1384 1450 1481; baseline 0.003 -24"><span class='ocrx_word' id='word_1_86' title='bbox 297 1396 401 1470; x_wconf 82' lang='lat'>2,14,</span> <span class='ocrx_word' id='word_1_87' title='bbox 423 1394 503 1457; x_wconf 86' lang='lat' dir='ltr'>citari</span> <span class='ocrx_word' id='word_1_88' title='bbox 522 1395 652 1457; x_wconf 81' lang='lat' dir='ltr'>videatur</span> <span class='ocrx_word' id='word_1_89' title='bbox 670 1394 717 1457; x_wconf 89' lang='lat' dir='ltr'>his</span> <span class='ocrx_word' id='word_1_90' title='bbox 738 1393 847 1456; x_wconf 86' lang='lat' dir='ltr'>verbis:</span> <span class='ocrx_word' id='word_1_91' title='bbox 878 1384 1058 1458; x_wconf 71' lang='grc' dir='ltr'><strong><em>ὑπόκειται</em></strong></span> <span class='ocrx_word' id='word_1_92' title='bbox 1079 1391 1141 1480; x_wconf 73' lang='grc' dir='ltr'>γὰρ</span> <span class='ocrx_word' id='word_1_93' title='bbox 1162 1389 1257 1481; x_wconf 70' lang='grc' dir='ltr'><strong><em>ἡμῖν</em></strong></span> <span class='ocrx_word' id='word_1_94' title='bbox 1278 1390 1312 1460; x_wconf 79' lang='grc' dir='ltr'>ἐν</span> <span class='ocrx_word' id='word_1_95' title='bbox 1333 1387 1450 1472; x_wconf 61' lang='grc' dir='ltr'>ἄλλοις.</span> 
     </span>
     <span class='ocr_line' id='line_1_11' title="bbox 297 1497 1451 1578; baseline 0 -18"><span class='ocrx_word' id='word_1_96' title='bbox 297 1532 339 1544; x_wconf 92' lang='lat'>-</span> <span class='ocrx_word' id='word_1_97' title='bbox 354 1497 411 1560; x_wconf 89' lang='lat' dir='ltr'>Sed</span> <span class='ocrx_word' id='word_1_98' title='bbox 432 1497 503 1560; x_wconf 85' lang='lat' dir='ltr'>sads</span> <span class='ocrx_word' id='word_1_99' title='bbox 525 1504 642 1562; x_wconf 89' lang='lat' dir='ltr'>constat</span> <span class='ocrx_word' id='word_1_100' title='bbox 663 1497 914 1578; x_wconf 79' lang='lat' dir='ltr'>Th00phrastum,</span> <span class='ocrx_word' id='word_1_101' title='bbox 937 1498 1014 1560; x_wconf 89' lang='lat' dir='ltr'>sicut</span> <span class='ocrx_word' id='word_1_102' title='bbox 1033 1498 1105 1562; x_wconf 87' lang='lat' dir='ltr'>alios</span> <span class='ocrx_word' id='word_1_103' title='bbox 1120 1498 1285 1563; x_wconf 76' lang='lat' dir='ltr'>Aristotelis</span> <span class='ocrx_word' id='word_1_104' title='bbox 1300 1498 1451 1574; x_wconf 80' lang='lat' dir='ltr'>auditores,</span> 
     </span>
     <span class='ocr_line' id='line_1_12' title="bbox 298 1598 1561 1681; baseline 0 -19"><span class='ocrx_word' id='word_1_105' title='bbox 298 1600 329 1662; x_wconf 91' lang='lat' dir='ltr'>in</span> <span class='ocrx_word' id='word_1_106' title='bbox 343 1600 390 1677; x_wconf 86' lang='lat' dir='ltr'>iis,</span> <span class='ocrx_word' id='word_1_107' title='bbox 403 1618 476 1681; x_wconf 87' lang='lat' dir='ltr'>quae</span> <span class='ocrx_word' id='word_1_108' title='bbox 487 1600 523 1662; x_wconf 92' lang='lat' dir='ltr'>de</span> <span class='ocrx_word' id='word_1_109' title='bbox 534 1599 713 1663; x_wconf 86' lang='lat' dir='ltr'>iisdemcum</span> <span class='ocrx_word' id='word_1_110' title='bbox 728 1599 868 1680; x_wconf 79' lang='lat' dir='ltr'>magistro</span> <span class='ocrx_word' id='word_1_111' title='bbox 883 1601 1063 1681; x_wconf 77' lang='lat' dir='ltr'>argumentis</span> <span class='ocrx_word' id='word_1_112' title='bbox 1076 1600 1292 1677; x_wconf 80' lang='lat' dir='ltr'>disseruerunt,</span> <span class='ocrx_word' id='word_1_113' title='bbox 1306 1598 1393 1664; x_wconf 88' lang='lat' dir='ltr'>huius</span> <span class='ocrx_word' id='word_1_114' title='bbox 1404 1618 1443 1662; x_wconf 84' lang='lat' dir='ltr'>vo</span> <span class='ocrx_word' id='word_1_115' title='bbox 1560 1642 1561 1645; x_wconf 19' lang='grc' dir='ltr'><strong><em>κ</em></strong></span> 
     </span>
     <span class='ocr_line' id='line_1_13' title="bbox 299 1702 1451 1783; baseline 0.002 -20"><span class='ocrx_word' id='word_1_116' title='bbox 299 1702 384 1782; x_wconf 82' lang='lat' dir='ltr'>stigia</span> <span class='ocrx_word' id='word_1_117' title='bbox 398 1720 533 1783; x_wconf 85' lang='lat' dir='ltr'>premere</span> <span class='ocrx_word' id='word_1_118' title='bbox 552 1702 669 1777; x_wconf 89' lang='lat' dir='ltr'>solitos,</span> <span class='ocrx_word' id='word_1_119' title='bbox 685 1709 855 1783; x_wconf 88' lang='lat' dir='ltr'>tantamque</span> <span class='ocrx_word' id='word_1_120' title='bbox 869 1703 1032 1766; x_wconf 88' lang='lat' dir='ltr'>multorum</span> <span class='ocrx_word' id='word_1_121' title='bbox 1052 1723 1087 1766; x_wconf 84' lang='lat' dir='ltr'>ex</span> <span class='ocrx_word' id='word_1_122' title='bbox 1102 1703 1148 1767; x_wconf 93' lang='lat' dir='ltr'>his</span> <span class='ocrx_word' id='word_1_123' title='bbox 1164 1722 1233 1767; x_wconf 89' lang='lat' dir='ltr'>cum</span> <span class='ocrx_word' id='word_1_124' title='bbox 1247 1704 1400 1768; x_wconf 77' lang='lat' dir='ltr'>Aristoldc</span> <span class='ocrx_word' id='word_1_125' title='bbox 1413 1702 1451 1765; x_wconf 91' lang='lat' dir='ltr'>si·</span> 
     </span>
     <span class='ocr_line' id='line_1_14' title="bbox 299 1803 1453 1884; baseline 0.003 -18"><span class='ocrx_word' id='word_1_126' title='bbox 299 1803 491 1867; x_wconf 85' lang='lat' dir='ltr'>militudinem</span> <span class='ocrx_word' id='word_1_127' title='bbox 506 1805 611 1878; x_wconf 85' lang='lat' dir='ltr'>luisse,</span> <span class='ocrx_word' id='word_1_128' title='bbox 628 1812 660 1867; x_wconf 91' lang='lat' dir='ltr'>nt</span> <span class='ocrx_word' id='word_1_129' title='bbox 677 1823 741 1868; x_wconf 92' lang='lat' dir='ltr'>non</span> <span class='ocrx_word' id='word_1_130' title='bbox 760 1805 850 1868; x_wconf 90' lang='lat' dir='ltr'>ruodo</span> <span class='ocrx_word' id='word_1_131' title='bbox 871 1805 908 1868; x_wconf 87' lang='lat' dir='ltr'>ad</span> <span class='ocrx_word' id='word_1_132' title='bbox 926 1805 1116 1869; x_wconf 86' lang='lat' dir='ltr'>illustrandos</span> <span class='ocrx_word' id='word_1_133' title='bbox 1130 1807 1292 1884; x_wconf 88' lang='lat' dir='ltr'>obscuros,</span> <span class='ocrx_word' id='word_1_134' title='bbox 1306 1806 1359 1871; x_wconf 92' lang='lat' dir='ltr'>sed</span> <span class='ocrx_word' id='word_1_135' title='bbox 1373 1805 1453 1869; x_wconf 87' lang='lat' dir='ltr'>etiam</span> 
     </span>
     <span class='ocr_line' id='line_1_15' title="bbox 300 1906 1454 1987; baseline 0.003 -19"><span class='ocrx_word' id='word_1_136' title='bbox 300 1907 336 1969; x_wconf 89' lang='lat' dir='ltr'>ad</span> <span class='ocrx_word' id='word_1_137' title='bbox 352 1906 553 1969; x_wconf 85' lang='lat' dir='ltr'>emendandos</span> <span class='ocrx_word' id='word_1_138' title='bbox 568 1914 725 1987; x_wconf 90' lang='lat' dir='ltr'>corruptos</span> <span class='ocrx_word' id='word_1_139' title='bbox 739 1907 974 1971; x_wconf 82' lang='lat' dir='ltr'>Aristoteliorum</span> <span class='ocrx_word' id='word_1_140' title='bbox 985 1908 1129 1972; x_wconf 87' lang='lat' dir='ltr'>librorum</span> <span class='ocrx_word' id='word_1_141' title='bbox 1139 1910 1222 1972; x_wconf 92' lang='lat' dir='ltr'>locos</span> <span class='ocrx_word' id='word_1_142' title='bbox 1237 1911 1347 1973; x_wconf 90' lang='lat' dir='ltr'>horum</span> <span class='ocrx_word' id='word_1_143' title='bbox 1361 1908 1454 1971; x_wconf 90' lang='lat' dir='ltr'>imita·</span> 
     </span>
     <span class='ocr_line' id='line_1_16' title="bbox 299 2008 1455 2093; baseline 0 -21"><span class='ocrx_word' id='word_1_144' title='bbox 299 2018 397 2073; x_wconf 91' lang='lat' dir='ltr'>torum</span> <span class='ocrx_word' id='word_1_145' title='bbox 413 2008 522 2091; x_wconf 87' lang='lat' dir='ltr'>scripta</span> <span class='ocrx_word' id='word_1_146' title='bbox 536 2009 666 2071; x_wconf 85' lang='lat' dir='ltr'>adhiberi</span> <span class='ocrx_word' id='word_1_147' title='bbox 680 2010 840 2090; x_wconf 80' lang='lat' dir='ltr'>potuerint</span> <span class='ocrx_word' id='word_1_148' title='bbox 870 2011 932 2073; x_wconf 85' lang='lat' dir='ltr'>Vid.</span> <span class='ocrx_word' id='word_1_149' title='bbox 947 2010 1071 2074; x_wconf 91' lang='lat' dir='ltr'>Brandis</span> <span class='ocrx_word' id='word_1_150' title='bbox 1086 2012 1117 2076; x_wconf 91' lang='lat' dir='ltr'>in</span> <span class='ocrx_word' id='word_1_151' title='bbox 1128 2013 1202 2075; x_wconf 89' lang='lat' dir='ltr'>llus.</span> <span class='ocrx_word' id='word_1_152' title='bbox 1215 2013 1313 2076; x_wconf 83' lang='lat' dir='ltr'>Rhen.</span> <span class='ocrx_word' id='word_1_153' title='bbox 1327 2014 1342 2073; x_wconf 92' lang='lat' dir='ltr'>l</span> <span class='ocrx_word' id='word_1_154' title='bbox 1357 2029 1384 2093; x_wconf 91' lang='lat' dir='ltr'>p.</span> <span class='ocrx_word' id='word_1_155' title='bbox 1396 2009 1455 2075; x_wconf 77' lang='lat'>283</span> 
     </span>
     <span class='ocr_line' id='line_1_17' title="bbox 299 2111 1456 2197; baseline 0 -23"><span class='ocrx_word' id='word_1_156' title='bbox 299 2119 329 2175; x_wconf 85' lang='lat' dir='ltr'>et</span> <span class='ocrx_word' id='word_1_157' title='bbox 343 2112 439 2175; x_wconf 87' lang='lat' dir='ltr'>Stahr.</span> <span class='ocrx_word' id='word_1_158' title='bbox 454 2111 601 2174; x_wconf 78' lang='lat' dir='ltr'>Aristotel.</span> <span class='ocrx_word' id='word_1_159' title='bbox 617 2111 652 2175; x_wconf 87' lang='lat'>11.</span> <span class='ocrx_word' id='word_1_160' title='bbox 672 2131 701 2194; x_wconf 94' lang='lat' dir='ltr'>p.</span> <span class='ocrx_word' id='word_1_161' title='bbox 718 2111 863 2176; x_wconf 82' lang='lat'><strong>80-84.</strong></span> <span class='ocrx_word' id='word_1_162' title='bbox 903 2114 936 2176; x_wconf 94' lang='lat' dir='ltr'>ld</span> <span class='ocrx_word' id='word_1_163' title='bbox 955 2113 1075 2195; x_wconf 77' lang='lat' dir='ltr'>igitura</span> <span class='ocrx_word' id='word_1_164' title='bbox 1095 2115 1306 2197; x_wconf 84' lang='lat' dir='ltr'>Theophrasto</span> <span class='ocrx_word' id='word_1_165' title='bbox 1325 2114 1409 2177; x_wconf 84' lang='lat' dir='ltr'>etiam</span> <span class='ocrx_word' id='word_1_166' title='bbox 1427 2113 1456 2174; x_wconf 93' lang='lat' dir='ltr'>in</span> 
     </span>
     <span class='ocr_line' id='line_1_18' title="bbox 298 2214 1457 2296; baseline 0.003 -18"><span class='ocrx_word' id='word_1_167' title='bbox 298 2214 428 2278; x_wconf 89' lang='lat' dir='ltr'>Politicis</span> <span class='ocrx_word' id='word_1_168' title='bbox 444 2216 553 2278; x_wconf 89' lang='lat' dir='ltr'>lactum</span> <span class='ocrx_word' id='word_1_169' title='bbox 567 2233 643 2290; x_wconf 88' lang='lat' dir='ltr'>esse,</span> <span class='ocrx_word' id='word_1_170' title='bbox 657 2233 749 2295; x_wconf 89' lang='lat' dir='ltr'>quum</span> <span class='ocrx_word' id='word_1_171' title='bbox 762 2233 816 2296; x_wconf 87' lang='lat' dir='ltr'>per</span> <span class='ocrx_word' id='word_1_172' title='bbox 831 2235 864 2279; x_wconf 93' lang='lat' dir='ltr'>se</span> <span class='ocrx_word' id='word_1_173' title='bbox 878 2216 1013 2279; x_wconf 88' lang='lat' dir='ltr'>credihile</span> <span class='ocrx_word' id='word_1_174' title='bbox 1027 2218 1075 2292; x_wconf 88' lang='lat' dir='ltr'>sit,</span> <span class='ocrx_word' id='word_1_175' title='bbox 1090 2228 1154 2279; x_wconf 78' lang='lat' dir='ltr'>tuom</span> <span class='ocrx_word' id='word_1_176' title='bbox 1169 2217 1213 2280; x_wconf 84' lang='lat' dir='ltr'>rel</span> <span class='ocrx_word' id='word_1_177' title='bbox 1228 2238 1264 2281; x_wconf 84' lang='lat' dir='ltr'>es</span> <span class='ocrx_word' id='word_1_178' title='bbox 1284 2237 1321 2281; x_wconf 89' lang='lat' dir='ltr'>eo</span> <span class='ocrx_word' id='word_1_179' title='bbox 1336 2216 1457 2296; x_wconf 73' lang='lat' dir='ltr'>colligas,</span> 
     </span>
     <span class='ocr_line' id='line_1_19' title="bbox 301 2309 1457 2404; baseline 0.002 -25"><span class='ocrx_word' id='word_1_180' title='bbox 301 2318 380 2398; x_wconf 89' lang='lat' dir='ltr'>quod</span> <span class='ocrx_word' id='word_1_181' title='bbox 394 2317 551 2399; x_wconf 75' lang='lat' dir='ltr'>Dionysius</span> <span class='ocrx_word' id='word_1_182' title='bbox 565 2317 709 2380; x_wconf 84' lang='lat' dir='ltr'>Halicarn</span> <span class='ocrx_word' id='word_1_183' title='bbox 723 2318 757 2379; x_wconf 85' lang='grc' dir='ltr'>Α.</span> <span class='ocrx_word' id='word_1_184' title='bbox 772 2318 808 2381; x_wconf 87' lang='lat' dir='ltr'>ll.</span> <span class='ocrx_word' id='word_1_185' title='bbox 825 2319 856 2395; x_wconf 88' lang='lat' dir='ltr'>V,</span> <span class='ocrx_word' id='word_1_186' title='bbox 872 2319 912 2382; x_wconf 82' lang='lat'>73</span> <span class='ocrx_word' id='word_1_187' title='bbox 928 2330 1106 2401; x_wconf 77' lang='lat' dir='ltr'>oeaymnctos</span> <span class='ocrx_word' id='word_1_188' title='bbox 1117 2338 1134 2382; x_wconf 91' lang='lat' dir='ltr'>a</span> <span class='ocrx_word' id='word_1_189' title='bbox 1146 2320 1357 2402; x_wconf 78' lang='lat' dir='ltr'>Theophrasto</span> <span class='ocrx_word' id='word_1_190' title='bbox 1372 2309 1457 2404; x_wconf 74' lang='lat' dir='ltr'>aios·</span> 
     </span>
     <span class='ocr_line' id='line_1_20' title="bbox 301 2415 1458 2505; baseline 0.001 -24"><span class='ocrx_word' id='word_1_191' title='bbox 301 2415 378 2495; x_wconf 79' lang='grc' dir='ltr'>τούς</span> <span class='ocrx_word' id='word_1_192' title='bbox 390 2415 565 2505; x_wconf 78' lang='grc' dir='ltr'><strong><em>τυράννους</em></strong></span> <span class='ocrx_word' id='word_1_193' title='bbox 583 2420 677 2483; x_wconf 88' lang='lat' dir='ltr'>dictos</span> <span class='ocrx_word' id='word_1_194' title='bbox 697 2439 764 2483; x_wconf 87' lang='lat' dir='ltr'>esse</span> <span class='ocrx_word' id='word_1_195' title='bbox 782 2422 883 2496; x_wconf 75' lang='lat' dir='ltr'>roten,</span> <span class='ocrx_word' id='word_1_196' title='bbox 902 2421 988 2502; x_wconf 84' lang='lat' dir='ltr'>plane</span> <span class='ocrx_word' id='word_1_197' title='bbox 1008 2431 1042 2484; x_wconf 92' lang='lat' dir='ltr'>ut</span> <span class='ocrx_word' id='word_1_198' title='bbox 1055 2421 1092 2484; x_wconf 88' lang='lat' dir='ltr'>ab</span> <span class='ocrx_word' id='word_1_199' title='bbox 1108 2421 1264 2486; x_wconf 78' lang='lat' dir='ltr'>Aristotele</span> <span class='ocrx_word' id='word_1_200' title='bbox 1278 2423 1364 2486; x_wconf 81' lang='lat' dir='ltr'>Polit</span> <span class='ocrx_word' id='word_1_201' title='bbox 1379 2422 1426 2496; x_wconf 84' lang='grc' dir='ltr'>ΙΙΙ,</span> <span class='ocrx_word' id='word_1_202' title='bbox 1440 2420 1458 2482; x_wconf 86' lang='grc'>9</span> 
     </span>
     <span class='ocr_line' id='line_1_21' title="bbox 301 2514 1459 2609; baseline -0.001 -23"><span class='ocrx_word' id='word_1_203' title='bbox 301 2542 333 2605; x_wconf 89' lang='lat' dir='ltr'>p.</span> <span class='ocrx_word' id='word_1_204' title='bbox 347 2524 416 2599; x_wconf 88' lang='grc'>101,</span> <span class='ocrx_word' id='word_1_205' title='bbox 427 2524 464 2585; x_wconf 79' lang='lat'>21</span> <span class='ocrx_word' id='word_1_206' title='bbox 483 2524 591 2587; x_wconf 90' lang='lat' dir='ltr'>horum</span> <span class='ocrx_word' id='word_1_207' title='bbox 606 2522 785 2605; x_wconf 83' lang='lat' dir='ltr'>principatus</span> <span class='ocrx_word' id='word_1_208' title='bbox 801 2514 914 2609; x_wconf 71' lang='lat' dir='ltr'>cipere)</span> <span class='ocrx_word' id='word_1_209' title='bbox 928 2518 1077 2609; x_wconf 80' lang='grc' dir='ltr'><strong><em>τυραννίς</em></strong></span> <span class='ocrx_word' id='word_1_210' title='bbox 1090 2532 1225 2588; x_wconf 86' lang='lat' dir='ltr'>vocatur:</span> <span class='ocrx_word' id='word_1_211' title='bbox 1253 2545 1290 2589; x_wconf 84' lang='lat' dir='ltr'>ex</span> <span class='ocrx_word' id='word_1_212' title='bbox 1315 2544 1374 2607; x_wconf 92' lang='lat' dir='ltr'>quo</span> <span class='ocrx_word' id='word_1_213' title='bbox 1398 2525 1459 2605; x_wconf 91' lang='lat' dir='ltr'>ipse</span> 
     </span>
     <span class='ocr_line' id='line_1_22' title="bbox 302 2624 1460 2708; baseline 0 -21"><span class='ocrx_word' id='word_1_214' title='bbox 302 2624 493 2708; x_wconf 79' lang='lat' dir='ltr'>Goettlingius</span> <span class='ocrx_word' id='word_1_215' title='bbox 507 2630 597 2708; x_wconf 89' lang='lat' dir='ltr'>prael.</span> <span class='ocrx_word' id='word_1_216' title='bbox 617 2629 653 2690; x_wconf 91' lang='lat' dir='ltr'>ad</span> <span class='ocrx_word' id='word_1_217' title='bbox 674 2627 782 2690; x_wconf 84' lang='lat' dir='ltr'>Oecon</span> <span class='ocrx_word' id='word_1_218' title='bbox 803 2647 832 2708; x_wconf 86' lang='lat' dir='ltr'>p.</span> <span class='ocrx_word' id='word_1_219' title='bbox 851 2626 916 2689; x_wconf 88' lang='lat' dir='ltr'>Xlll</span> <span class='ocrx_word' id='word_1_220' title='bbox 941 2627 1137 2708; x_wconf 78' lang='lat' dir='ltr'>Theophrasti</span> <span class='ocrx_word' id='word_1_221' title='bbox 1161 2627 1288 2691; x_wconf 78' lang='lat' dir='ltr'>Politice</span> <span class='ocrx_word' id='word_1_222' title='bbox 1314 2626 1387 2691; x_wconf 88' lang='lat' dir='ltr'>nihil</span> <span class='ocrx_word' id='word_1_223' title='bbox 1406 2624 1460 2689; x_wconf 89' lang='lat' dir='ltr'>nisi</span> 
     </span>
     <span class='ocr_line' id='line_1_23' title="bbox 300 2727 1459 2812; baseline 0.002 -21"><span class='ocrx_word' id='word_1_224' title='bbox 300 2729 716 2812; x_wconf 76' lang='lat' dir='ltr'>Aristoteliorum‘epitomam</span> <span class='ocrx_word' id='word_1_225' title='bbox 738 2730 830 2793; x_wconf 89' lang='lat' dir='ltr'>luisse</span> <span class='ocrx_word' id='word_1_226' title='bbox 853 2730 949 2811; x_wconf 87' lang='lat' dir='ltr'>paullo</span> <span class='ocrx_word' id='word_1_227' title='bbox 969 2732 1095 2793; x_wconf 80' lang='lat' dir='ltr'>fortasse</span> <span class='ocrx_word' id='word_1_228' title='bbox 1114 2729 1236 2793; x_wconf 86' lang='lat' dir='ltr'>calidius</span> <span class='ocrx_word' id='word_1_229' title='bbox 1257 2730 1398 2807; x_wconf 78' lang='lat' dir='ltr'>coniecit3</span> <span class='ocrx_word' id='word_1_230' title='bbox 1417 2727 1459 2793; x_wconf 79' lang='lat' dir='ltr'>aii</span> 
     </span>
     <span class='ocr_line' id='line_1_24' title="bbox 301 2831 1461 2914; baseline 0.001 -20"><span class='ocrx_word' id='word_1_231' title='bbox 301 2840 400 2896; x_wconf 83' lang='lat' dir='ltr'>autem</span> <span class='ocrx_word' id='word_1_232' title='bbox 415 2834 471 2899; x_wconf 92' lang='lat' dir='ltr'>hos</span> <span class='ocrx_word' id='word_1_233' title='bbox 486 2833 570 2914; x_wconf 87' lang='lat' dir='ltr'>ipsos</span> <span class='ocrx_word' id='word_1_234' title='bbox 586 2852 661 2914; x_wconf 88' lang='lat' dir='ltr'>quos</span> <span class='ocrx_word' id='word_1_235' title='bbox 676 2832 817 2897; x_wconf 85' lang='lat' dir='ltr'>hahemus</span> <span class='ocrx_word' id='word_1_236' title='bbox 837 2831 999 2895; x_wconf 79' lang='lat' dir='ltr'>Aristotelis</span> <span class='ocrx_word' id='word_1_237' title='bbox 1018 2832 1210 2896; x_wconf 84' lang='lat' dir='ltr'>Politicorum</span> <span class='ocrx_word' id='word_1_238' title='bbox 1230 2833 1328 2897; x_wconf 91' lang='lat' dir='ltr'>lihros</span> <span class='ocrx_word' id='word_1_239' title='bbox 1346 2852 1409 2896; x_wconf 91' lang='lat' dir='ltr'>non</span> <span class='ocrx_word' id='word_1_240' title='bbox 1427 2831 1461 2895; x_wconf 81' lang='lat' dir='ltr'>al&gt;</span> 
     </span>
     <span class='ocr_line' id='line_1_25' title="bbox 301 2934 1461 3017; baseline 0 -19"><span class='ocrx_word' id='word_1_241' title='bbox 301 2935 427 2999; x_wconf 84' lang='lat' dir='ltr'>hoc&#39;sed</span> <span class='ocrx_word' id='word_1_242' title='bbox 441 2956 459 2999; x_wconf 90' lang='lat' dir='ltr'>a</span> <span class='ocrx_word' id='word_1_243' title='bbox 473 2936 679 3017; x_wconf 86' lang='lat' dir='ltr'>Theophrasto</span> <span class='ocrx_word' id='word_1_244' title='bbox 694 2936 822 3016; x_wconf 88' lang='lat' dir='ltr'>scriptos</span> <span class='ocrx_word' id='word_1_245' title='bbox 837 2953 903 2997; x_wconf 88' lang='lat' dir='ltr'>esse</span> <span class='ocrx_word' id='word_1_246' title='bbox 918 2934 1028 3017; x_wconf 89' lang='lat' dir='ltr'>opinati</span> <span class='ocrx_word' id='word_1_247' title='bbox 1042 2943 1123 2998; x_wconf 90' lang='lat' dir='ltr'>sunt.</span> <span class='ocrx_word' id='word_1_248' title='bbox 1152 2936 1254 3017; x_wconf 87' lang='lat' dir='ltr'>ltaque</span> <span class='ocrx_word' id='word_1_249' title='bbox 1269 2954 1361 3000; x_wconf 90' lang='lat' dir='ltr'>nemo</span> <span class='ocrx_word' id='word_1_250' title='bbox 1376 2934 1461 2998; x_wconf 91' lang='lat' dir='ltr'>mira·</span> 
     </span>
     <span class='ocr_line' id='line_1_26' title="bbox 301 3037 1462 3119; baseline 0 -19"><span class='ocrx_word' id='word_1_251' title='bbox 301 3038 379 3101; x_wconf 88' lang='lat' dir='ltr'>bitur</span> <span class='ocrx_word' id='word_1_252' title='bbox 393 3038 479 3101; x_wconf 89' lang='lat' dir='ltr'>etiam</span> <span class='ocrx_word' id='word_1_253' title='bbox 495 3039 572 3101; x_wconf 91' lang='lat' dir='ltr'>illam</span> <span class='ocrx_word' id='word_1_254' title='bbox 588 3039 625 3102; x_wconf 89' lang='lat' dir='ltr'>de</span> <span class='ocrx_word' id='word_1_255' title='bbox 639 3039 761 3102; x_wconf 86' lang='lat' dir='ltr'>naturali</span> <span class='ocrx_word' id='word_1_256' title='bbox 776 3039 812 3101; x_wconf 91' lang='lat' dir='ltr'>ad</span> <span class='ocrx_word' id='word_1_257' title='bbox 832 3037 970 3101; x_wconf 89' lang='lat' dir='ltr'>similium</span> <span class='ocrx_word' id='word_1_258' title='bbox 985 3037 1220 3119; x_wconf 88' lang='lat' dir='ltr'>procreationem</span> <span class='ocrx_word' id='word_1_259' title='bbox 1236 3038 1383 3103; x_wconf 88' lang='lat' dir='ltr'>instinctu</span> <span class='ocrx_word' id='word_1_260' title='bbox 1396 3055 1462 3100; x_wconf 90' lang='lat' dir='ltr'>sen·</span> 
     </span>
     <span class='ocr_line' id='line_1_27' title="bbox 301 3140 1461 3224; baseline 0.001 -21"><span class='ocrx_word' id='word_1_261' title='bbox 301 3141 423 3205; x_wconf 85' lang='lat' dir='ltr'>tenliam</span> <span class='ocrx_word' id='word_1_262' title='bbox 437 3176 479 3186; x_wconf 87' lang='lat'><em>-</em></span> <span class='ocrx_word' id='word_1_263' title='bbox 494 3159 569 3222; x_wconf 85' lang='lat' dir='ltr'>quae</span> <span class='ocrx_word' id='word_1_264' title='bbox 583 3159 620 3203; x_wconf 89' lang='lat' dir='ltr'>na</span> <span class='ocrx_word' id='word_1_265' title='bbox 634 3142 755 3223; x_wconf 86' lang='lat' dir='ltr'>propria</span> <span class='ocrx_word' id='word_1_266' title='bbox 769 3141 886 3221; x_wconf 87' lang='lat' dir='ltr'>quidem</span> <span class='ocrx_word' id='word_1_267' title='bbox 901 3140 1064 3203; x_wconf 76' lang='lat' dir='ltr'>Aristotelis</span> <span class='ocrx_word' id='word_1_268' title='bbox 1079 3140 1134 3203; x_wconf 87' lang='lat' dir='ltr'>luit</span> <span class='ocrx_word' id='word_1_269' title='bbox 1147 3176 1190 3186; x_wconf 89' lang='lat'><em>-</em></span> <span class='ocrx_word' id='word_1_270' title='bbox 1203 3142 1237 3204; x_wconf 91' lang='lat' dir='ltr'>in</span> <span class='ocrx_word' id='word_1_271' title='bbox 1252 3142 1353 3224; x_wconf 84' lang='lat' dir='ltr'>sliquo</span> <span class='ocrx_word' id='word_1_272' title='bbox 1366 3141 1461 3204; x_wconf 84' lang='lat' dir='ltr'>Theo-</span> 
     </span>
     <span class='ocr_line' id='line_1_28' title="bbox 301 3242 1462 3327; baseline -0.002 -21"><span class='ocrx_word' id='word_1_273' title='bbox 301 3243 414 3324; x_wconf 89' lang='lat' dir='ltr'>phrasti</span> <span class='ocrx_word' id='word_1_274' title='bbox 430 3242 519 3318; x_wconf 87' lang='lat' dir='ltr'>libro,</span> <span class='ocrx_word' id='word_1_275' title='bbox 534 3242 595 3305; x_wconf 86' lang='lat' dir='ltr'>sive</span> <span class='ocrx_word' id='word_1_276' title='bbox 608 3243 731 3307; x_wconf 89' lang='lat' dir='ltr'>Politico</span> <span class='ocrx_word' id='word_1_277' title='bbox 747 3244 887 3318; x_wconf 75' lang='lat' dir='ltr'>siracho,</span> <span class='ocrx_word' id='word_1_278' title='bbox 903 3243 1086 3324; x_wconf 88' lang='lat' dir='ltr'>propositam</span> <span class='ocrx_word' id='word_1_279' title='bbox 1095 3244 1195 3321; x_wconf 90' lang='lat' dir='ltr'>luisse,</span> <span class='ocrx_word' id='word_1_280' title='bbox 1210 3245 1462 3327; x_wconf 82' lang='lat' dir='ltr'>ecquepertinere</span> 
     </span>
     <span class='ocr_line' id='line_1_29' title="bbox 301 3337 1463 3431; baseline -0.001 -23"><span class='ocrx_word' id='word_1_281' title='bbox 301 3346 370 3409; x_wconf 90' lang='lat' dir='ltr'>illud</span> <span class='ocrx_word' id='word_1_282' title='bbox 386 3337 566 3410; x_wconf 77' lang='grc' dir='ltr'><strong><em>ὑπόκειται</em></strong></span> <span class='ocrx_word' id='word_1_283' title='bbox 580 3338 684 3431; x_wconf 79' lang='grc' dir='ltr'><strong><em>ἡμῖν,</em></strong></span> <span class='ocrx_word' id='word_1_284' title='bbox 700 3346 760 3409; x_wconf 84' lang='lat' dir='ltr'>siae</span> <span class='ocrx_word' id='word_1_285' title='bbox 773 3346 832 3410; x_wconf 90' lang='lat' dir='ltr'>hoc</span> <span class='ocrx_word' id='word_1_286' title='bbox 845 3346 909 3427; x_wconf 91' lang='lat' dir='ltr'>ipse</span> <span class='ocrx_word' id='word_1_287' title='bbox 920 3346 1153 3428; x_wconf 71' lang='lat' dir='ltr'>Theophrastus,</span> <span class='ocrx_word' id='word_1_288' title='bbox 1169 3348 1231 3411; x_wconf 83' lang='lat' dir='ltr'>sive</span> <span class='ocrx_word' id='word_1_289' title='bbox 1242 3368 1280 3411; x_wconf 82' lang='lat' dir='ltr'>ex</span> <span class='ocrx_word' id='word_1_290' title='bbox 1295 3349 1361 3412; x_wconf 90' lang='lat' dir='ltr'>eius</span> <span class='ocrx_word' id='word_1_291' title='bbox 1377 3346 1463 3411; x_wconf 82' lang='lat' dir='ltr'>sciro·</span> 
     </span>
     <span class='ocr_line' id='line_1_30' title="bbox 301 3446 1464 3532; baseline 0 -21"><span class='ocrx_word' id='word_1_292' title='bbox 301 3447 337 3511; x_wconf 89' lang='lat' dir='ltr'>lis</span> <span class='ocrx_word' id='word_1_293' title='bbox 356 3448 459 3529; x_wconf 87' lang='lat' dir='ltr'>aliquis</span> <span class='ocrx_word' id='word_1_294' title='bbox 480 3448 640 3529; x_wconf 89' lang='lat' dir='ltr'>discipulus</span> <span class='ocrx_word' id='word_1_295' title='bbox 660 3449 816 3532; x_wconf 82' lang='lat' dir='ltr'>scripsisse</span> <span class='ocrx_word' id='word_1_296' title='bbox 841 3449 986 3512; x_wconf 88' lang='lat' dir='ltr'>statuitur.</span> <span class='ocrx_word' id='word_1_297' title='bbox 1029 3449 1130 3530; x_wconf 88' lang='lat' dir='ltr'>Neque</span> <span class='ocrx_word' id='word_1_298' title='bbox 1158 3450 1254 3531; x_wconf 78' lang='lat' dir='ltr'>magis</span> <span class='ocrx_word' id='word_1_299' title='bbox 1282 3452 1361 3514; x_wconf 88' lang='lat' dir='ltr'>mira</span> <span class='ocrx_word' id='word_1_300' title='bbox 1379 3446 1464 3511; x_wconf 80' lang='lat' dir='ltr'>videri</span> 
     </span>
     <span class='ocr_line' id='line_1_31' title="bbox 301 3549 1464 3633; baseline 0.002 -20"><span class='ocrx_word' id='word_1_301' title='bbox 301 3559 401 3632; x_wconf 82' lang='lat' dir='ltr'>potest</span> <span class='ocrx_word' id='word_1_302' title='bbox 419 3560 583 3616; x_wconf 86' lang='lat' dir='ltr'>ceterorum</span> <span class='ocrx_word' id='word_1_303' title='bbox 602 3553 634 3615; x_wconf 90' lang='lat' dir='ltr'>in</span> <span class='ocrx_word' id='word_1_304' title='bbox 653 3552 843 3616; x_wconf 90' lang='lat' dir='ltr'>oeconomico</span> <span class='ocrx_word' id='word_1_305' title='bbox 869 3561 973 3615; x_wconf 85' lang='lat' dir='ltr'>nostro</span> <span class='ocrx_word' id='word_1_306' title='bbox 998 3552 1172 3633; x_wconf 85' lang='lat' dir='ltr'>placitorum</span> <span class='ocrx_word' id='word_1_307' title='bbox 1197 3572 1269 3616; x_wconf 88' lang='lat' dir='ltr'>curn</span> <span class='ocrx_word' id='word_1_308' title='bbox 1289 3549 1464 3617; x_wconf 78' lang='lat' dir='ltr'>Aristotelis</span> 
     </span>
     <span class='ocr_line' id='line_1_32' title="bbox 302 3655 1466 3737; baseline 0.002 -22"><span class='ocrx_word' id='word_1_309' title='bbox 302 3656 511 3718; x_wconf 80' lang='lat' dir='ltr'>convenientia.</span> <span class='ocrx_word' id='word_1_310' title='bbox 555 3657 642 3732; x_wconf 86' lang='lat' dir='ltr'>Quod</span> <span class='ocrx_word' id='word_1_311' title='bbox 662 3663 759 3718; x_wconf 66' lang='lat' dir='ltr'>anum</span> <span class='ocrx_word' id='word_1_312' title='bbox 784 3655 988 3736; x_wconf 75' lang='lat' dir='ltr'>Goettlingius‚</span> <span class='ocrx_word' id='word_1_313' title='bbox 1011 3662 1043 3717; x_wconf 92' lang='lat' dir='ltr'>ut</span> <span class='ocrx_word' id='word_1_314' title='bbox 1056 3655 1164 3736; x_wconf 80' lang='lat' dir='ltr'>aliqurid</span> <span class='ocrx_word' id='word_1_315' title='bbox 1177 3663 1281 3719; x_wconf 90' lang='lat' dir='ltr'>tamen</span> <span class='ocrx_word' id='word_1_316' title='bbox 1296 3656 1335 3719; x_wconf 93' lang='lat' dir='ltr'>iis</span> <span class='ocrx_word' id='word_1_317' title='bbox 1349 3670 1466 3737; x_wconf 80' lang='lat' dir='ltr'>quoque</span> 
     </span>
     <span class='ocr_line' id='line_1_33' title="bbox 303 3756 1467 3840; baseline -0.001 -20"><span class='ocrx_word' id='word_1_318' title='bbox 303 3759 489 3833; x_wconf 86' lang='lat' dir='ltr'>concedatur,</span> <span class='ocrx_word' id='word_1_319' title='bbox 505 3759 555 3839; x_wconf 91' lang='lat' dir='ltr'>qui</span> <span class='ocrx_word' id='word_1_320' title='bbox 569 3758 650 3833; x_wconf 92' lang='lat' dir='ltr'>olim,</span> <span class='ocrx_word' id='word_1_321' title='bbox 665 3758 913 3839; x_wconf 85' lang='lat' dir='ltr'>quemadmodum</span> <span class='ocrx_word' id='word_1_322' title='bbox 929 3758 993 3840; x_wconf 87' lang='lat' dir='ltr'>ipse</span> <span class='ocrx_word' id='word_1_323' title='bbox 1004 3756 1209 3821; x_wconf 80' lang='lat' dir='ltr'>Philodamum</span> <span class='ocrx_word' id='word_1_324' title='bbox 1224 3758 1379 3822; x_wconf 82' lang='lat' dir='ltr'>dicentem</span> <span class='ocrx_word' id='word_1_325' title='bbox 1395 3757 1467 3830; x_wconf 85' lang='lat' dir='ltr'>ierit,</span> 
     </span>
     <span class='ocr_line' id='line_1_34' title="bbox 302 3860 1467 3943; baseline 0.001 -22"><span class='ocrx_word' id='word_1_326' title='bbox 302 3860 431 3923; x_wconf 86' lang='lat' dir='ltr'>libellum</span> <span class='ocrx_word' id='word_1_327' title='bbox 449 3870 586 3924; x_wconf 87' lang='lat' dir='ltr'>nostrum</span> <span class='ocrx_word' id='word_1_328' title='bbox 607 3861 813 3943; x_wconf 79' lang='lat' dir='ltr'>Tbeophrasto</span> <span class='ocrx_word' id='word_1_329' title='bbox 830 3861 975 3923; x_wconf 81' lang='lat' dir='ltr'>vindicare</span> <span class='ocrx_word' id='word_1_330' title='bbox 993 3861 1182 3937; x_wconf 87' lang='lat' dir='ltr'>studuerunt,</span> <span class='ocrx_word' id='word_1_331' title='bbox 1204 3863 1373 3942; x_wconf 77' lang='lat' dir='ltr'>epitomum</span> <span class='ocrx_word' id='word_1_332' title='bbox 1393 3861 1467 3923; x_wconf 85' lang='lat' dir='ltr'>hanc</span> 
     </span>
     <span class='ocr_line' id='line_1_35' title="bbox 302 3963 1468 4045; baseline -0.003 -19"><span class='ocrx_word' id='word_1_333' title='bbox 302 3982 367 4025; x_wconf 88' lang='lat' dir='ltr'>esse</span> <span class='ocrx_word' id='word_1_334' title='bbox 388 3963 447 4026; x_wconf 86' lang='lat' dir='ltr'>vult</span> <span class='ocrx_word' id='word_1_335' title='bbox 464 3984 499 4026; x_wconf 85' lang='lat' dir='ltr'>er</span> <span class='ocrx_word' id='word_1_336' title='bbox 514 3964 651 4026; x_wconf 83' lang='lat' dir='ltr'>uberiore</span> <span class='ocrx_word' id='word_1_337' title='bbox 671 3963 834 4026; x_wconf 79' lang='lat' dir='ltr'>Aristotelis</span> <span class='ocrx_word' id='word_1_338' title='bbox 852 3963 927 4026; x_wconf 91' lang='lat' dir='ltr'>lihro</span> <span class='ocrx_word' id='word_1_339' title='bbox 948 3983 964 4026; x_wconf 88' lang='lat' dir='ltr'>e</span> <span class='ocrx_word' id='word_1_340' title='bbox 985 3963 1191 4045; x_wconf 86' lang='lat' dir='ltr'>Theophrasto</span> <span class='ocrx_word' id='word_1_341' title='bbox 1211 3965 1398 4028; x_wconf 81' lang='lat' dir='ltr'>confectam:</span> <span class='ocrx_word' id='word_1_342' title='bbox 1411 3963 1468 4024; x_wconf 92' lang='lat' dir='ltr'>hoc</span> 
     </span>
     <span class='ocr_line' id='line_1_36' title="bbox 303 4062 1468 4147; baseline -0.003 -18"><span class='ocrx_word' id='word_1_343' title='bbox 303 4066 375 4129; x_wconf 89' lang='lat' dir='ltr'>mihi</span> <span class='ocrx_word' id='word_1_344' title='bbox 395 4067 525 4147; x_wconf 87' lang='lat' dir='ltr'>quidem,</span> <span class='ocrx_word' id='word_1_345' title='bbox 549 4067 716 4130; x_wconf 85' lang='lat' dir='ltr'>universam</span> <span class='ocrx_word' id='word_1_346' title='bbox 741 4066 803 4129; x_wconf 88' lang='lat' dir='ltr'>eius</span> <span class='ocrx_word' id='word_1_347' title='bbox 827 4066 957 4130; x_wconf 88' lang='lat' dir='ltr'>indolem</span> <span class='ocrx_word' id='word_1_348' title='bbox 981 4076 1010 4128; x_wconf 90' lang='lat' dir='ltr'>et</span> <span class='ocrx_word' id='word_1_349' title='bbox 1036 4066 1307 4130; x_wconf 80' lang='lat' dir='ltr'>conformationem</span> <span class='ocrx_word' id='word_1_350' title='bbox 1334 4062 1468 4137; x_wconf 82' lang='lat' dir='ltr'>intuenti,</span> 
     </span>
     <span class='ocr_line' id='line_1_37' title="bbox 302 4166 1469 4251; baseline 0 -20"><span class='ocrx_word' id='word_1_351' title='bbox 302 4171 389 4250; x_wconf 82' lang='lat' dir='ltr'>longe</span> <span class='ocrx_word' id='word_1_352' title='bbox 403 4170 502 4233; x_wconf 92' lang='lat' dir='ltr'>minus</span> <span class='ocrx_word' id='word_1_353' title='bbox 516 4170 576 4231; x_wconf 84' lang='lat' dir='ltr'>veri</span> <span class='ocrx_word' id='word_1_354' title='bbox 592 4168 686 4231; x_wconf 90' lang='lat' dir='ltr'>simile</span> <span class='ocrx_word' id='word_1_355' title='bbox 700 4169 822 4245; x_wconf 86' lang='lat' dir='ltr'>videtur,</span> <span class='ocrx_word' id='word_1_356' title='bbox 838 4188 926 4251; x_wconf 87' lang='lat' dir='ltr'>quam</span> <span class='ocrx_word' id='word_1_357' title='bbox 940 4169 971 4232; x_wconf 89' lang='lat' dir='ltr'>id</span> <span class='ocrx_word' id='word_1_358' title='bbox 986 4170 1064 4251; x_wconf 90' lang='lat' dir='ltr'>quod</span> <span class='ocrx_word' id='word_1_359' title='bbox 1081 4188 1170 4251; x_wconf 86' lang='lat' dir='ltr'>supra</span> <span class='ocrx_word' id='word_1_360' title='bbox 1184 4170 1292 4251; x_wconf 87' lang='lat' dir='ltr'>posui,</span> <span class='ocrx_word' id='word_1_361' title='bbox 1314 4179 1367 4234; x_wconf 91' lang='lat' dir='ltr'>aut</span> <span class='ocrx_word' id='word_1_362' title='bbox 1381 4166 1469 4231; x_wconf 87' lang='lat' dir='ltr'>disci·</span> 
     </span>
     <span class='ocr_line' id='line_1_38' title="bbox 302 4271 1469 4353; baseline -0.003 -18"><span class='ocrx_word' id='word_1_363' title='bbox 302 4272 363 4353; x_wconf 91' lang='lat' dir='ltr'>puli</span> <span class='ocrx_word' id='word_1_364' title='bbox 379 4273 569 4353; x_wconf 87' lang='lat' dir='ltr'>scriptionem</span> <span class='ocrx_word' id='word_1_365' title='bbox 584 4273 659 4334; x_wconf 89' lang='lat' dir='ltr'>hanc</span> <span class='ocrx_word' id='word_1_366' title='bbox 674 4290 740 4335; x_wconf 89' lang='lat' dir='ltr'>esse</span> <span class='ocrx_word' id='word_1_367' title='bbox 753 4293 770 4335; x_wconf 92' lang='lat' dir='ltr'>e</span> <span class='ocrx_word' id='word_1_368' title='bbox 785 4272 895 4335; x_wconf 87' lang='lat' dir='ltr'>scholis</span> <span class='ocrx_word' id='word_1_369' title='bbox 910 4272 1107 4353; x_wconf 87' lang='lat' dir='ltr'>Theophrasti</span> <span class='ocrx_word' id='word_1_370' title='bbox 1126 4272 1301 4334; x_wconf 88' lang='lat' dir='ltr'>summatim</span> <span class='ocrx_word' id='word_1_371' title='bbox 1322 4281 1354 4335; x_wconf 88' lang='lat' dir='ltr'>et</span> <span class='ocrx_word' id='word_1_372' title='bbox 1372 4271 1469 4334; x_wconf 80' lang='lat' dir='ltr'>miluus</span> 
     </span>
     <span class='ocr_line' id='line_1_39' title="bbox 302 4371 1468 4457; baseline -0.001 -21"><span class='ocrx_word' id='word_1_373' title='bbox 302 4385 436 4439; x_wconf 79' lang='lat' dir='ltr'>scemate</span> <span class='ocrx_word' id='word_1_374' title='bbox 449 4375 589 4456; x_wconf 83' lang='lat' dir='ltr'>repetitis,</span> <span class='ocrx_word' id='word_1_375' title='bbox 604 4384 663 4448; x_wconf 83' lang='lat' dir='ltr'>aut,</span> <span class='ocrx_word' id='word_1_376' title='bbox 679 4374 704 4438; x_wconf 88' lang='lat' dir='ltr'>si</span> <span class='ocrx_word' id='word_1_377' title='bbox 714 4375 809 4457; x_wconf 88' lang='lat' dir='ltr'>ipsius</span> <span class='ocrx_word' id='word_1_378' title='bbox 822 4375 1029 4457; x_wconf 87' lang='lat' dir='ltr'>Theophrasti,</span> <span class='ocrx_word' id='word_1_379' title='bbox 1044 4373 1116 4437; x_wconf 90' lang='lat' dir='ltr'>nihil</span> <span class='ocrx_word' id='word_1_380' title='bbox 1128 4372 1185 4437; x_wconf 89' lang='lat' dir='ltr'>nisi</span> <span class='ocrx_word' id='word_1_381' title='bbox 1193 4371 1377 4438; x_wconf 85' lang='lat' dir='ltr'>subitarium</span> <span class='ocrx_word' id='word_1_382' title='bbox 1386 4392 1468 4437; x_wconf 90' lang='lat' dir='ltr'>com·</span> 
     </span>
    </p>
   </div>
   <div class='ocr_carea' id='block_1_3' title="bbox 0 0 1610 5136">
    <p class='ocr_par' dir='ltr' id='par_1_3' title="bbox 0 0 1610 5136">
     <span class='ocr_line' id='line_1_40' title="bbox 0 0 1610 5136; baseline 0 0"><span class='ocrx_word' id='word_1_383' title='bbox 0 0 1610 5136; x_wconf 95' lang='lat' dir='ltr'> </span> 
     </span>
    </p>
   </div>
  </div>
 </body>
</html>
