3154 5138
832 495 895 559 316

285 680 456 744 Heindorlio
471 684 594 746 ascitum
616 694 673 760 est,
692 702 767 766 quos
781 683 915 745 Noserus
934 679 966 743 in
984 681 1029 745 ed.
1045 682 1131 761 min,
1152 683 1290 759 Orellius,
1309 684 1446 749 Nobbius

286 784 401 866 sequuti
416 794 494 847 sunt.
520 787 636 859 Quanto
652 788 743 850 satius
758 789 853 849 fuerat
865 784 1012 847 Davisium
1026 787 1128 850 audire
1141 786 1302 869 pmdenter
1315 806 1445 852 monen-

285 894 354 949 tem.
383 888 495 968 Nempe
510 889 562 951 sic
582 896 795 952 tractarent
813 905 912 950 manu
929 887 1063 968 loquutio
1083 899 1128 952 est
1142 890 1178 952 do
1197 889 1254 963 eis,
1274 889 1323 970 qui
1337 890 1445 972 aliquid

201 1006 204 1013 ’
285 998 423 1070 tanquam
442 991 630 1054 manifestum
649 992 828 1073 minimeque
846 988 977 1052 abditum
995 998 1131 1066 tractant,
1151 991 1234 1054 cuius
1253 992 1446 1072 loquutionis,

286 1092 419 1172 quimus
433 1092 477 1154 vel
491 1093 556 1155 sine
571 1101 646 1156 teste
661 1095 731 1156 satis
746 1112 801 1173 per
816 1110 849 1154 se
863 1090 1042 1171 probandae,
1057 1101 1155 1155 tamon
1169 1112 1262 1156 unum
1274 1104 1351 1157 certe
1362 1095 1447 1158 testi-

286 1193 420 1255 monium
436 1194 662 1258 disertissimum
677 1194 810 1258 Davisius
825 1192 965 1273 apposuit
978 1213 1013 1255 er
1028 1195 1168 1271 danubio,
1188 1196 1223 1270 tt,
1239 1217 1264 1259 c.
1280 1198 1317 1259 71
1335 1217 1366 1279 p.
1384 1199 1443 1260 tot

286 1294 336 1358 Or.
367 1295 504 1369 Quibus
521 1297 609 1359 illud
625 1295 827 1359 rationibus
843 1294 979 1375 colligi,
993 1307 1053 1359 aut
1068 1297 1196 1378 quibus
1215 1300 1446 1380 supputatio·

284 1396 389 1459 uibus
405 1395 547 1477 potest?
567 1398 644 1461 Non
659 1396 892 1473 difficilibus,
908 1415 978 1460 non
994 1398 1170 1477 obscuris,
1186 1402 1247 1463 sed
1262 1420 1348 1482 quas
1360 1421 1446 1483 pos·

286 1498 335 1561 sit
348 1499 468 1562 videre
482 1500 543 1580 qui
557 1500 663 1576 uolet,
683 1511 717 1564 et
732 1509 970 1576 contrectare,
989 1502 1284 1581 quemadmodum
1301 1503 1446 1581 dicitur,

285 1602 458 1665 manibus.
487 1603 617 1665 Altamm
632 1604 707 1667 addo
723 1604 815 1685 ipsius
832 1604 994 1680 Ciceronis,
1010 1604 1047 1667 de
1061 1622 1093 1666 re
1107 1605 1186 1685 publ
1205 1607 1233 1680 l,
1250 1607 1303 1669 10:
1324 1606 1377 1670 sic
1390 1608 1446 1669 al·

285 1704 419 1777 lirmat,
445 1713 481 1767 ut
507 1705 622 1767 oculis
655 1725 692 1768 ea
721 1724 868 1768 cernere
893 1706 1054 1770 videatur
1078 1715 1136 1770 aut
1161 1716 1314 1771 tractare
1338 1709 1447 1790 plane

230 1818 264 1870 22
286 1825 397 1870 manu
431 1808 524 1882 Quam
544 1816 611 1888 apte
630 1817 727 1871 autem
747 1809 819 1871 baec
836 1827 853 1870 a
872 1807 1012 1872 Cicerone
1030 1818 1232 1891 opponantur:
1256 1810 1373 1874 animo
1394 1813 1446 1873 vi-

284 1912 368 1973 dere
382 1918 416 1973 et
430 1919 584 1973 tractare
599 1912 693 1974 sicut
707 1930 824 1987 manu,
838 1912 869 1973 in
884 1920 987 1992 aperto
1003 1919 1057 1974 est
1072 1946 1115 1957 —
1141 1912 1252 1976 Deinde
1265 1930 1357 1994 quum
1369 1913 1444 1994 Epi-

285 2033 373 2077 curus
392 2014 450 2076 boc
468 2015 621 2095 primum
644 2016 780 2077 docuisse
799 2014 924 2088 dicatur,
948 2032 1077 2094 quonum
1101 2014 1192 2076 modo
1218 2014 1314 2077 mvina
1337 2024 1446 2079 natura

284 2128 460 2193 cerneretur,
475 2117 623 2180 alterum
638 2118 696 2180 boc
706 2136 773 2179 esse
788 2116 894 2179 debere
905 2125 1033 2198 apparet,
1047 2124 1080 2177 ut
1090 2116 1232 2191 docuerit,
1247 2117 1364 2197 qualem
1376 2137 1447 2181 esse

284 2228 418 2284 naturam
433 2220 557 2283 deorum
572 2220 813 2300 intelligeremus,
834 2218 864 2280 id
878 2221 958 2300 quod
978 2218 1134 2301 exponitur
1152 2219 1288 2299 proxima
1306 2219 1445 2300 periodo,

283 2324 352 2386 inde
365 2343 382 2386 a
393 2324 503 2386 verbis:
520 2342 623 2404 quum
639 2322 781 2385 infinita
797 2320 914 2383 simili.
929 2322 1030 2403 imag.
1044 2322 1185 2402 species
1199 2357 1252 2386 -—.
1278 2322 1445 2385 Hocbam·

282 2425 370 2488 binus
385 2426 546 2506 intelligens
561 2425 734 2506 perticulam
749 2424 877 2486 deinde
890 2424 958 2487 huic
971 2423 1095 2505 periodo
1106 2426 1247 2506 praeponi
1259 2424 1356 2488 voluit.
1382 2426 1445 2488 Sed

282 2527 395 2590 leniore
410 2528 555 2592 medicina
568 2547 694 2610 reponas
709 2546 897 2610 quumque,
915 2526 943 2588 id
960 2527 1040 2606 quod
1056 2526 1145 2588 etiam
1159 2526 1295 2590 Wallrero
1310 2528 1342 2589 in
1355 2545 1445 2590 men-

284 2640 342 2694 tem
358 2630 473 2693 vonisse
488 2631 579 2694 video.
610 2632 683 2693 Nam
699 2647 910 2711 saepenumero
925 2628 957 2691 in
971 2629 1116 2694 eiusmodi
1135 2633 1354 2695 enumeratione
1371 2642 1448 2713 post

282 2734 434 2814 primum
448 2751 510 2795 non
526 2733 666 2808 deinde,
686 2732 836 2795 sedaliam
851 2732 1018 2813 quampiam
1040 2733 1277 2796 coniunctionem
1295 2734 1368 2816 poni
1388 2753 1445 2796 so·

283 2838 341 2899 lere
355 2854 442 2899 nemo
457 2837 580 2917 ignorat.
596 2871 638 2881 -
666 2834 752 2910 Quod
768 2853 859 2914 porro
875 2832 1012 2897 scribitur
1028 2835 1069 2897 ad
1091 2835 1175 2897 deos
1193 2836 1319 2899 aliluat
1336 2854 1446 2900 omnes

283 2939 442 3001 absmdum
463 2958 529 3001 esse
548 2939 758 3001 intellexerunt.
790 2937 887 3000 Nolim
912 2944 1010 2999 tamen
1035 2937 1070 2999 ad
1091 2937 1251 3000 Heindorlii
1275 2939 1445 3021 exempltmr

281 3041 442 3104 rescribere
456 3060 473 3103 a
488 3041 564 3103 deis
580 3041 620 3103 ad
640 3060 705 3103 nos
726 3039 866 3102 ullluat:
886 3055 955 3101 nam
971 3039 1007 3102 ad
1027 3056 1092 3101 nos
1107 3038 1173 3102 addi
1194 3040 1266 3102 nibil
1286 3058 1362 3121 opus
1381 3050 1446 3104 erat

281 3143 314 3206 in
333 3144 392 3205 boc
410 3151 560 3219 contextu,
585 3142 634 3224 qui
653 3160 782 3223 quonam
801 3142 878 3204 illam
899 3140 1029 3223 speciem
1049 3141 1167 3205 allluere
1186 3143 1374 3222 cogitandum
1394 3143 1444 3220 sit,

283 3244 417 3308 dubitare
432 3263 494 3308 non
509 3245 592 3307 sinit:
612 3264 667 3326 pro
683 3264 700 3308 a
720 3244 794 3306 deis
813 3251 910 3305 autem
925 3243 1023 3325 paullo
1039 3245 1148 3308 leniore
1162 3246 1293 3324 irrigatae
1307 3244 1444 3309 lectionis

282 3348 444 3411 mutatione
459 3368 475 3410 a
490 3349 555 3412 deo
571 3348 739 3429 scripseris,
757 3367 824 3409 oum
838 3347 977 3411 bianutio.
1006 3346 1107 3428 Neque
1121 3347 1198 3409 enim
1214 3348 1371 3428 singularis
1386 3366 1444 3412 nu·

283 3469 383 3514 merus
398 3451 546 3514 offendere
561 3469 738 3533 quemquam
754 3457 852 3533 potest
866 3451 897 3511 in
908 3449 956 3512 tali
966 3449 1079 3529 generis
1091 3450 1218 3512 universi
1230 3450 1442 3531 designatione,

284 3554 431 3635 utiturque
446 3554 585 3635 singulari
599 3553 700 3616 Cicero
714 3553 801 3616 etiam
815 3552 891 3615 inira
906 3571 930 3614 c.
946 3551 1001 3625 33,
1017 3550 1072 3613 91ε
1099 3552 1159 3633 qui
1179 3551 1257 3615 sine
1276 3551 1444 3615 manibus

282 3656 483 3738 etpedibus
499 3666 668 3720 constare
688 3657 788 3719 deum
806 3674 916 3736 posse
935 3652 1180 3731 crediderunt,
1200 3654 1250 3717 ubi
1264 3653 1335 3717 item
1348 3653 1442 3718 Hein-

283 3759 395 3823 dorfius
410 3759 552 3840 pluralem
566 3759 678 3841 posuit,
697 3759 735 3822 ab
749 3776 809 3822 uno
825 3756 1026 3836 Glogariensi,
1046 3755 1154 3819 deliciis
1174 3756 1250 3832 suis,
1270 3757 1443 3838 suppedita-

283 3871 355 3925 tum.
386 3862 428 3924 Cl.
448 3871 478 3923 et
498 3881 522 3923 c
544 3860 594 3935 34,
615 3860 656 3924 95
676 3868 705 3922 et
725 3860 776 3935 96,
795 3870 824 3921 et
844 3878 868 3921 c.
891 3858 941 3933 38,
964 3858 1033 3921 106.
1054 3860 1105 3934 tt,
1127 3861 1198 3921 114.
1213 3892 1256 3904 -
1284 3857 1441 3922 Postremo

283 3964 425 4045 quidhoc
439 3971 497 4025 est:
518 3963 791 4043 intelligentiam
812 3979 952 4042 capere,
971 3979 1060 4041 quae
1078 3959 1126 4024 sit
1145 3969 1179 4023 et
1196 3960 1298 4023 beata
1316 3969 1444 4024 natura

282 4075 317 4128 et
330 4063 495 4129 aeterna?
525 4065 636 4127 Hocine
651 4065 708 4128 dici
722 4063 831 4145 potuit,
852 4082 888 4125 er
902 4062 1065 4126 divinarum
1079 4062 1240 4144 imaginum
1260 4063 1441 4145 contempla·

283 4168 362 4230 tione
376 4167 506 4248 intelligi,
526 4186 599 4248 quae
613 4174 716 4229 natum
731 4166 827 4240 beata,
846 4184 920 4247 quae
933 4173 1049 4228 aeterna
1063 4165 1197 4263 habenda
1212 4163 1273 4228 sit?
1298 4165 1442 4247 Equidem

282 4270 420 4343 arbitror,
441 4268 627 4332 beatitudinis
646 4277 676 4331 et
694 4267 871 4331 aeternitatis
890 4268 1016 4349 aliquam
1031 4266 1183 4331 notionem
1199 4268 1260 4331 sire
1278 4268 1442 4349 intelligen-

282 4374 353 4436 tiam
368 4373 466 4436 animo
481 4378 585 4433 nostro
600 4371 658 4433 iam
673 4378 739 4433 ante
755 4379 927 4453 conceptam
943 4390 1008 4434 esse
1023 4380 1168 4452 oportere,
1182 4390 1270 4452 quam
1283 4370 1444 4451 intelligere

282 4474 448 4556 possimus,
470 4473 547 4537 sitne
560 4473 654 4555 aliqua
668 4482 771 4537 natura
785 4492 840 4556 pro
855 4474 940 4537 beata
955 4482 984 4537 et
998 4481 1113 4537 aeterua
1133 4473 1280 4537 habenda:
1300 4474 1372 4537 deos
1386 4471 1442 4554 igi·
