3154 5138
677 471 739 533 347

607 558 660 566 ——-
666 561 675 565 -
700 560 806 567 --.„......

121 670 218 742 paret,
239 670 273 724 ut
286 661 357 721 haec
373 659 473 722 omnia
487 678 503 720 a
518 656 613 720 verbis
632 666 669 718 ut
688 657 779 719 enim
799 676 893 739 usque
913 660 949 721 ad
969 660 1137 723 similiter
1151 661 1284 741 protasia

119 764 247 827 habeant
265 762 446 843 bipertitam,
465 763 496 825 in
512 761 596 824 caius
614 760 703 822 attera
718 768 802 839 parte
817 761 898 824 item
911 753 1096 838 εἷσυνδέτως
1110 782 1165 843 pro
1180 764 1284 826 item-

118 887 186 948 que
202 867 315 929 dictum
330 873 389 937 est,
410 864 549 945 apodosis
570 872 666 927 autem
683 863 802 942 incipiat
820 884 835 926 a
855 865 950 927 verbis
970 866 1140 928 similiter
1158 866 1281 947 igitur,

117 991 196 1052 quae
222 968 349 1050 proinde
368 986 384 1029 a
404 967 607 1047 superioribus
634 983 695 1027 non
720 959 830 1050 τελείᾳ
846 970 979 1052 στιγμῇ,
996 969 1046 1030 sed
1062 969 1178 1032 minore
1192 970 1284 1034 inter-

115 1073 284 1156 punctione
299 1070 503 1149 distinguenda
518 1078 597 1132 sunt
642 1069 776 1130 Ceterum
791 1087 865 1131 usus
880 1070 928 1131 hic
943 1071 1158 1135 coniunctionis
1175 1073 1284 1154 igitur

117 1178 149 1239 in
165 1174 294 1256 apodosi
313 1173 412 1254 paullo
427 1174 521 1235 rarior
534 1181 592 1246 est,
607 1189 703 1252 neque
721 1172 853 1252 exempta
873 1174 936 1234 cius
956 1174 1024 1246 alia,
1044 1194 1131 1255 quana
1149 1196 1165 1237 e
1180 1176 1282 1241 Plauto

117 1289 148 1343 et
161 1277 317 1341 Lactantio
337 1296 354 1339 a
369 1275 542 1339 Porceiiinio
558 1283 587 1336 et
600 1274 714 1337 Handio
729 1277 897 1338 afferuntur.
943 1277 1054 1339 Addam
1068 1279 1158 1358 igitur
1172 1300 1188 1342 e
1203 1281 1283 1345 Cice·

115 1402 193 1446 rone
220 1383 295 1444 haec
320 1381 392 1442 duo:
418 1379 556 1451 alterurn,
576 1378 656 1458 quod
674 1379 785 1458 paullo,
804 1378 879 1440 inira
893 1379 923 1443 in
938 1380 996 1443 hoc
1011 1381 1077 1462 ipso
1091 1383 1166 1445 libro
1181 1394 1283 1457 exstat,

115 1505 181 1566 cap.
204 1481 535 1557 lacunosum,
555 1480 646 1560 quod
667 1481 793 1543 animal
813 1484 922 1556 ew),
941 1485 975 1546 id
995 1484 1213 1549 iiianecesse
1228 1498 1284 1551 est

114 1588 271 1661 sentiat,
287 1586 480 1666 (voluptatem
497 1583 568 1646 dicit
581 1590 610 1644 et
628 1582 793 1661 dolorem),
819 1595 852 1648 et
877 1587 966 1668 quod
994 1607 1031 1651 ea
1057 1589 1188 1652 sentiat
1212 1609 1282 1654 non

114 1699 241 1773 potest
254 1709 336 1752 esse
350 1695 546 1761 aeternum,
564 1694 595 1748 et
616 1704 717 1748 omne
731 1688 860 1752 animai
880 1691 1006 1764 sentit,
1021 1692 1157 1753 natium
1172 1692 1281 1773 igitur

113 1795 170 1858 ani
181 1793 254 1857 mai
274 1801 331 1854 est
349 1800 540 1853 aeternum.
561 1790 589 1851 h.
605 1810 630 1851 e.
647 1790 845 1869 consequitur,
860 1793 972 1855 audura
989 1793 1094 1856 auara]
1109 1814 1174 1856 esse
1190 1804 1282 1859 aeter-

113 1918 200 1961 num.
246 1896 377 1957 aiterum
394 1894 554 1955 dolarent
570 1893 591 1967 i,
607 1892 657 1965 34,
673 1891 728 1953 59:
748 1894 876 1972 quodsi
895 1895 1018 1957 melius
1038 1906 1212 1977 gerantur
1230 1921 1280 1974 ea,

114 2020 204 2082 quae
221 1997 389 2070 consilio,
406 2015 506 2076 quam
522 2014 610 2075 quae
629 1994 704 2057 sine
724 1997 876 2059 consilio
896 1999 1204 2075 administrantur,
1224 2003 1279 2065 ni·
1304 2015 1335 2065 td

112 2106 158 2166 hit
175 2111 298 2166 autern
314 2101 467 2162 omniura
484 2116 600 2161 rerum
616 2097 740 2159 meiius
756 2099 1027 2163 administratur
1048 2122 1147 2182 quam
1164 2106 1278 2168 omnis

114 2207 287 2278 arundus,
309 2203 462 2266 consilio
485 2202 594 2281 igitur
615 2202 767 2263 mundus
789 2202 1065 2267 administratur.
1111 2206 1280 2270 Similitera

112 2309 238 2373 Graecis
259 2295 316 2370 odo
331 2308 361 2369 in
377 2304 501 2387 apodosi
517 2303 646 2385 ponitur,
662 2305 763 2366 saltem
779 2314 850 2385 post
863 2299 950 2381 ἕπετ’,
966 2326 1021 2388 qua
1038 2309 1074 2370 de
1088 2328 1120 2370 re
1136 2310 1192 2372 vid.
1208 2330 1281 2392 quae

113 2412 274 2475 citavimus
294 2411 329 2473 ad
349 2408 495 2472 Plutarch.
512 2408 622 2469 Cieom.
638 2427 667 2488 p.
687 2407 746 2469 189
763 2426 822 2488 sq.,
842 2417 958 2489 etpost
977 2402 1021 2487 εἰ,
1048 2410 1073 2472 si
1091 2430 1152 2474 noa
1168 2414 1279 2477 nudum

111 2504 184 2591 odo,
202 2525 236 2577 at
255 2520 332 2576 certe
352 2502 468 2574 odacar
488 2531 513 2573 s.
535 2501 593 2573 οὒκ
608 2498 676 2586 οὖν,
694 2510 769 2572 velut
787 2511 887 2592 Eurip.
908 2512 975 2575 Tro.
996 2533 1022 2575 v.
1039 2515 1114 2577 423:
1131 2508 1161 2579 εἱ
1181 2513 1229 2601 μή
1250 2510 1279 2581 τ’

110 2611 293 2682 Ἀπόλλων
304 2609 534 2696 ἐξεβάκχευσετ
550 2607 671 2699 φρένας
685 2604 744 2676 οὐκ
757 2600 814 2676 οὖν
825 2604 950 2694 ἀμισθὶ
966 2611 1043 2690 τούς
1064 2610 1163 2697 ἐμοὺς
1180 2637 1279 2702 στρα-

109 2715 263 2805 τηλάτας
278 2713 428 2781 τοιαῖσδε
447 2711 576 2803 φήμαις
595 2709 781 2795 ἐξέπεμπες
797 2706 836 2777 dv
849 2711 981 2795 χθονός.
1025 2719 1066 2780 De
1082 2720 1175 2783 verbis
1192 2742 1279 2803 quae

109 2834 198 2889 snat
214 2823 376 2904 equibus
392 2829 517 2884 cuncta
532 2830 702 2883 constant
715 2819 785 2881 noio
801 2828 940 2900 repetere,
956 2820 1073 2900 quaein
1089 2824 1278 2888 annotatione

108 2931 145 2991 ad
162 2930 194 2990 h.
211 2926 324 2989 idiota
339 2934 417 2987 sunt.

198 3027 426 3110 &paduan
471 3028 538 3089 Vos
564 3034 678 3089 autem
705 3026 752 3087 ita
780 3025 914 3100 dicitis,
941 3042 1076 3089 omnem
1104 3028 1170 3090 rim
1199 3049 1278 3094 esse

109 3137 238 3217 ignem.
284 3132 343 3193 iam
368 3130 554 3193 Heindorfius
577 3129 622 3191 vix
645 3149 677 3191 se
699 3128 831 3191 dubitare
846 3132 1000 3209 protessus
1015 3138 1074 3204 est,
1088 3131 1158 3211 quin
1175 3132 1276 3195 aioero

109 3235 445 3319 scripsissetigneam.
489 3232 520 3294 id
537 3251 592 3312 ego
607 3233 685 3295 hand
705 3240 876 3294 cunctanter
894 3235 1099 3314 reponendum
1120 3236 1196 3298 duri.
1234 3238 1276 3299 ct

107 3362 184 3423 qnae
201 3339 302 3420 paullo
317 3346 385 3401 ante
399 3337 546 3416 leguntur:
573 3335 689 3398 omnia
715 3334 822 3397 vestri
850 3335 968 3398 solent
994 3337 1034 3398 ad
1054 3338 1120 3399 vim
1145 3339 1276 3418 igneam

106 3448 259 3508 reterre.
275 3451 305 3503 et
317 3441 366 3513 tlt
382 3441 411 3513 7,
432 3440 483 3501 18:
500 3438 615 3500 omnia
631 3457 720 3518 quae
735 3457 750 3500 a
767 3445 798 3499 te
815 3437 906 3500 dicta
922 3451 1005 3502 sunt
1019 3440 1059 3501 de
1077 3440 1108 3501 ri
1131 3441 1241 3521 ignea.

196 3547 270 3626 Gap.
286 3544 359 3615 xvt,
375 3545 425 3605 40.
448 3561 567 3604 rerum
583 3542 857 3604 inanimatorum.
902 3543 999 3605 Satius
1011 3550 1072 3604 erat
1086 3544 1209 3607 fortasse
1223 3566 1276 3608 ro-

106 3651 249 3714 cabnlum
271 3647 375 3710 dubiae
394 3644 572 3708 auctoritatis
593 3653 774 3708 commutare
793 3663 859 3706 cum
886 3665 935 3717 eo,
962 3645 1041 3725 quod
1067 3655 1205 3726 quattuor
1230 3657 1280 3710 aut

107 3751 322 3835 quinqueboni
331 3750 446 3812 codices
456 3750 593 3822 offerunt,
608 3748 850 3821 inanimatum,
865 3748 1101 3811 commendatum
1114 3749 1182 3812 iilud
1192 3752 1276 3813 etiarn

106 3879 123 3919 a
139 3855 291 3935 Hadrigio
306 3853 342 3915 ad
358 3852 388 3914 (L
404 3853 440 3914 de
455 3851 539 3913 Pina.
556 3870 585 3932 p.
602 3852 674 3912 541.

195 3958 267 4038 Gap.
284 3956 359 4027 xlx,
376 3955 425 4017 48.
470 3954 568 4016 Circe
582 3962 697 4015 autem
712 3962 744 4014 et
759 3953 934 4035 Pasiphae
953 3963 985 4016 et
1000 3955 1067 4017 dee
1081 3976 1097 4017 e
1112 3955 1277 4019 Perseide

150 4136 336 4145 .„..-—-—
341 4135 416 4143 ...u—-

179 4217 204 4281 2)
224 4218 385 4269 Heindardus
398 4225 424 4270 et
435 4219 553 4272 Moscius
566 4219 589 4270 in
603 4219 642 4270 ed.
655 4218 720 4285 inin,
733 4235 806 4284 quara
818 4218 975 4286 apodaticurn
993 4220 1131 4287 particulae
1144 4237 1215 4272 urum
1229 4238 1276 4270 non

105 4310 289 4368 agnoscerent,
311 4304 478 4371 scripserunt:
503 4306 552 4356 sin
574 4312 677 4356 antem
696 4304 769 4371 qnid
794 4306 908 4356 aniana!
930 4312 978 4355 eat
999 4335 1040 4355 -.
1074 4322 1121 4372 qua
1141 4306 1277 4357 mutatione

106 4406 159 4439 non
182 4406 244 4458 opas
267 4396 315 4438 eat.
354 4390 386 4440 iit
408 4391 511 4443 deberet
533 4391 569 4441 aio
590 4392 665 4443 etiam
688 4396 775 4455 postea
797 4396 828 4441 et
849 4392 928 4457 qnod
951 4406 983 4443 ea
1005 4393 1122 4457 sentit,
1144 4407 1190 4441 non
1208 4406 1277 4443 aen·

106 4477 188 4535 tint,
209 4475 294 4526 scribi.
