3276 5144
708 451 772 519 259

243 639 275 701 P.
292 638 370 713 585,
393 639 449 701 22:
476 641 732 707 Commemoratur
757 645 926 709 Heraclidae
950 647 1096 710 sententia
1120 648 1156 710 de
1181 643 1318 710 adverbio

158 728 300 819 αύτως,
332 732 376 817 dg
402 738 487 806 κατά
516 739 663 830 στέρησίν
689 740 762 809 ἐστι
790 750 852 811 τοῦ
879 740 1032 824 ισύτως.
1076 744 1317 813 8ου11).ἒιιτου

157 833 294 920 άούτως.
468 906 472 912 .

241 946 274 1008 Ρ.
292 947 364 1026 589,
380 949 430 1013 20.
475 949 518 1013 Ne
536 970 639 1014 secum
653 953 715 1035 ipse
730 958 874 1035 pugnaret
884 954 1066 1035 Apollonius,
1087 962 1118 1018 et
1137 955 1194 1019 hoc
1208 954 1274 1019 loco
1288 963 1320 1018 et

156 1067 186 1130 p.
208 1049 281 1123 594,
297 1049 316 1111 3
332 1052 519 1115 scribendum
535 1054 590 1117 ruit
605 1041 743 1129 σῖκονδέ,
764 1072 826 1118 non
842 1042 980 1120 οἶκόνδε.
1002 1056 1067 1119 vid.
1082 1078 1111 1141 p.
1128 1058 1200 1133 594,
1216 1056 1266 1133 23,
1287 1064 1319 1120 et

156 1151 235 1214 coni.
250 1153 354 1216 Lehrs.
370 1156 501 1229 Quaestt.
519 1176 565 1239 ep.
581 1176 610 1238 p.
627 1157 678 1219 42.
1432 1170 1436 1176 “

241 1255 275 1318 Ρ.
291 1257 363 1333 591,
378 1259 413 1319 4;
433 1256 559 1338 μᾶλλον
578 1249 617 1323 άν
638 1279 691 1334 τις
714 1255 941 1343 παραδέξαιτο
963 1256 1003 1324 τά
1023 1256 1094 1325 τόδ
1101 1282 1117 1325 ε
1138 1255 1197 1325 ἐπὶ
1217 1279 1317 1325 τοττι·

156 1358 223 1418 κῶν
237 1351 480 1445 ἐπιρρημάτων.
504 1362 662 1446 Scripsisse
670 1362 858 1444 Apollonium
874 1365 960 1427 credo
976 1357 1036 1428 tat
1049 1359 1159 1429 τύπου
1160 1358 1318 1452 ,ἐπιρρη-

157 1480 312 1541 ματιιιως.

241 1564 274 1626 Ρ.
291 1566 413 1640 594,;5
436 1559 541 1651 qdod
560 1563 620 1628 τοῦ
641 1569 678 1635 d'}
700 1562 893 1652 παραγωγή,
917 1559 976 1630 ούκ
999 1556 1083 1633 ούσα
1105 1565 1317 1656 συνύεσμική,

157 1654 344 1751 α’ποηνεύμει
373 1665 432 1753 τήν
458 1665 518 1732 τοῦ
543 1662 725 1749 συνδέσμου
753 1665 915 1747 σύνταξιν.
959 1671 1055 1735 Immo
1081 1693 1141 1756 την
1161 1670 1220 1735 τοῦ
1241 1690 1318 1737 συν-

157 1762 281 1850 δέσμου
302 1763 418 1850 τάσιν,
440 1780 475 1834 ut
495 1779 566 1835 etv.
584 1771 617 1835 8:
648 1764 853 1853 μεθίσταται
875 1773 934 1858 τῆς
955 1769 1080 1850 τάσεως
1101 1776 1163 1838 τοῦ
1183 1778 1221 1862 ᾗ
1242 1794 1317 1840 συν-

159 1864 290 1951 ύὲσμου.

244 1975 278 2036 Ρ.
294 1975 366 2051 595,
383 1977 415 2037 2:
461 1973 479 2039 d
502 1970 543 2041 τέ
563 1968 624 2039 eds
646 1970 783 2041 ἐδύνατο
805 1974 1144 2061 παραλαμβάνεσθαι,
1166 1974 1244 2044 ἐπεὶ
1257 1974 1317 2045 eds

159 2068 368 2142 αύτοτύλειαν
391 2071 545 2142 άπαιτάν
560 2072 669 2160 ἕτερον
683 2073 782 2161 λόγον
796 2071 928 2165 ἀπῄτει.
962 2081 1020 2144 Pro
1042 2074 1205 2157 ἀπαιτῶν,
1228 2085 1317 2146 verbo

157 2181 258 2263 inepto
286 2190 317 2245 et
340 2201 393 2266 per
421 2200 553 2245 emonem
580 2181 690 2245 librarii
715 2202 732 2244 e
757 2184 893 2264 sequenti
918 2173 1043 2268 άπῄτιι
1069 2184 1163 2260 illato,
1192 2187 1316 2250 fortasse

157 2277 370 2365 παριστάνων
391 2284 578 2347 scribendum
599 2290 652 2348 est.
688 2285 763 2349 Nam
779 2286 858 2368 quod
872 2286 1060 2349 doctissimus
1072 2287 1317 2353 Fricdlaenderus

157 2390 311 2471 proposuit
332 2387 480 2464 (Nicanor.
496 2407 525 2470 p.
542 2389 585 2462 7),
608 2380 788 2462 ἀποτελῶν,
811 2389 847 2451 de
863 2388 959 2452 verbis
974 2391 1011 2452 ad
1025 2390 1231 2472 perficiendam
1246 2410 1317 2454 sen·

157 2493 279 2554 tentiam
298 2492 471 2555 necessariis
486 2492 608 2563 dicitur,
628 2494 706 2554 vetut
720 2493 757 2555 de
772 2499 883 2555 constr.
901 2493 951 2565 111,
967 2495 986 2554 7
1001 2514 1031 2578 p.
1048 2494 1120 2570 210,
1137 2495 1172 2572 93
1192 2497 1229 2558 de
1244 2513 1317 2557 con·

155 2595 304 2658 iunctione
323 2613 386 2657 non
400 2595 571 2677 perficiente
587 2595 639 2658 sed
654 2596 810 2677 copulante
824 2597 985 2660 sententias
1000 2615 1104 2660 vereor
1117 2604 1152 2660 ut
1166 2606 1246 2662 recte
1260 2598 1318 2662 dici

178 2698 259 2759 ossit.

156 2717 176 2780 p
241 2798 274 2861 P.
291 2800 363 2874 601,
381 2801 435 2863 19:
463 2795 566 2886 φησὶν
587 2785 644 2864 ούν
665 2792 684 2862 ὁ
711 2793 850 2887 Τρύφων
872 2793 1054 2887 ἷύιαύτερον
1068 2793 1170 2877 (dccci
1186 2798 1245 2865 διά
1258 2804 1319 2869 τοῦ

156 2920 275 2986 τερος
309 2898 518 2985 πρωτότυπα
552 2899 612 2967 διά
637 2904 699 2966 τού
723 2905 750 2970 ὦ
772 2898 969 2985 παράγεται.
1014 2906 1073 2968 Aut
1100 2908 1320 2988 transponenda

155 3006 243 3068 verba
257 2997 303 3080 ὥς
325 2998 513 3088 idiotaeque,
535 3015 587 3070 aut
604 3006 794 3069 scribendum
815 2997 1004 3091 ἶύιαιτέρως
1027 3043 1067 3053 -
1088 3004 1318 3091 παράγεσθαι.

154 3108 229 3171 Nam
255 3109 313 3170 hcc
337 3108 410 3171 dixit
434 3109 565 3190 Trypho,
592 3110 737 3191 singulare
764 3128 828 3171 esse
848 3114 882 3171 ut
902 3109 927 3171 si
947 3130 984 3172 ex
1007 3111 1153 3174 vocabulis
1174 3114 1205 3174 in
1225 3132 1318 3193 τερος

155 3210 330 3275 exeuntibus
355 3211 490 3274 adverbia
514 3230 568 3294 per
588 3212 650 3274 θεν
669 3213 908 3287 deflecterentur‚
931 3213 1039 3275 vocalis
1060 3221 1075 3281 ὁ
1095 3216 1317 3296 produceretur.

153 3303 333 3397 Ἰὁιαίτρον
343 3333 397 3395 pro
410 3306 598 3392 ἰδιαιτέρως
610 3322 655 3377 est
666 3315 755 3377 etiam
768 3334 796 3398 p.
804 3314 876 3389 605,
889 3316 942 3379 15:
957 3307 1138 3402 ἰδιαίτερον
1149 3311 1317 3402 ἐβαρύνθη

154 3412 196 3480 τά
219 3411 393 3483 οἴκοθεν
413 3414 469 3480 καὶ
491 3408 676 3481 άλλοθεν.

241 3519 449 3593 Ρ.602,14;
489 3513 548 3582 soi
570 3513 662 3595 ἐπεί,
691 3513 738 3594 ὦς
759 3513 949 3604 πρόκειται,
977 3513 1012 3582 ἐν
1036 3516 1086 3603 τῷ
1107 3520 1318 3608 πρωτοτύπηι

157 3612 216 3681 ἐάν
235 3639 273 3681 τε
292 3608 453 3706 μόνονῇ,
475 3615 532 3683 ἐάν
545 3641 582 3684 τε
596 3620 655 3684 σύν
669 3614 771 3706 ετέρῳ
786 3617 958 3707 φωνήεντι,
982 3616 1197 3707 φυλάσσεται.
1231 3624 1320 3687 Deest

156 3719 245 3785 huius
264 3723 344 3784 verbi
363 3721 527 3785 subiectum
548 3742 644 3804 neque
664 3745 681 3786 e
701 3725 851 3807 superiore
876 3733 1015 3788 contextu
1039 3724 1190 3789 subaudiri
1210 3734 1318 3807 potest

158 3824 282 3906 Scripsit
305 3825 491 3906 Apollonius:
520 3822 559 3888 τὸ
584 3820 620 3889 ἒν
644 3823 694 3911 τῷ
720 3822 931 3913 πρωτοτύπηι
961 3849 995 3902 ο,
1024 3839 1076 3894 nut
1103 3826 1143 3892 τά
1173 3849 1193 3892 ο
1218 3826 1257 3894 τύ
1285 3823 1321 3894 te

155 3928 206 4012 τῷ
227 3949 333 4013 πρωτ

243 4030 276 4095 Ρ.
290 4031 361 4105 604,
379 4032 432 4093 14;
448 4029 594 4113 Loquitur
608 4031 645 4094 de
656 4025 803 4111 πωμαλα
814 4052 904 4096 sensu
918 4036 1051 4115 negandi,
1067 4036 1319 4116 quemadmodum

158 4132 246 4194 ctiam
263 4125 374 4195 πύθευ
396 4133 636 4214 interrogativum
658 4134 747 4197 verbo
767 4136 963 4218 postpositum
979 4137 1055 4220 apud
1070 4138 1182 4200 Atticos
1197 4156 1251 4219 pro
1266 4156 1321 4201 ne·

158 4235 274 4315 gatione
288 4245 465 4319 usurpetur:
495 4230 646 4320 ἔγραψας
660 4232 783 4313 πόθεν,
806 4230 890 4318 ὅπερ
905 4234 990 4301 κατά
1004 4235 1063 4322 την
1084 4234 1241 4323 τοιαύτην
1262 4257 1321 4325 ση-

157 4329 283 4417 μασίαν
294 4332 336 4400 τὸ
355 4333 414 4400 πά
419 4335 527 4418 μαλα
547 4332 623 4413 ἐστι,
636 4333 728 4419 παρὰ
743 4331 984 4416 τοῖςἍττικοῐς
998 4338 1084 4403 κατὰ
1098 4338 1138 4404 τά
1154 4339 1320 4404 πλεῖστον.

158 4438 322 4502 ΙΙεΙεΙΙνιιιυ
345 4432 429 4525 ὅπερ
451 4442 522 4523 quid
537 4442 592 4505 sihi
606 4442 676 4507 vetit
689 4441 720 4504 in
734 4440 791 4505 hoc
805 4450 955 4517 contextu,
970 4462 1058 4507 nemo
1073 4444 1188 4509 duent
1230 4444 1322 4526 igitur

1055 4542 1117 4605 17*
