3222 5148
684 471 834 569 Q

177 662 248 724 item
263 679 369 743 param
384 658 493 722 usitato
507 675 561 721 nec
575 656 633 721 nisi
646 658 722 740 apad
738 658 944 740 grammaticos
959 667 1073 723 serrato
1089 655 1242 741 pagatim)
1251 663 1280 741 4)
1294 660 1338 725 sio

177 757 348 847 αγεραΐζω
370 738 539 842 γεραῗστός
560 769 611 822 aut
624 762 856 824 coalescentibus
871 762 1017 825 voeaiibus
1033 759 1205 845 yepurocdg
1225 764 1336 828 factam

177 873 231 928 est.
275 864 370 938 Qum
391 862 429 924 ob
449 880 566 926 musam
586 870 685 926 autem
702 864 842 926 Geraesto
864 865 906 926 iiii
924 865 1022 926 bonor
1042 864 1171 939 babitus,
1198 873 1229 927 et
1242 867 1336 948 qualis
1382 922 1388 933 .

179 968 243 1029 eius
258 966 301 1029 vis
312 985 346 1028 ac
360 974 462 1029 natura
478 966 538 1027 risa
553 965 598 1038 sit,
615 966 778 1029 accuratius
794 986 809 1029 a
825 968 911 1029 nobis
926 967 1039 1030 detiniri
1053 985 1142 1029 nemo
1159 969 1334 1048 postulabit:

175 1086 277 1131 veram
304 1068 361 1131 boc
379 1067 484 1130 saltem
509 1086 649 1149 apparere
673 1068 867 1140 arbitramur,
893 1087 1004 1131 namen
1030 1070 1093 1132 eius
1118 1070 1259 1133 intestam
1281 1071 1335 1133 ba·

176 1171 272 1235 bitum
303 1170 538 1252 placandamque
570 1170 725 1250 aliquando
758 1170 904 1233 sacrificiis
938 1188 998 1232 non
1031 1171 1128 1233 solam
1159 1174 1189 1233 in
1218 1173 1336 1237 Euboea

176 1274 228 1337 sed
260 1273 347 1335 etiam
378 1272 410 1334 in
439 1273 533 1335 Attica
563 1272 659 1336 visam
689 1291 763 1335 esse.
797 1306 840 1317 -
875 1273 1008 1336 Alterum
1037 1277 1134 1336 cattus
1163 1274 1336 1356 Cyclopibas

174 1375 305 1458 praestiti
320 1375 497 1457 exemplant,
519 1391 580 1436 non
599 1375 767 1438 fabulosam
787 1374 858 1437 ittad
879 1376 931 1438 sed
951 1384 1031 1438 certa
1051 1394 1151 1439 rerum
1172 1377 1228 1438 tide
1243 1377 1334 1440 tredi-

175 1486 251 1550 tam,
271 1479 347 1559 apud
362 1476 538 1539 Pausaniam
554 1485 643 1547 extat,
665 1477 715 1557 qai
733 1497 787 1541 aaa
801 1477 898 1540 adbuc
911 1482 1007 1540 aetate
1021 1497 1102 1540 aram
1117 1479 1290 1560 Cydopibus
1305 1481 1335 1541 in

174 1580 285 1643 istbrno
310 1587 510 1644 consecratam
535 1598 600 1641 esse
621 1590 775 1653 memorat,
797 1580 828 1642 ia
849 1598 942 1660 eaque
963 1599 1044 1642 sacre
1067 1580 1123 1643 iliis
1145 1582 1335 1644 atlorintbiis

174 1683 304 1757 fieri.²⁸)
344 1682 446 1763 Neque
461 1681 640 1755 errabimus,
658 1682 772 1763 opinor,
792 1681 951 1745 sitoniam
967 1683 1015 1745 bis
1029 1684 1223 1763 adiungamus
1237 1683 1334 1746 bono-

174 1802 238 1848 rem
254 1804 270 1846 a
285 1783 488 1866 Trapezuntiis
502 1784 534 1846 in
548 1784 671 1847 Arcada
692 1785 865 1866 fulguribus,
881 1785 1016 1867 proastiis
1031 1793 1061 1846 et
1075 1785 1234 1848 tonitribus
1250 1785 1334 1849 bebi-

174 1894 250 1959 tam,
267 1885 333 1948 ticet
344 1903 406 1947 non
416 1885 557 1966 Cyclopes
567 1887 603 1948 ab
619 1887 675 1949 iliis
687 1887 739 1949 sed
752 1888 888 1968 Gigantes
899 1888 1026 1950 invocati
1038 1906 1104 1949 esse
1115 1889 1333 1967 videantustt)

175 2006 235 2069 quo
259 1988 380 2050 nomine
405 1988 495 2050 etiarn
510 1987 651 2070 Cyclopes
677 1989 889 2071 comprehendi
914 1989 1045 2069 potuisse
1066 1990 1257 2053 manifestum
1278 1998 1332 2052 est

173 2089 328 2153 Arcadiam
348 2095 448 2152 autem
469 2091 579 2171 pariter
598 2100 686 2170 atque
705 2091 837 2172 Lyciam,
861 2091 940 2152 ande
959 2090 1099 2174 Cyclopes
1119 2091 1263 2173 Tiryatbii
1284 2111 1332 2154 ar·

176 2193 275 2257 oessiti
290 2190 471 2266 dicebantur,
487 2192 556 2256 olim
574 2185 755 2276 Fryuvridu
777 2199 909 2255 vocatam
925 2212 992 2254 esse
1006 2193 1171 2266 audimus,²
1181 2195 1209 2272 ἶ)
1231 2203 1334 2275 utpote

173 2316 190 2360 a
206 2295 379 2375 Gigantibus
394 2294 565 2369 habitatam,
587 2313 714 2377 qaorum
730 2313 808 2358 anas
823 2294 1025 2376 Hopiodamas
1040 2295 1071 2356 in
1086 2296 1232 2359 Arcadum
1247 2296 1333 2358 faba-

172 2398 209 2462 lis
229 2397 429 2461 celebrabatur
447 2408 570 2480 propter
589 2398 730 2461 santiam
746 2398 843 2463 Rheae
862 2397 1036 2479 parturienti
1057 2395 1216 2474 lutumst)
1259 2399 1333 2461 Nam

172 2518 265 2583 qaum
281 2499 329 2562 iila
343 2498 445 2563 Jorem
461 2500 581 2562 eniaara
595 2500 630 2561 ad
647 2509 782 2563 montem
797 2500 1008 2563 Thaumasium
1029 2518 1121 2582 prope
1137 2499 1333 2582 Methydrium

174 2622 206 2667 se
221 2602 402 2676 contulisset,
418 2611 594 2666 conuocatos
609 2621 674 2666 esse
689 2603 726 2666 ab
740 2603 924 2685 Hoptodamo
940 2603 1088 2685 Gigantes,
1105 2604 1155 2684 qai
1171 2604 1334 2666 Saturnum

172 2704 269 2787 partui
294 2704 481 2767 insidiantem
506 2711 641 2767 arcerent
669 2724 704 2768 ac
729 2706 913 2788 repellerent.
958 2705 1020 2768 Hor
1045 2706 1186 2769 auritium
1210 2714 1332 2789 apparet

172 2825 262 2890 mam
282 2807 378 2869 simile
400 2807 439 2868 sit
458 2807 599 2870 Curetum
625 2809 802 2882 ministerio,
831 2827 905 2889 quos
925 2807 1110 2871 Cretensium
1135 2808 1250 2871 sabatae
1269 2808 1334 2871 iovi

171 2926 275 2974 recens
290 2918 360 2973 nato
375 2911 513 2972 custodes
535 2919 752 2991 apposuerunt:
776 2912 833 2973 bos
852 2919 951 2973 autem
975 2928 1043 2973 eum
1065 2910 1241 2992 mptboiogis
1261 2911 1334 2973 doc·

170 3012 294 3075 tissimis
313 3011 427 3075 Lauero
448 3021 479 3074 et
497 3010 688 3088 Preltero⁸⁰t
714 3013 809 3075 nubes
833 3012 996 3093 significare
1016 3012 1147 3075 dicemus
1168 3013 1281 3074 taimen
1300 3031 1335 3076 ac

170 3116 300 3178 tonitrua
320 3114 494 3189 iaculantes,
523 3133 582 3195 qao
607 3115 764 3197 puerulum
784 3117 887 3178 iovem
909 3116 945 3177 ab
965 3115 1136 3179 adversariis
1158 3116 1332 3178 retendant:

171 3237 247 3301 qaae
271 3216 445 3297 significatio
464 3225 647 3298 quantopere
668 3217 757 3280 etiam
772 3217 933 3281 Arcadibus
953 3218 1011 3280 ittis
1025 3219 1198 3300 Gigantibus
1220 3236 1332 3281 conve-

169 3321 232 3383 niat
246 3319 370 3402 quilibet
382 3337 436 3382 saa
451 3328 557 3400 sponte
571 3318 715 3400 intelligit
733 3356 772 3366 -
787 3320 854 3383 Non
869 3323 969 3383 minas
983 3330 1083 3384 autem
1099 3321 1184 3383 facile
1197 3322 1234 3383 nd
1245 3321 1333 3383 intei-

166 3417 324 3502 iigendam
340 3427 393 3495 est
411 3438 500 3503 mam
516 3423 654 3504 proclivis
668 3440 752 3485 error
767 3423 913 3485 veteribus
928 3423 998 3505 ipsis
1013 3424 1112 3499 faerit,
1128 3433 1162 3487 ut
1177 3425 1332 3488 obscurata

169 3527 334 3607 priscarum
355 3525 392 3588 de
412 3524 592 3607 Gigantibus,
612 3525 767 3589 Curetibus
789 3525 992 3605 similibusque
1011 3528 1146 3606 personis
1165 3527 1332 3590 &baiarum

239 3774 280 3837 24)
299 3775 410 3847 iiasyeb.
426 3795 448 3831 s.
466 3794 490 3831 v.
507 3775 665 3849 repeteret,
682 3779 805 3847 τιμᾶται.
829 3778 915 3848 Etym,
933 3778 967 3831 Μ.
984 3794 1008 3845 p.
1027 3777 1090 3844 227,
1109 3779 1150 3831 tt.
1174 3778 1332 3848 Γεραιστός,

170 3855 344 3930 ἀκρωτήριον
360 3858 492 3928 Εὐβοίας,
508 3860 585 3932 ἱερὸν
597 3863 789 3922 Ποσειδῶνος·
814 3861 892 3931 παρὰ
911 3861 944 3916 τὸ
956 3862 987 3917 ds
998 3861 1074 3932 αὐτῷ
1086 3868 1271 3937 γεραίρεσθαι
1282 3862 1333 3919 τὸν

170 3942 351 3999 Ποσειδῶνα·
364 3945 442 4019 παρὰ
455 3945 486 3997 rb
498 3948 579 4016 yapoi,
590 3946 705 4019 papatu,
717 3946 861 4019 γερασιός.

238 4031 281 4093 25)
301 4030 406 4085 Pansae.
419 4031 448 4093 li,
462 4032 486 4099 2,
498 4032 522 4084 2.

238 4117 281 4181 id)
298 4119 358 4171 Vid.
371 4116 407 4170 la.
421 4116 486 4183 var,
498 4116 541 4183 22,
555 4117 577 4168 t.

237 4201 281 4269 tt)
298 4203 385 4270 Stepb.
398 4204 460 4274 Byr.
472 4219 495 4256 s.
505 4219 529 4255 v.
543 4198 654 4276 Ἀρκέςε
662 4199 766 4270 e'xlq'dq
775 4203 807 4259 dd
816 4206 862 4259 sati
871 4209 1033 4261 Λυκαονία·
1045 4207 1075 4259 οἱ
1084 4206 1114 4261 dd
1123 4209 1169 4261 arrd
1180 4209 1331 4278 Prynarldu

173 4292 271 4357 φασίν.

239 4373 283 4438 ts)
300 4372 477 4438 Pausanvlil,
492 4375 532 4439 32,
545 4376 570 4427 5.
580 4372 623 4438 tt,
636 4375 659 4425 2.
677 4374 782 4428 Delove
794 4377 934 4430 indecadia
944 4386 1002 4431 nato
1013 4377 1191 4444 stupuere.
1202 4378 1223 4431 ii
1233 4397 1257 4447 p.
1268 4379 1326 4433 tta.

238 4457 281 4523 29)
297 4458 355 4513 Vid.
367 4459 460 4513 bauer.
472 4460 583 4531 system.
596 4461 620 4514 d.
632 4462 726 4529 gatset.
739 4461 847 4532 ttyast
859 4479 883 4531 p.
894 4463 953 4516 189.
975 4463 1085 4516 heder.
1098 4464 1179 4533 tagre
1191 4464 1201 4516 l
1213 4481 1237 4531 p.
1250 4464 1293 4518 86.
