3178 5136
850 461 911 527 192

306 671 397 735 quum
417 652 554 715 deberent
571 650 647 714 inter
664 670 697 713 se
717 649 802 713 amici
820 669 901 725 esse,
927 650 1050 713 alienato
1070 658 1099 713 et
1118 650 1226 714 infesto
1245 650 1344 713 animo
1364 650 1452 714 erant

305 755 462 836 Eritigitur
468 754 575 818 νοσεῖν
588 753 636 816 hic
650 771 767 833 quoque
781 751 859 814 idem
874 756 933 816 lere
948 753 1027 834 quod
1042 746 1231 829 στασίαζειν
1243 755 1287 816 vel
1302 749 1456 834 διχοοια-

304 859 373 919 τεῖν
386 876 412 919 v.
430 858 484 933 15;
504 856 753 938 quemadmodum
771 855 1005 935 frequentissime
1023 856 1081 918 hoc
1094 855 1215 918 verbum
1233 856 1371 936 usurpari
1386 855 1454 917 satis

305 968 428 1022 constat.
467 960 529 1021 Vid.
545 978 619 1040 quae
632 959 787 1020 laudantur
801 976 818 1019 a
832 957 956 1020 llaehrio
971 956 1007 1020 ad
1022 957 1168 1020 Plutarch.
1183 957 1365 1039 Philopoem.
1381 977 1409 1037 p.
1424 957 1455 1019 6.

309 1058 360 1123 Td
375 1055 519 1147 φίλτατα
538 1068 635 1124 autem
653 1061 689 1122 de
706 1060 759 1137 iis,
784 1062 834 1142 qui
854 1080 886 1122 se
906 1059 1028 1122 invicem
1043 1077 1140 1122 amare
1160 1058 1316 1135 dehebant,
1342 1060 1455 1122 etiamsi

304 1184 392 1245 quam
412 1165 538 1227 maxime
556 1164 654 1226 infesti
674 1163 745 1236 sint,
766 1164 869 1226 eodem
891 1162 981 1224 modo
1003 1162 1109 1224 dicitur
1130 1169 1162 1223 ut
1180 1162 1322 1224 Androm.
1337 1180 1363 1222 v.
1381 1160 1454 1223 tto:

306 1262 365 1328 διδ
379 1260 482 1351 φόνοα
499 1258 532 1328 d'
546 1256 580 1328 oi
599 1257 758 1351 φίλτατοι
770 1266 940 1348 χωροῦσιν.
984 1265 1089 1326 Aescu.
1105 1262 1176 1326 Cho.
1193 1264 1269 1328 228:
1283 1258 1361 1338 τούς
1375 1258 1455 1349 φιλ·

303 1362 424 1443 νείκους
437 1365 499 1451 γάρ
515 1356 593 1431 οἶδα
606 1364 671 1452 νῷν
685 1357 783 1442 ὄντας
797 1360 947 1453 πικρούς.

388 1506 421 1566 V.
436 1507 478 1567 44
493 1505 742 1587 speciosissimam
756 1505 861 1567 blureti
875 1504 1071 1566 coniecturam

649 1631 742 1704 οίίτοι
756 1633 882 1726 ῥᾳδίως
896 1659 933 1722 γε
946 1632 1121 1720 συμβαλών

503 1734 627 1826 ἔχθραν
639 1762 693 1818 τις
708 1733 791 1829 αὐτῇ
805 1735 994 1805 καλλίνικον
1008 1731 1148 1827 ᾅσεται

303 1899 359 1961 pro
375 1880 508 1943 codicum
529 1879 674 1960 scriptura
689 1869 820 1940 οίσεται
833 1878 962 1941 Porsoni
981 1877 1114 1958 exemplo
1134 1896 1150 1939 a
1171 1877 1274 1939 ceteris
1294 1876 1456 1939 editoribus

302 1989 447 2061 receptam
463 2000 540 2044 unus
555 1980 633 2061 quod
650 1980 742 2041 seiam
756 1979 906 2060 Plluglruis
921 1980 1094 2061 repudiavit:
1111 1989 1139 2041 et
1153 1987 1239 2053 recte,
1254 1998 1321 2041 meo
1336 1978 1455 2041 iudicio.

301 2083 485 2164 Quamquam
495 2084 574 2163 quod
588 2082 637 2153 hic
649 2082 814 2162 exemplum
828 2082 911 2143 allent
921 2082 958 2143 ad
971 2081 1154 2162 probandam
1164 2080 1365 2161 loquutionem
1375 2077 1456 2142 καλ-

302 2177 426 2247 λίνικον
439 2178 620 2270 φίρεσθαι,
639 2183 758 2245 Pindar.
778 2182 861 2244 Nem.
876 2182 924 2257 lll,
944 2183 1001 2244 27:
1030 2177 1252 2262 καματωδέων
1271 2178 1309 2244 δὲ
1326 2179 1458 2263 πλαγᾶν

302 2278 382 2362 δίκας
395 2278 531 2371 ὑγιηρὸν
545 2277 580 2347 ἔν
593 2305 630 2368 γε
643 2279 833 2369 βαθνπέδῳ
848 2281 962 2369 Νεμέᾳ
975 2281 1014 2347 τὸ
1026 2278 1214 2348 καλλίνικον
1228 2279 1333 2370 φέρει,
1348 2284 1454 2364 possit,

301 2389 353 2467 qni
377 2387 551 2468 pertinacius
578 2386 670 2448 obniti
694 2386 772 2459 velit,
797 2385 1017 2466 interpretando
1043 2406 1201 2449 removere.
1244 2386 1356 2449 Licebit
1376 2386 1457 2448 enim

301 2489 477 2567 coniungere
484 2478 565 2562 δίκος
571 2482 611 2549 cd
617 2479 810 2563 καλλίνικον,
818 2487 959 2550 medelum
965 2488 1050 2551 illom
1056 2489 1233 2569 praeclarae
1242 2489 1417 2550 victora'oeh.
1426 2507 1455 2549 e.

301 2608 374 2671 quae
388 2596 502 2653 constat
515 2588 661 2669 praeclara
675 2588 807 2663 victoria,
830 2607 888 2669 qua
906 2592 1022 2654 ratione
1034 2591 1163 2653 admissa
1176 2608 1237 2652 non
1249 2590 1306 2651 iam
1320 2585 1361 2651 τὸ
1374 2586 1455 2651 καλ-

300 2689 426 2754 λινικον
440 2691 490 2753 sed
507 2680 587 2765 δίκας
601 2709 618 2751 a
632 2689 721 2751 uerbo
737 2684 833 2775 φέρει
847 2691 968 2772 pendet,
983 2710 1078 2771 neque
1092 2691 1161 2759 illud
1176 2691 1348 2753 substantivi
1362 2692 1457 2753 instar

301 2801 355 2866 est,
378 2793 431 2856 sed
446 2793 616 2855 adiectisum
632 2791 812 2854 substantivo
832 2793 973 2856 iunctum.
1018 2794 1076 2855 Sed
1090 2803 1136 2855 est
1150 2801 1247 2855 tamen
1261 2793 1308 2855 illa
1321 2793 1454 2873 loquutio

300 2895 460 2967 eiusmodi,
476 2912 549 2975 quae
563 2893 627 2974 ipsa
642 2912 675 2955 se
690 2894 775 2956 etiam
795 2895 860 2957 sine
874 2895 1013 2976 exemplis
1033 2895 1115 2957 lacile
1135 2902 1262 2957 tueatur:
1288 2914 1335 2956 me
1355 2904 1455 2957 etitem

299 3005 333 3058 nt
348 2987 477 3060 οίσεται
491 2996 665 3057 servandum
680 2987 814 3071 iudicem,
831 3014 891 3059 non
907 2998 1002 3059 solum
1011 2996 1146 3059 codicum
1159 3014 1322 3059 consensus
1332 3015 1453 3077 permo-

299 3105 356 3172 vet,
372 3096 423 3159 sed
437 3097 510 3159 baec
525 3115 641 3178 quoque
655 3098 739 3174 ratio,
753 3099 832 3177 quod
847 3091 1034 3162 καλλίνικον
1048 3090 1142 3184 ᾄδειν
1155 3116 1217 3161 non
1232 3097 1324 3177 ipsius
1335 3099 1455 3162 victorie

300 3218 367 3261 esse
381 3197 519 3272 arbitror,
546 3199 598 3261 scd
619 3217 722 3261 eorum
737 3201 786 3280 qni
805 3200 956 3264 uictoriam
976 3202 1002 3263 ei
1021 3201 1215 3282 gratulantur,
1244 3199 1457 3275 concelebrant,

299 3300 425 3363 laudant.
450 3299 489 3361 lta
497 3299 581 3362 lierc
589 3301 621 3362 F.
630 3312 663 3361 u.
676 3301 753 3363 689:
768 3297 828 3363 τὰν
838 3294 1038 3386 Ἡρακλέους
1051 3297 1239 3367 καλλίνικον
1253 3294 1356 3364 ἀείσω
1370 3298 1457 3381 μολμ

299 3395 369 3464 noir
388 3400 495 3463 chorus
516 3401 585 3463 dicit
603 3401 736 3464 llerculls
755 3403 891 3467 victorias
910 3404 1119 3477 celebraturus,
1144 3412 1174 3466 et
1195 3405 1301 3468 Electr.
1326 3423 1353 3464 ν.
1375 3402 1455 3466 866:

298 3494 368 3565 ἀλλ’
382 3496 522 3566 ἐπάειδε
540 3495 726 3567 καλλίνικον
746 3497 836 3589 ᾠδὰν
854 3499 924 3591 ἐμῷ
936 3504 1039 3590 χορῷ,
1065 3506 1228 3569 exhortatio
1248 3515 1294 3569 est
1314 3505 1397 3568 chori
1417 3506 1456 3567 ad

298 3607 498 3669 celebrandam
514 3605 626 3668 Orestis
646 3605 683 3669 de
702 3606 839 3687 Aegistho
858 3607 1018 3669 uictoriam.
1062 3608 1162 3689 Neque
1183 3607 1262 3688 quod
1277 3607 1361 3669 llerc
1376 3608 1410 3669 F.
1427 3627 1456 3670 v.

301 3708 361 3771 180
376 3708 412 3771 de
427 3708 550 3770 Hercule
574 3707 683 3770 dictum
710 3715 756 3769 est
776 3703 834 3771 τὸν
858 3701 1046 3771 καλλίνικον
1069 3705 1153 3789 μετὰ
1177 3706 1268 3773 θεῶν
1290 3703 1458 3789 ἐκώμασε,

299 3809 456 3891 quidquam
473 3811 565 3871 lacere
578 3816 678 3890 potest
691 3809 727 3871 ad
743 3810 917 3872 contramam
931 3810 1103 3873 sententiam
1116 3810 1308 3892 probandam.
1336 3812 1459 3893 Quippe

298 3912 374 3975 aliud
397 3903 467 3997 ᾠδή
489 3920 546 3986 est,
571 3910 647 3974 aliud
669 3907 778 3990 κῶμος
799 3904 997 3987 καλλίνικος,
1027 3930 1136 3992 pompa
1158 3920 1280 3992 propter
1301 3912 1460 3976 victoriam

298 4013 396 4088 ducta,
411 4013 441 4075 in
456 4033 513 4094 qua
527 4012 639 4075 etiamsi
654 4020 807 4074 cantantur
818 4012 896 4074 haud
912 4011 1000 4074 dubie
1016 4004 1104 4095 ᾠδαὶ
1117 4006 1315 4086 καλλίνικοι,
1330 4022 1459 4076 cantau-

297 4122 347 4176 tur
361 4122 459 4176 tamen
473 4133 536 4178 non
550 4116 586 4177 ab
601 4115 668 4196 ipso
683 4114 806 4185 victore,
827 4112 878 4174 sed
894 4131 909 4175 a
925 4114 1130 4176 comitantibus
1145 4115 1315 4177 cantoribus
1330 4133 1365 4177 ac
1380 4117 1460 4179 cho-

297 4216 398 4277 reutis.
442 4215 509 4276 Non
534 4216 626 4294 magis
652 4216 711 4277 huc
731 4213 857 4294 pertinet
875 4215 958 4277 locus
977 4215 1014 4277 ab
1033 4214 1169 4278 llimsleio
1190 4215 1323 4278 laudatus
1338 4217 1460 4280 Phoen.

298 4334 325 4376 r.
344 4314 439 4376 1719:
463 4311 588 4395 μοῦσαν
610 4308 671 4378 ἐπὶ
694 4306 993 4398 sollicitioribus:
1016 4318 1160 4398 significat
1177 4318 1254 4380 enim
1275 4335 1337 4380 non
1363 4323 1465 4382 cecrira'

297 4417 349 4479 sed
367 4417 486 4496 adeptio
499 4435 573 4481 αινα,
587 4420 685 4479 nerui
696 4417 876 4480 laudatorem
890 4417 1027 4481 victoriae
1041 4427 1167 4482 cantum
