3276 5144
677 473 827 573 „ffl-

164 663 348 746 profitentur.
375 662 413 725 Et
427 663 503 744 apud
518 671 632 727 veteres
646 663 765 745 quidem
780 661 988 742 sapientissimi
1003 663 1102 743 legum
1115 662 1223 727 latores
1235 665 1324 728 etiam

165 764 196 828 in
209 765 245 826 iis
259 764 431 839 civitatibus,
448 783 523 846 quae
537 785 554 828 a
568 766 686 846 regibus
699 764 854 845 gubernari
869 765 1024 839 desierant,
1040 800 1084 811 -
1097 767 1154 829 hoe
1176 766 1257 829 enim
1272 787 1323 849 ge-

164 883 222 928 nus
235 867 350 947 imperii
364 867 442 947 apud
458 886 561 930 omnes
575 870 705 949 primum
718 868 810 929 fnisse
824 871 949 939 constat,
965 900 1010 912 -
1021 886 1085 929 rem
1100 868 1247 949 publicam
1261 887 1323 933 non
1425 890 1432 900 ’

164 969 361 1031 multitudinis
375 970 470 1032 variae
484 978 573 1052 atque
588 970 735 1032 mutabilis
749 968 906 1032 temeritati
921 974 972 1031 ant
985 969 1177 1032 conciliorum
1192 971 1323 1033 amulti-

163 1070 267 1134 tudine
279 1080 444 1135 creatorum
460 1073 579 1135 arbitrio
594 1072 820 1154 permittendam
831 1088 898 1132 esse
908 1070 1081 1143 iudicarunt,
1097 1072 1148 1134 sed
1158 1073 1324 1152 graviorem

164 1175 323 1256 quemdam
344 1176 501 1256 minusque
516 1175 689 1237 mutabilem
704 1193 740 1236 ex
755 1172 946 1256 optimatibus
966 1182 1102 1236 senatum
1123 1159 1324 1251 instituerunt,

164 1293 221 1339 nec
238 1285 301 1338 rata
321 1296 387 1339 esse
407 1277 506 1359 populi
526 1284 577 1339 aut
595 1276 781 1357 popularium
796 1274 987 1337 conciliorum
1003 1276 1075 1339 scita
1088 1294 1154 1339 esse
1169 1277 1324 1341 voluerunt

165 1379 222 1440 nisi
244 1396 277 1441 ea
297 1379 485 1459 optimatium
506 1379 728 1462 comprobasset
749 1378 917 1440 auctoritas.
952 1377 1055 1458 Neque
1068 1385 1167 1440 tamen
1182 1380 1253 1442 satia
1268 1381 1335 1444 bno.

163 1480 347 1543 institutione
358 1481 451 1543 careri
465 1480 570 1561 potnit,
585 1498 625 1542 ne
634 1480 793 1541 existerent
803 1496 1017 1561 saepenumero
1030 1480 1184 1542 incivitate
1195 1482 1323 1562 partium

166 1583 342 1658 certamina,
358 1601 450 1664 quum
470 1583 553 1644 alteri
568 1583 733 1645 libertatem
749 1583 882 1644 omnium
898 1581 1071 1644 anctoritate
1086 1600 1249 1663 paucorum
1264 1583 1326 1646 im·

164 1686 258 1748 minui
285 1692 316 1748 et
337 1686 463 1747 coerceri
486 1685 597 1746 nollent
618 1686 795 1766 aequarique
817 1685 1022 1746 universorum
1045 1684 1108 1746 iura
1128 1685 1322 1764 postularent,

164 1788 247 1851 alteri
262 1795 360 1851 autem
376 1793 436 1849 tam
451 1787 569 1867 iniquae
585 1787 798 1867 aequabilitatis
813 1788 881 1849 odio
897 1787 973 1849 baud
989 1803 1059 1847 sane
1071 1787 1180 1848 iniusto
1191 1788 1323 1867 plerum-

165 1908 222 1971 que
237 1906 299 1952 non
311 1891 380 1950 satis
391 1889 535 1951 haberent
545 1890 703 1952 temeritati
711 1897 741 1951 et
748 1890 899 1971 cupiditati
906 1889 1101 1956 multitudinis
1110 1889 1257 1962 resistere,
1269 1890 1322 1952 sed

164 2009 202 2054 ne
216 1999 332 2054 tantum
347 1992 467 2071 quidem
481 1994 686 2065 concederent,
703 2002 846 2074 quantum
862 1992 982 2055 concedi
997 1992 1061 2053 sine
1076 1992 1208 2073 publicae
1219 1992 1324 2055 salutis

164 2094 341 2156 detrimento
350 2100 459 2173 posset.
476 2094 650 2157 Huiusmodi
661 2096 869 2157 certaminibus
881 2112 942 2157 non
953 2095 1063 2157 mirum
1074 2101 1121 2157 est
1132 2113 1181 2156 eas
1194 2095 1322 2157 mammo

163 2197 291 2259 civitates
307 2212 463 2258 concussas
477 2216 552 2271 esse,
567 2198 599 2258 in
613 2198 719 2279 quibus
733 2196 813 2259 bulla
827 2191 922 2259 m'aior
937 2202 1058 2259 essolet
1073 2197 1200 2278 partium
1215 2197 1321 2260 studiis

162 2301 269 2364 intacta
284 2306 423 2380 potestas,
440 2317 514 2379 quae
528 2301 640 2362 neutris
655 2303 722 2381 plns
734 2318 827 2380 aequo
839 2300 938 2361 favens
950 2318 1058 2375 reram,
1074 2299 1105 2360 b.
1117 2319 1144 2361 e.
1155 2299 1321 2379 prodigni·

160 2409 221 2464 tate
236 2403 376 2480 cuiusque
388 2401 564 2481 descriptam
576 2401 647 2462 iuris
658 2402 891 2481 aequabilitatem
902 2402 1063 2464 custodiret
1074 2408 1104 2463 ot
1115 2419 1204 2463 sunna
1215 2402 1321 2482 cuique

160 2503 311 2568 tribueret.
345 2502 437 2583 igitur
462 2501 684 2582 prudentissimi
710 2511 761 2566 aul
780 2522 882 2567 rerum
904 2504 1062 2583 scriptores
1083 2510 1134 2564 ant
1153 2502 1321 2586 philosophi

160 2606 271 2668 nnllam
286 2606 330 2667 rei
344 2605 478 2686 publicae
491 2605 734 2667 constitutionem
751 2606 903 2669 meliorem
918 2624 983 2666 esse
998 2605 1172 2680 indicarunt,
1189 2623 1278 2687 qoam
1289 2605 1321 2667 in

160 2728 218 2791 qua
236 2710 315 2789 regia
329 2714 460 2790 potestas
474 2707 545 2768 satis
562 2706 655 2769 valida
670 2714 814 2769 essetaut
827 2709 862 2769 ad
879 2707 1075 2788 praecavenda
1089 2707 1236 2770 eiusmodi
1250 2724 1319 2768 cer·

158 2811 287 2884 tamina,
302 2817 364 2883 aut,
380 2810 405 2870 si
420 2827 542 2890 prorsus
558 2809 651 2870 caveri
667 2809 831 2889 nequirent,
847 2809 1028 2870 moderanda
1043 2809 1147 2871 saltem
1163 2817 1193 2869 et
1207 2809 1244 2870 ad
1258 2808 1319 2871 veri

159 2912 231 2974 iuris
245 2912 374 2992 bonique
388 2911 497 2992 publici
512 2929 648 2973 normam
663 2910 832 2973 decidenda.
855 2911 914 2972 lllis
926 2918 1037 2984 eontra,
1053 2911 1104 2991 qui
1116 2928 1205 2972 unam
1216 2911 1319 2992 populi

158 3013 323 3076 libertatem
340 3031 404 3075 eam
420 3032 485 3075 esse
499 3013 613 3086 volunt,
628 3012 678 3076 ubi
692 3014 856 3094 plurimum
870 3013 986 3075 valeant
999 3012 1129 3093 plurimi,
1146 3047 1187 3059 ·-
1199 3013 1231 3074 in
1243 3031 1320 3093 quo-

159 3135 228 3180 rum
248 3133 373 3177 numero
393 3115 550 3196 plerosque
571 3133 674 3177 eorum
698 3134 764 3177 esse
783 3115 930 3190 ridemus,
952 3116 1004 3196 qui
1027 3114 1115 3177 hodie
1129 3132 1146 3175 a
1160 3131 1321 3195 progressu

158 3237 270 3282 nomen
285 3218 340 3279 sibi
350 3224 585 3298 assumpserunt,
599 3253 640 3263 —
651 3236 771 3279 necesse
782 3226 827 3279 est
837 3218 1007 3280 huiusmodi
1019 3224 1196 3299 potestatem
1207 3217 1319 3296 regiam

159 3322 287 3384 maxime
308 3321 432 3383 invisam
453 3339 533 3393 csse,
554 3339 644 3402 quam
658 3320 798 3402 proinde,
818 3321 844 3382 si
868 3327 961 3383 totam
981 3320 1097 3384 abolere
1118 3317 1319 3401 nonpossint,

159 3424 336 3487 imminuere
357 3425 462 3486 saltem
482 3430 512 3485 et
531 3424 695 3504 deprimere
716 3432 861 3486 conantur
878 3443 974 3505 usqne
989 3444 1039 3500 eo,
1061 3424 1133 3485 dum
1152 3422 1233 3504 regni
1248 3420 1321 3483 nibil

159 3526 218 3588 niti
232 3543 343 3588 nomen
357 3545 392 3589 ac
406 3542 477 3586 rana
492 3527 604 3605 speeies
618 3531 718 3599 restet,
738 3544 841 3609 reapse
855 3533 955 3588 antem
969 3525 1064 3588 lorma
1078 3526 1122 3586 rci
1136 3524 1269 3605 publicae
1283 3543 1321 3586 ex

159 3629 240 3708 regia
254 3628 404 3709 popularis
418 3628 495 3690 laeta
508 3646 619 3708 rexque
635 3630 693 3690 iam
709 3646 769 3690 non
785 3630 809 3690 is
824 3628 872 3703 sit,
889 3628 940 3709 qui
955 3636 1044 3708 regat,
1060 3627 1111 3689 sed
1127 3627 1177 3707 qui
1191 3633 1320 3705 regatur.

160 3731 225 3793 Hoc
248 3749 311 3803 eos,
333 3728 472 3810 qnoniam
492 3738 591 3809 aperte
611 3748 681 3810 prae
702 3748 734 3792 se
755 3731 832 3791 terre
851 3730 985 3793 nondum
1006 3730 1130 3804 audent,
1151 3730 1275 3791 subdole
1290 3736 1320 3792 et

161 3831 381 3896 dissimulanter
405 3850 490 3911 agere
517 3830 668 3904 videmus,
692 3832 828 3911 viamque
853 3831 907 3894 sibi
938 3832 1054 3894 munire
1074 3833 1147 3893 iuris
1168 3831 1319 3895 cniusdam

160 3935 259 4019 specie
274 3941 434 4015 praetexta,
450 3935 529 4014 quod
545 3935 600 4008 ius,
614 3936 747 4014 quamvis
757 3935 811 4014 ipsi
823 3935 936 3997 nullum
949 3954 1014 3997 esse
1025 3935 1072 3996 aix
1084 3936 1228 4015 ignorent,
1245 3952 1320 3998 con-

160 4040 286 4101 lidenler
299 4045 398 4099 manen
414 4037 612 4099 certissimum
627 4044 657 4097 et
672 4036 863 4099 indubitabile
874 4057 938 4100 esse
950 4037 1109 4113 clamitant,
1125 4038 1321 4120 persuadent-

161 4160 219 4223 que
244 4141 334 4202 etiam
360 4139 542 4200 multitudini
568 4139 736 4219 imperitae,
764 4157 839 4220 quae
864 4157 957 4219 quum
983 4158 1086 4201 verum
1112 4159 1128 4201 a
1152 4140 1228 4202 falso
1254 4140 1319 4221 ipsa

162 4244 331 4323 dignoscere
353 4248 495 4322 nequeat,
516 4240 614 4302 verbis
636 4240 761 4302 istorum
781 4245 812 4301 et
825 4241 1096 4315 vociferationibus,
1119 4248 1231 4323 quanto
1246 4259 1318 4304 con·

161 4345 300 4406 fidentius
321 4345 522 4425 proteruntur,
544 4350 627 4406 tanto
647 4342 761 4405 facilius
775 4350 920 4405 movetur.
951 4342 1025 4407 ilino
1040 4346 1088 4418 fit,
1111 4354 1146 4407 nt
1159 4345 1185 4408 si
1200 4344 1318 4426 quando

161 4467 179 4513 a
193 4447 380 4510 multitudine
395 4447 539 4531 deligendi
554 4452 625 4510 sunt
640 4444 735 4528 quiin
750 4444 904 4508 consilium
920 4444 958 4507 de
971 4463 1004 4509 re
1018 4446 1134 4527 publica
1149 4462 1317 4513 convocen-
