3284 5152
875 424 915 487 dd

311 611 378 671 dam
396 608 521 673 aedilicia
536 608 709 688 imaginihus
720 617 822 672 ornata
834 610 936 685 fuisse
947 617 1036 692 atque
1049 613 1130 677 hasa
1141 614 1233 676 choro
1244 622 1476 694 specutasesse,

312 711 378 774 licet
399 730 451 791 pro
472 717 553 773 certo
572 710 719 773 affirmare
738 712 844 785 nolim,
875 731 1015 795 perquam
1042 722 1142 779 tamen
1167 715 1315 794 probabile
1340 719 1476 783 arbitror.

312 813 407 893 Ipsius
422 821 520 875 antem
537 814 681 892 proscenii
701 832 768 892 pars
788 815 911 879 interior
929 824 981 879 aut
1000 835 1091 881 unam
1112 819 1269 881 autetiam
1294 821 1392 899 plures
1412 840 1476 884 aras

312 914 438 978 habebat
451 923 574 995 eratque
592 915 720 978 fortasse
741 918 829 980 etiam
850 919 986 981 cancellis
1006 928 1119 999 saepta,
1140 938 1216 1000 quos
1237 922 1398 1003 transgredi
1419 924 1476 986 nisi

311 1018 542 1081 sacrificantibus
558 1035 618 1081 nou
641 1019 753 1081 licebat.
784 1020 920 1082 Exterior
940 1022 1083 1101 proscenii
1103 1040 1169 1102 pars
1192 1023 1360 1087 orchestrae
1375 1024 1477 1087 immi-

312 1138 397 1191 nens,
413 1120 556 1200 pulpitum
567 1121 628 1183 sive
641 1117 779 1201 λογεῖον,
795 1123 885 1185 etiam
896 1123 958 1185 aliis
972 1124 1095 1202 patebat,
1111 1124 1244 1206 incoque
1255 1144 1326 1187 mox
1337 1127 1477 1189 lheusam

318 1241 385 1287 cum
399 1223 470 1285 lone
484 1223 701 1303 colloquentem
716 1224 888 1287 videbimus.
908 1226 1040 1289 Chorum
1055 1244 1173 1306 quoque
1188 1228 1245 1291 hnc
1260 1228 1418 1290 ascendere
1431 1229 1479 1290 ni-

312 1325 353 1386 hil
368 1343 443 1406 opus
459 1333 536 1387 erat:
551 1343 621 1387 nam
636 1327 806 1405 conspicere
821 1328 866 1389 rel
877 1328 1020 1407 templum
1033 1330 1077 1390 vel
1090 1329 1222 1408 porticus
1232 1330 1342 1410 templo
1355 1330 1478 1411 propin-

313 1446 386 1508 quas
401 1428 491 1491 etiam
506 1447 541 1489 ox
557 1429 708 1490 orchestra
725 1436 847 1507 potarat,
864 1430 1022 1511 quaelicet
1043 1431 1155 1511 aliquot
1175 1433 1264 1512 pedes
1284 1433 1359 1495 inira
1380 1431 1479 1511 pulpi-

311 1537 377 1590 tum
392 1530 539 1609 depressa,
555 1538 671 1593 tantum
682 1538 782 1593 tamen
797 1533 905 1594 elevata
918 1550 980 1594 esse
993 1532 1127 1607 debebat,
1139 1543 1174 1597 ut
1184 1552 1279 1614 neque
1291 1533 1479 1619 colloquendi

312 1651 381 1695 cum
397 1631 530 1710 personis
546 1633 576 1693 iu
591 1634 703 1711 pulpito
720 1634 900 1696 versantibus
914 1652 1011 1715 neque
1027 1635 1141 1698 ridendi
1157 1637 1299 1717 quidquid
1310 1638 1340 1699 in
1356 1657 1476 1718 prosce-

267 1732 270 1745 '
313 1736 362 1797 nio
378 1743 456 1796 esset
471 1735 593 1797 facultas
607 1736 699 1797 choro
714 1735 900 1797 adimeretur.

399 1838 574 1916 Progressus
589 1838 620 1899 in
636 1838 816 1901 orchestram
832 1838 940 1902 chorus
954 1849 984 1900 et
995 1841 1030 1902 ad
1043 1841 1230 1920 proscenium
1242 1862 1400 1907 murersus
1415 1844 1478 1924 pri·

314 1958 392 2003 mam
404 1940 545 2019 conspicit
555 1940 711 2020 imaginem
721 1940 853 2003 Herculis
863 1941 984 2022 hydram
995 1942 1157 2006 Lernaeam
1167 1944 1370 2009 interimentia·
1383 1937 1479 2021 Ἰδού,

313 2041 410 2124 inquit
423 2059 482 2104 una
498 2044 660 2105 mulierum
748 2048 749 2052 ’
1025 2102 1027 2106 ,

610 2136 708 2217 Ἰδού,
731 2136 821 2206 τοῖνδ’
844 2135 1006 2230 ἄθρησον·

616 2246 783 2328 Λερναῖον
804 2239 904 2329 ῖίδραν
926 2241 1050 2330 ἐναίρει

615 2345 768 2432 χρυσέαις
790 2340 917 2432 ἅρπαις
940 2340 959 2410 ὁ
983 2346 1069 2425 Διὸς
1089 2351 1187 2427 παῖς·

618 2448 714 2524 Φίλα,
737 2442 876 2535 πρόσιδ’
899 2439 1022 2527 deasq.

315 2555 454 2617 Fabulam
471 2553 548 2614 hane
562 2552 598 2615 de
613 2552 745 2615 llerculis
762 2571 830 2615 enm
845 2552 936 2633 hydra
951 2555 1110 2617 certamine
1122 2557 1152 2618 in
1164 2557 1199 2618 iis
1211 2557 1391 2639 argumentis
1402 2557 1479 2620 hris-

315 2678 356 2732 se,
374 2676 448 2738 quae
464 2664 515 2719 aut
528 2656 559 2717 in
574 2656 690 2735 porticu
705 2655 823 2736 Delphis
846 2656 882 2719 ab
896 2656 1121 2721 Atheniensibus
1147 2667 1315 2723 consecrata
1336 2665 1479 2733 extarent,

316 2769 367 2823 aut
380 2761 411 2821 in
426 2759 512 2839 peplo
528 2758 673 2821 Minervae
685 2758 763 2839 pingi
777 2766 828 2822 aut
843 2759 934 2821 interi
949 2759 1093 2833 solerent,
1116 2778 1242 2841 eamque
1262 2762 1325 2824 eius
1345 2781 1479 2825 comme·

315 2861 475 2925 morandae
489 2861 548 2922 hoe
562 2861 629 2922 loeo
644 2878 762 2923 eausam
781 2860 912 2940 Euripidi
926 2860 1028 2936 inisse,
1049 2863 1128 2942 quod
1144 2863 1292 2925 Boeclrhio
1310 2864 1403 2927 risum
1425 2874 1480 2937 est,

315 2964 351 3025 de
370 2982 413 3043 gr.
434 2971 505 3043 trag.
527 2962 618 3042 prino.
642 2980 669 3041 p.
692 2963 770 3035 201,
788 2980 841 3024 nec
861 2979 967 3043 negare
989 2965 1073 3027 nobis
1098 2982 1154 3028 neo
1168 2965 1314 3027 aliirmme
1329 2966 1358 3027 in
1379 2966 1479 3029 animo

316 3074 380 3128 est:
396 3065 533 3145 idemque
555 3066 643 3126 etiam
658 3065 695 3127 de
710 3065 814 3127 ceteris
829 3065 1003 3146 imaginibus
1019 3067 1129 3130 dictum
1144 3068 1293 3140 volumus,
1314 3085 1389 3149 quae
1408 3087 1479 3131 mor

316 3168 515 3247 designantur.
547 3167 605 3229 Sed
621 3167 787 3249 Λερναῖον
802 3186 854 3229 cur
868 3168 1002 3248 hydram,
1018 3186 1078 3230 non
1094 3169 1263 3250 Λερναίαν
1283 3169 1421 3233 mulieres
1433 3170 1478 3231 di-

316 3278 398 3342 cant,
419 3288 507 3331 causa
528 3277 627 3349 aperta
648 3276 709 3341 est,
730 3269 926 3350 dixeruntque
952 3270 988 3333 de
1008 3272 1090 3335 omui
1112 3271 1169 3334 hoc
1187 3290 1293 3352 genere
1313 3273 1477 3335 iormarnrn

315 3372 544 3434 masculinorum
560 3390 614 3451 pru
628 3371 778 3433 femininis
793 3373 838 3433 vel
854 3380 973 3450 propter
986 3374 1163 3452 euphoniam
1180 3375 1224 3435 vel
1240 3382 1360 3454 propter
1370 3391 1478 3437 nurne-

315 3493 400 3536 rosa
426 3474 520 3553 poetis
540 3480 764 3553 usurpartarum
783 3473 948 3536 Loheolrius
970 3477 1007 3538 ad
1027 3477 1118 3556 Soph.
1139 3477 1217 3540 hiae.
1238 3496 1264 3538 v.
1284 3475 1345 3539 224
1370 3496 1396 3557 p.
1418 3478 1477 3539 174

317 3577 422 3658 aliique
437 3577 611 3656 complures,
628 3577 734 3657 quibus
745 3594 825 3639 nunc
840 3576 956 3656 quidem
974 3578 1044 3641 nibil
1058 3579 1125 3642 addi
1140 3598 1215 3659 opus
1230 3589 1284 3642 est
1298 3579 1423 3659 Propter
1436 3579 1479 3643 si·

318 3680 419 3741 milam
434 3698 552 3742 causam
568 3688 667 3742 autem
679 3678 768 3741 etiam
784 3679 879 3757 paullo
895 3686 962 3758 post
975 3675 1129 3762 χρεσέαις
1147 3674 1282 3763 ἅρπαις,
1300 3681 1402 3760 plurali
1419 3699 1477 3743 nu·

256 3846 261 3855 ,
318 3780 401 3843 mero
417 3800 469 3861 pro
485 3781 631 3864 singulari,
647 3789 762 3861 poetam
779 3780 885 3843 dixisse
899 3790 1034 3861 apparet,
1055 3782 1304 3862 quemadmodum
1317 3783 1478 3862 Sophocles

317 3884 433 3947 Aiacem
451 3885 577 3964 pecudes
592 3880 753 3956 κελαινοῖς
775 3877 913 3967 ξίφεσιν,
929 3901 989 3946 non
1004 3881 1148 3968 κελαινῷ
1169 3879 1269 3970 ξίφει,
1286 3886 1478 3949 obtruncasse

318 3987 396 4058 dicit,
413 3987 533 4067 aliisque
548 3987 619 4049 locis
639 4003 700 4048 nou
721 3987 820 4065 paucis
839 3986 916 4049 hanc
933 3988 1049 4049 numeri
1070 3988 1233 4068 anahagen,
1255 3989 1425 4068 praesertim
1447 3988 1479 4051 in

317 4107 467 4153 armorum
488 4099 517 4150 et
537 4091 800 4151 instrumentorum
820 4089 1000 4179 nominihus,
1019 4109 1035 4150 a
1057 4091 1151 4168 poetis
1176 4090 1310 4168 usurpari
1335 4091 1477 4155 videram,

317 4193 377 4253 sive
390 4192 511 4253 fortuito
527 4191 587 4251 sive
603 4189 714 4251 occulta
729 4190 855 4271 quadam
871 4191 993 4263 ratione,
1009 4202 1043 4253 ut
1058 4192 1220 4254 Lobeclrius
1234 4193 1275 4254 ait
1295 4194 1330 4254 ad
1352 4196 1382 4255 S.
1398 4193 1477 4274 hiae,
1506 4259 1511 4266 ,

317 4312 343 4353 r.
358 4278 429 4354 2'31.
456 4294 551 4373 Atque
567 4292 596 4353 in
611 4292 660 4357 illo
676 4292 796 4373 quidem
812 4293 965 4375 Sophoclis
981 4294 1123 4356 versiculo
1140 4294 1280 4374 pluralem
1297 4294 1401 4376 aliquis
1415 4313 1477 4358 non

318 4397 407 4456 modo
435 4401 555 4475 propter
585 4395 671 4456 metri
698 4398 900 4459 necessitatem
925 4398 1048 4458 ascitum
1071 4396 1245 4477 suspicetur,
1264 4397 1420 4463 sedaliam
1440 4398 1476 4461 ad
