3266 5140
726 474 787 538 459

658 564 819 573 ffl--w—
835 564 856 569 -

181 664 318 728 herodem
337 681 403 725 esse
421 661 595 743 postularit,
613 669 748 725 causatus
768 661 867 723 nescio
891 678 963 741 quas
980 660 1146 741 pactiones,
1172 677 1244 740 quas
1265 659 1336 722 olim

182 766 431 829 adecessoribus
467 765 529 827 suis
564 783 632 827 cum
661 764 800 826 Barnimo
837 764 925 825 luctas
952 782 1017 826 esse
1048 763 1164 825 diceret
1218 763 1256 824 Et
1281 782 1335 843 pe-

182 869 315 951 pigerant
346 886 417 930 sane
446 867 498 942 illi,
533 876 566 928 ut
600 867 625 927 si
656 866 787 929 interiret
818 866 948 928 Barnimi
984 867 1105 939 domus,
1142 865 1171 926 in
1202 865 1265 927 eius
1290 866 1336 926 lo-

182 989 249 1034 cum
271 971 454 1034 llarcbiones
479 969 681 1045 succederent3
706 968 786 1048 atqui
805 985 896 1047 quum
917 968 1013 1048 agnati
1028 966 1170 1041 Barnimi,
1192 967 1337 1029 citerioris

182 1073 373 1136 Pomeraniae
387 1071 547 1152 principes,
567 1089 627 1133 non
643 1070 877 1146 consensissent,
892 1070 1050 1150 apparebat
1064 1087 1134 1131 sane
1148 1070 1256 1132 nullam
1271 1089 1338 1133 esse

182 1174 325 1239 eiusmodi
346 1175 489 1255 pactionis
508 1175 580 1247 rim,
607 1192 680 1254 quae
695 1181 797 1236 contra
816 1175 861 1236 ius
881 1183 909 1235 et
923 1173 1019 1236 invitis
1035 1173 1145 1251 agnatis
1161 1173 1234 1235 lacta
1248 1183 1335 1236 esset

182 1281 341 1359 Propterea
351 1277 521 1341 Wartislans
537 1286 566 1339 et
581 1277 697 1351 Ericus,
711 1278 775 1339 iure
790 1295 844 1339 suo
860 1276 914 1351 usi,
930 1293 1050 1337 omnem
1064 1274 1140 1337 illam
1156 1276 1335 1355 provinciam

182 1387 362 1460 occuparunt
375 1388 404 1442 et
418 1380 542 1442 insuam
559 1379 646 1442 fidem
661 1388 842 1461 receperunt
879 1378 1045 1441 Fridericus
1060 1386 1166 1452 autam,
1180 1380 1259 1459 quod
1274 1378 1336 1441 iure
1351 1436 1354 1440 ,

180 1482 280 1564 perlici
294 1499 356 1544 non
371 1488 494 1562 poterat,
508 1481 598 1543 armis
613 1481 798 1544 efficiendum
813 1489 902 1555 ratus,
917 1481 1022 1562 quibus
1034 1500 1067 1541 se
1078 1481 1260 1560 superiorem
1273 1484 1336 1545 loro

181 1584 329 1667 sperabat,
348 1584 462 1664 magnis
483 1584 576 1666 copiis
599 1585 756 1648 contractis
771 1584 878 1646 bellum
893 1583 1083 1645 Pomeraniae
1097 1582 1206 1657 intulit,
1227 1590 1258 1645 et
1270 1583 1336 1645 licet

181 1687 299 1769 saepius
318 1686 456 1768 repulsus
475 1694 564 1756 esset,
590 1686 694 1748 Ericus
710 1694 822 1760 umen,
846 1686 912 1748 belli
927 1694 1092 1766 pertaesus,
1119 1704 1209 1767 quum
1225 1687 1335 1748 multos

180 1789 266 1852 edam
280 1788 454 1851 biarchionis
475 1789 573 1850 socios
593 1808 673 1851 arma
687 1808 790 1869 parare
805 1788 930 1863 videret,
953 1788 1059 1870 quibus
1074 1790 1111 1851 ad
1127 1798 1288 1851 extremum
1303 1800 1336 1851 ut

181 1891 252 1954 satis
266 1873 411 1954 resistere*
417 1899 520 1971 posset
530 1891 692 1965 verebatur,
707 1891 799 1954 satius
814 1891 896 1952 duxit
909 1891 946 1952 de
960 1891 1022 1954 iure
1034 1910 1090 1954 suo
1105 1893 1246 1955 hactenus
1258 1900 1335 1954 certe

180 1994 348 2069 concedere,
359 2002 392 2056 ut
401 1994 431 2054 in
447 1993 607 2056 clientelam
615 1994 790 2057 blarcbionis
805 2013 838 2055 sc
853 1995 1004 2057 conferret.
1028 1995 1090 2057 llac
1102 1995 1190 2075 igitur
1200 1994 1335 2076 pactione

180 2097 271 2159 iretus
285 2096 425 2158 Friderici
439 2114 606 2171 successor,
630 2096 766 2158 Albertus
781 2096 841 2168 ille,
868 2115 953 2177 quem
970 2097 1110 2159 Achillem
1125 2099 1171 2160 sui
1186 2118 1202 2160 a
1219 2099 1335 2160 tortitu-

180 2199 248 2261 dine
263 2199 412 2274 dixerunt,
428 2218 443 2260 a
459 2199 594 2278 bogislao
609 2200 778 2280 postularit,
792 2208 868 2262 utet
882 2201 946 2280 ipse
960 2200 1106 2270 clientelae
1120 2200 1228 2274 oliicia,
1243 2200 1335 2281 patris

180 2302 327 2382 exemplo,
347 2301 402 2364 sibi
417 2311 593 2382 praestaret,
609 2302 697 2364 minis
713 2301 800 2365 simul
813 2302 932 2375 additis,
949 2302 1055 2382 quibus
1070 2304 1221 2365 hominem
1236 2303 1335 2366 adole-

180 2411 325 2477 scentem,
345 2422 446 2466 rerum
465 2404 633 2485 imperitum
656 2413 685 2466 et
698 2422 792 2484 nuper
807 2406 924 2466 demum
939 2424 975 2466 ex
990 2405 1150 2468 humillima
1165 2406 1336 2469 condicione

179 2524 328 2569 emersum
354 2506 435 2569 facile
459 2507 560 2569 terreri
575 2526 665 2588 posse
685 2508 856 2570 confidebat.
898 2509 955 2570 Sed
970 2528 1074 2590 parum
1090 2517 1175 2571 norat
1188 2510 1335 2573 excelsum

179 2609 267 2673 huius
292 2617 322 2672 et
343 2610 460 2672 timoris
485 2619 632 2691 expertem
658 2611 806 2685 animum,
829 2611 891 2691 qni,
916 2619 949 2674 ut
967 2613 1031 2692 ipse
1050 2611 1120 2673 nibil
1136 2612 1191 2674 sibi
1206 2630 1334 2693 unquam

180 2722 281 2777 contra
302 2715 348 2776 ius
370 2714 494 2776 aliorum
517 2714 679 2776 laciendum
694 2722 847 2789 statuerat,
872 2714 910 2776 ita
925 2733 1011 2777 suum
1027 2733 1143 2795 quoque
1158 2714 1203 2776 ius
1219 2715 1254 2777 ab
1269 2715 1333 2778 aliis
1353 2728 1383 2778 tt

179 2817 313 2879 imminui
327 2816 455 2879 nolebat:
471 2817 618 2879 contemni
634 2827 730 2880 autem
745 2838 778 2880 so
793 2828 822 2880 et
835 2818 922 2879 minis
933 2817 1045 2890 terreri,
1060 2818 1090 2879 id
1103 2835 1170 2879 vero
1182 2818 1335 2897 indiguum

180 2928 209 2982 et
232 2921 312 2983 nullo
339 2921 429 2982 modo
445 2921 597 2982 terendum
613 2940 678 2983 esse
694 2921 811 3001 putarit
855 2920 1020 3000 Respondit
1034 2920 1133 3000 igitur,
1159 2923 1238 3002 quod
1255 2929 1336 3001 pater

179 3043 251 3085 snus
267 3023 338 3085 olim
354 3024 380 3084 vi
396 3031 425 3085 et
439 3022 543 3085 iniuria
559 3030 677 3085 coactus
693 3023 822 3097 lecisset,
844 3024 880 3086 ad
896 3043 928 3084 se
943 3022 1015 3084 nibil
1029 3024 1187 3105 pertinere:
1210 3023 1265 3085 sibi
1280 3042 1335 3085 nc-

178 3144 235 3206 que
250 3145 325 3207 opus
340 3144 406 3188 esse
419 3135 561 3205 patrono,
576 3144 671 3206 neque
685 3126 799 3205 placere
814 3126 985 3207 quidquam,
1001 3127 1080 3205 quod
1096 3134 1174 3187 esset
1188 3125 1335 3205 dignitatis

179 3245 249 3288 suae
263 3226 451 3288 minuendae:
467 3226 573 3306 quodsi
587 3227 652 3306 quis
668 3227 695 3287 vi
709 3245 809 3289 secum
824 3246 910 3308 agere
920 3228 1012 3302 vellet,
1028 3248 1060 3291 se
1071 3246 1132 3290 non
1143 3229 1335 3300 intercedere,

177 3328 267 3390 armis
287 3348 368 3391 arma
383 3329 601 3411 oppositurum.
644 3329 745 3409 ltaque
758 3329 855 3392 verbis
873 3331 990 3392 omissis
1006 3330 1102 3393 statim
1118 3331 1251 3393 albertus
1267 3351 1333 3394 cum

177 3433 358 3495 validissimo
379 3434 479 3495 decem
499 3432 621 3495 millium
640 3434 768 3515 equitum
785 3433 973 3514 peditumque
988 3434 1115 3495 exercitu
1130 3433 1333 3497 Pomeraniarn

178 3533 297 3609 invasit,
323 3544 352 3596 et
372 3533 470 3597 omnia
484 3536 570 3616 longe
585 3536 697 3616 lateque
712 3544 823 3597 vastare
838 3536 942 3615 coepit.
988 3535 1089 3597 Subita
1104 3553 1151 3596 res
1166 3536 1333 3616 bogislaum

178 3656 239 3699 non
258 3638 390 3718 perculit
434 3638 517 3718 lpse,
542 3637 608 3700 licet
626 3638 759 3701 nondum
775 3638 846 3699 satis
862 3638 897 3699 ad
913 3637 1020 3698 bellum
1036 3639 1210 3712 instructus,
1237 3648 1333 3701 umen

179 3761 231 3803 sua
253 3761 435 3823 suorumque
453 3742 559 3804 virtute
577 3743 682 3813 iretuS,
710 3760 776 3803 eum
796 3740 941 3821 equitibus
956 3740 1034 3801 haud
1050 3741 1174 3819 amplius
1190 3745 1333 3804 sexcentis

178 3856 207 3905 et
221 3845 298 3906 mille
317 3845 432 3906 circiter
451 3843 611 3924 peditibus,
638 3863 713 3925 quos
732 3842 829 3906 subito
850 3850 1045 3916 contraxerat,
1071 3844 1211 3905 adversus
1232 3845 1333 3906 bostes

178 3947 383 4027 proficiscitur,
399 3964 461 4007 non
475 3954 508 4008 nt
522 3947 582 4009 acie
599 3948 776 4028 confligeret,
793 3947 872 4027 quod
887 3945 1073 4009 temerarium
1090 3946 1193 4008 luisset
1205 3954 1263 4007 tam
1275 3947 1333 4009 im·

178 4050 295 4131 paribus
310 4051 458 4130 utrimque
473 4050 596 4123 viribus,
616 4051 667 4112 sed
683 4059 714 4112 ut
727 4051 791 4114 loca
806 4050 917 4113 munita
933 4049 1084 4130 praesidiis
1099 4051 1241 4123 firmaret,
1257 4050 1334 4112 unda

177 4152 307 4214 bostium
323 4152 528 4233 populationes
543 4153 633 4214 arceri
648 4162 778 4233 possent,
793 4154 915 4233 suisque
931 4162 1047 4232 tempus
1059 4152 1177 4214 daretur
1187 4153 1332 4214 maiorum

177 4256 281 4317 virium
308 4256 515 4334 cogendarum.
558 4254 657 4335 ltaque
672 4255 783 4336 Pyrisci
803 4256 949 4330 consedit,
976 4255 1054 4336 quod
1073 4264 1134 4317 erat
1153 4255 1182 4316 in
1199 4255 1333 4317 confiniis

178 4357 318 4437 oppidum
335 4358 474 4438 oporibus
490 4364 519 4419 ot
533 4357 598 4419 loco
615 4356 686 4417 satis
702 4358 857 4418 munitum.
882 4357 987 4419 Statim
1002 4359 1103 4419 bosus
1119 4358 1247 4437 undique
1260 4375 1333 4418 con-

178 4459 275 4522 tractis
295 4460 388 4539 copiis
403 4460 555 4541 Pyriscum
576 4476 693 4523 summa
713 4459 739 4520 vi
760 4478 929 4541 oppugnare
945 4469 1117 4541 coeperunt3
1139 4459 1334 4538 intelligebant
