3290 5142
823 453 973 552 ,εε-

313 643 456 723 scriptum
470 642 517 706 sit.
545 640 600 705 Est
614 641 694 703 enim
707 641 766 704 hoc
784 640 889 704 vitium
907 642 995 723 plane
1014 647 1220 723 pervagatum,
1240 640 1375 724 adaequo
1393 656 1475 705 nunc

313 744 451 807 omnihus
466 744 503 807 da
517 744 639 806 verihte
653 743 716 805 eius
736 744 866 819 lormae,
882 736 997 805 οὕνεκα
1015 763 1071 825 pro
1092 737 1200 817 ἕνεκα,
1222 762 1397 825 persuasam
1416 751 1472 821 est,

312 854 347 908 ut
361 847 386 907 si
400 847 466 925 quie
482 847 635 909 dissentiat
649 846 680 908 in
695 846 869 907 temeritatis
885 854 935 908 aut
954 847 1116 928 imperitiae
1138 846 1251 909 crimen
1265 846 1417 909 incurrere
1428 847 1473 908 vi·

313 947 425 1011 deatur.
450 948 587 1023 lnterim,
603 951 629 1011 si
641 969 658 1012 a
672 948 807 1011 codicum
822 949 995 1011 auctoritate
1008 948 1192 1022 discesseris,
1208 966 1283 1029 quae
1298 967 1387 1030 quam
1402 949 1473 1015 levis

312 1051 395 1114 sitin
410 1051 579 1115 huiusmodi
595 1051 768 1132 quaestione
781 1052 932 1114 neminem
946 1053 1031 1124 latet,
1052 1069 1108 1113 nec
1128 1050 1275 1114 rationem
1293 1051 1381 1114 huius
1400 1070 1473 1114 usus

312 1153 402 1215 ullam
416 1153 607 1234 prohabilem,
622 1170 679 1215 nec
691 1160 783 1216 testes
798 1155 861 1216 eius
876 1154 999 1217 idoneos
1016 1173 1083 1217 esse
1099 1153 1207 1215 rideas.
1238 1153 1313 1215 Nam
1331 1154 1473 1217 loannem

313 1256 480 1327 Characem,
503 1257 536 1317 in
546 1255 671 1318 Behlseri
685 1255 794 1318 anecd.
810 1255 850 1317 lll
863 1275 893 1336 p.
913 1256 1003 1329 1154,
1021 1262 1051 1316 et
1062 1255 1088 1315 si
1102 1255 1154 1335 qui
1169 1255 1338 1318 sunthuius
1351 1255 1471 1329 similes,

311 1375 401 1420 nemo
416 1358 576 1438 locupletes
597 1377 662 1420 esse
678 1358 770 1420 dicet:
791 1358 864 1420 nihil
883 1357 962 1419 enim
982 1356 1076 1431 alind,
1095 1356 1151 1419 nisi
1171 1366 1319 1438 receptam
1339 1357 1398 1419 ianr
1419 1375 1473 1419 aaa

312 1468 406 1523 aetate
420 1460 524 1523 lalsam
540 1460 711 1542 opinionem
724 1460 816 1522 inisse
831 1460 1001 1523 ostendunt.
1019 1459 1058 1521 Et
1067 1459 1276 1540 perantiquum
1286 1460 1358 1522 illud
1369 1460 1472 1523 vitium

312 1583 378 1625 osso
392 1562 481 1625 etiam
495 1563 671 1626 Ammonius
686 1562 879 1636 demonstrat,
895 1579 989 1642 quum
1004 1561 1073 1641 quid
1088 1561 1203 1624 diderat
1213 1562 1290 1623 inter
1306 1554 1421 1623 εῧνεκα
1442 1570 1473 1624 et

313 1659 406 1728 ἕνεκα
418 1666 544 1728 lectores
558 1668 630 1727 s'uos
645 1664 849 1727 admonendos
863 1682 930 1726 esse
943 1662 1067 1726 duxerit.
1088 1663 1175 1736 Quod
1190 1670 1288 1725 autem
1299 1663 1471 1738 llllendtius,

311 1768 356 1829 vir
369 1766 568 1843 doctissimus,
584 1767 652 1830 Lex.
664 1768 754 1850 Soph.
770 1767 798 1829 ll
811 1787 841 1849 p.
855 1766 928 1840 437,
943 1767 1131 1848 Apollonium
1147 1767 1232 1831 istius
1244 1768 1389 1849 opinionis
1404 1786 1474 1847 par-

310 1870 430 1949 ticipem
444 1870 552 1933 hahere
565 1871 698 1945 ridetur,
720 1872 752 1932 in
767 1884 867 1932 errore
881 1877 1017 1933 versatur
1030 1870 1196 1933 manifesto.
1215 1871 1290 1933 Nam
1302 1870 1474 1951 Apollonius

311 1971 349 2033 de
365 1972 512 2034 coniunct
528 1993 557 2053 p.
574 1972 646 2048 502,
659 1973 700 2037 30
714 1973 826 2036 nullam
837 1973 923 2035 aliam
934 1972 1093 2053 particulae
1105 1965 1474 2053 odrmesignidcationem
1539 2034 1550 2053 ,

311 2075 451 2155 agnoscit,
466 2075 524 2136 nisi
534 2082 569 2136 ut
582 2075 621 2137 sit
635 2075 654 2137 i.
671 2094 699 2156 q.
717 2066 772 2138 ὅτι
786 2075 884 2155 quia,
899 2075 1006 2154 quod.
1035 2074 1126 2155 igitur
1146 2074 1314 2155 ubicunque
1329 2092 1391 2137 non
1406 2075 1473 2151 hoc,

310 2177 363 2239 sed
378 2184 531 2258 propter
541 2176 765 2258 significandum
780 2186 835 2251 est,
851 2194 912 2239 non
927 2176 1029 2238 dubito
1042 2176 1114 2256 quin
1127 2183 1179 2239 ant
1191 2168 1285 2237 ἕνεκα
1295 2183 1356 2249 aut,
1371 2177 1474 2240 siva·

310 2297 361 2341 sus
376 2287 487 2360 poscat,
504 2275 611 2342 εἵνεκα
626 2277 767 2359 (εἵνεκεν)
782 2279 971 2342 scribendum
991 2279 1038 2341 sit.
1065 2279 1103 2340 Et
1122 2278 1268 2358 reperitur
1286 2277 1361 2341 haec
1378 2278 1475 2341 torma

311 2399 525 2463 saepenumero
540 2382 629 2444 etiam
639 2382 671 2443 in
686 2382 806 2463 optimis
820 2382 985 2444 Atticorum
999 2388 1155 2460 poetarum
1166 2380 1330 2452 codicibus,
1345 2381 1426 2442 velut
1443 2380 1476 2443 in

310 2485 479 2547 Rauennate
492 2484 697 2564 Aristophanis
710 2486 776 2559 ”iz
792 2502 888 2566 neque
900 2483 1048 2566 propriam
1064 2502 1130 2545 eam
1145 2484 1260 2546 lonicae
1278 2490 1331 2545 aut
1342 2483 1476 2564 poeticae

311 2587 434 2649 dialecto
447 2587 539 2649 fuisse
552 2586 758 2667 inscriptiones
773 2587 881 2649 docent
890 2587 902 2627 ²
911 2587 951 2662 ³),
967 2584 998 2646 in
1010 2584 1116 2663 quibus
1130 2585 1254 2648 alteram
1263 2584 1344 2647 illam
1359 2575 1475 2648 οὕνεκα

310 2707 365 2770 pro
382 2681 475 2749 ἕνεκα
495 2705 648 2769 nunquam
663 2688 784 2749 inveniri
796 2689 893 2751 credo.

396 2790 436 2851 Ut
450 2797 549 2852 antem
563 2790 604 2853 illi
617 2796 741 2871 propter
751 2788 931 2853 matrimonii
942 2787 1125 2852 sten'litatem
1138 2789 1289 2852 oraculum
1300 2789 1380 2852 adire
1390 2806 1475 2852 oona·

310 2892 498 2974 pellerentur,
514 2892 657 2973 Apollinis
671 2893 794 2957 consilio
809 2892 971 2956 Mercurius
985 2891 1098 2954 lactum
1112 2909 1178 2954 esse
1192 2891 1233 2954 ait
1243 2912 1270 2954 a.
1281 2890 1338 2954 67:

776 2990 906 3070 Λοξίας
929 2988 967 3055 δὲ
987 2989 1045 3076 τὴν
1066 2987 1164 3077 τύχην

474 3085 523 3168 εἷς
544 3084 633 3157 τοῦτ’
655 3088 793 3172 ἐλαύνει,
815 3086 876 3159 κού
897 3088 1046 3178 λέληθεν,
1067 3086 1115 3168 ὥς
1137 3090 1235 3157 δοκεῖ.

311 3198 369 3262 Sed
384 3217 443 3279 quo
457 3214 548 3259 sensu
562 3197 619 3259 hoc
640 3189 678 3259 οὐ
699 3193 838 3281 λέληθεν
858 3198 1060 3278 accipiendum
1071 3199 1120 3272 sit,
1135 3214 1196 3259 non
1210 3197 1311 3277 liquet
1336 3195 1474 3276 Plerique

310 3302 616 3381 interpretanturnec
627 3298 766 3363 oblitus
777 3307 850 3374 est,
861 3300 976 3362 Fixius:
989 3318 1109 3380 neque
1120 3298 1473 3372 nonanimadaertit,

309 3403 433 3465 Bothius
448 3402 479 3463 in
493 3401 628 3464 versione
642 3402 806 3479 vernacula,
822 3402 870 3464 dcc
882 3401 991 3465 Solones
1004 3402 1083 3463 nicht
1094 3401 1273 3481 oerqmscnd,
1287 3401 1473 3481 llartungus:

310 3505 363 3566 der
377 3522 407 3566 es
427 3502 505 3565 recht
525 3521 659 3583 ccrqoss:
674 3502 867 3584 similiterque
887 3504 944 3566 alii.
977 3504 1036 3566 Sed
1056 3505 1132 3567 hanc
1152 3502 1403 3566 obliviscendi
1422 3508 1475 3564 aut

309 3625 381 3670 non
395 3607 716 3669 animadvertendi
731 3607 971 3687 significationem
982 3606 1090 3669 activae
1100 3605 1180 3669 verbi
1190 3597 1346 3668 λανθάνω
1360 3604 1473 3668 formae

311 3710 388 3792 apud
402 3709 514 3771 Atticos
530 3714 610 3770 certe
625 3709 783 3789 scriptores
799 3724 951 3789 nunquam
968 3707 1087 3782 hahent,
1104 3709 1155 3789 qui
1169 3708 1227 3771 hec
1241 3725 1330 3770 sensu
1345 3707 1474 3788 passivas

309 3820 426 3875 tantum
440 3810 552 3873 formas
567 3818 721 3891 usurpant,
736 3828 889 3891 unumque
906 3810 970 3873 eius
984 3810 1151 3891 exemplum
1163 3810 1241 3892 apud
1255 3810 1415 3873 Pindarum
1426 3810 1474 3871 in-

310 3922 431 3977 ventum
445 3913 568 3975 memini
582 3913 627 3976 01.
642 3913 683 3974 lll
698 3912 748 3991 (X)
763 3913 799 3972 4:
817 3908 913 3992 γλυκύ
929 3907 990 3993 γὰρ
1012 3902 1102 3997 αὐτῷ
1123 3905 1221 3991 μέλος
1236 3902 1378 3997 ὀφείλων
1396 3903 1474 3974 ἐπε

311 4011 455 4080 λέλαθαε
479 4016 586 4079 dulce
601 4032 747 4078 carmen
769 4014 802 4076 ei
822 4034 876 4077 me
896 4015 1032 4077 dehere
1051 4015 1197 4078 oblitus
1218 4014 1337 4090 sum.*)
1372 4014 1474 4095 ltaque

318 4138 507 4147 -o-n-—m-——a

380 4180 424 4246 22)
446 4182 504 4236 Vid.
522 4182 793 4236 invenissemus
812 4181 878 4235 Plat.
896 4200 920 4235 v.
942 4183 1001 4237 329.
1022 4183 1089 4236 Nnh.
1105 4200 1129 4235 v.
1151 4184 1210 4236 511.
1227 4182 1339 4251 Lysistr.
1358 4184 1398 4235 11.
1416 4183 1474 4235 tot.

310 4269 436 4323 Pritzsch
455 4270 487 4319 ad
499 4267 562 4321 Ran.
574 4284 598 4334 p.
614 4267 671 4319 123.

383 4355 426 4420 aa)
439 4341 496 4406 via.
509 4352 577 4406 aaa.
591 4351 706 4406 onoma.
720 4353 801 4419 epigr.
814 4369 838 4419 p.
851 4354 893 4406 aa.

378 4438 400 4506 ‘l
413 4439 477 4505 Quid
489 4444 588 4491 antem?
600 4440 623 4491 sl
635 4454 691 4491 cum
709 4439 785 4503 Lcop.
801 4439 951 4505 Schmidtio‚
967 4440 1070 4491 Pindar.
1085 4455 1107 4504 p.
1117 4439 1160 4504 98,
1177 4438 1313 4493 Pindarum
1323 4438 1371 4492 hoc
1388 4440 1475 4493 dicero
