3266 5140
635 461 834 563 ...cn-

158 655 280 735 gebunt:
298 653 489 718 celebrabitur
502 653 580 734 apud
594 660 741 734 posteros,
756 652 895 732 quamdiu
906 662 999 728 erunt,
1015 657 1065 735 qui
1076 656 1118 719 uel
1129 657 1159 718 iu
1171 659 1313 740 principis

156 759 334 836 tragicorum
350 757 488 838 operibus
503 775 564 819 non
580 756 666 819 rerba
680 754 776 817 solum
791 762 841 817 aut
851 763 970 820 externa
984 759 1055 820 artis
1067 768 1246 833 ornamenta,
1261 762 1312 823 sed

157 860 278 922 intimos
305 859 439 922 sublimis
465 860 554 922 animi
580 877 685 921 sensus
707 866 736 920 et
758 876 856 920 rerum
876 860 1038 922 divinarum
1059 861 1313 944 humanarumque

157 962 294 1026 notiones
312 970 468 1043 quaerant,
491 963 534 1025 vel
554 963 603 1043 qui
625 961 766 1042 principis
787 962 818 1023 iu
838 962 909 1024 orbe
924 970 1065 1026 terrarum
1081 964 1183 1045 populi
1197 966 1311 1046 religio-

155 1083 209 1128 nes
224 1064 389 1128 accuratius
403 1083 580 1145 pernoscere
595 1082 805 1143 sacrorumque
817 1066 944 1145 origines
956 1064 1204 1146 absconditosque
1216 1068 1312 1131 lontes

156 1167 331 1247 investigare
345 1168 527 1230 studeant·
547 1167 636 1230 Vobis
651 1166 999 1242 autemcommilitones,
1014 1171 1187 1231 memoriam
1196 1169 1247 1232 viri
1260 1170 1310 1231 de-

157 1269 360 1332 sideratissimi
386 1271 473 1334 etiam
492 1279 613 1351 propter
630 1270 687 1332 alia
706 1269 783 1331 bona
802 1269 939 1349 plurima,
966 1288 1142 1351 quamquam
1161 1271 1311 1334 minusad

155 1381 270 1436 exteros
291 1372 426 1445 illustria,
451 1391 548 1436 caram
563 1381 593 1435 et
607 1381 738 1435 sanctam
753 1373 816 1433 lore
831 1372 1015 1435 confidimus.
1057 1372 1147 1435 Vobis
1162 1374 1240 1436 enim
1256 1375 1310 1435 Ve-

156 1485 291 1558 straeque
312 1476 489 1539 institutioni
511 1475 670 1557 plurimum
691 1475 738 1538 ille
760 1493 866 1555 operae
884 1484 913 1537 et
934 1476 1061 1555 optimas
1075 1476 1165 1539 boras
1179 1476 1311 1539 libentis-

156 1581 231 1642 sime
246 1580 404 1642 tribuebat:
420 1579 501 1642 vobis
517 1579 660 1652 docendo,
676 1577 890 1659 praecipiendo,
905 1577 1042 1641 omuibus
1057 1578 1155 1640 modis
1170 1580 1311 1659 prodesse

154 1682 318 1744 laborabat:
342 1700 439 1763 neque
452 1700 580 1762 unquam
596 1680 673 1762 apud
689 1698 756 1742 eum
771 1689 822 1742 aut
836 1681 955 1743 tarditas
969 1680 1180 1744 nonnullorum
1196 1690 1245 1742 aut
1259 1701 1309 1743 so-

155 1784 255 1846 cordia
269 1793 381 1847 tanturn
392 1782 508 1857 valebat,
523 1793 555 1845 ut
569 1783 727 1864 quidquam
742 1783 778 1845 ab
793 1782 955 1846 intentione
970 1784 1060 1846 animi
1074 1792 1124 1846 sut
1136 1783 1309 1846 laborisas-

154 1885 292 1948 siduitate
306 1886 363 1948 sibi
377 1885 585 1947 remittendum
600 1904 665 1946 esse
680 1893 802 1965 putaret.
843 1886 880 1947 Et
897 1888 1030 1959 amastis,
1057 1885 1107 1965 qui
1122 1885 1309 1949 lluausuruuu

154 1988 316 2051 audiebatis
331 2025 373 2034 -
387 1988 406 2049 ii
421 1996 498 2050 certe
513 1995 655 2059 vestrum,
671 2004 747 2066 quos
762 1987 936 2066 compellare
950 2008 1055 2069 operae
1070 1989 1194 2069 pretium
1209 1998 1255 2051 est
1269 2026 1310 2036 -

154 2090 276 2153 amastis
302 2090 365 2152 dus
390 2090 419 2151 in
441 2089 591 2151 tradendis
618 2088 777 2168 disciplinis
804 2088 1005 2163 subtilitatem,
1032 2091 1061 2151 in
1086 2091 1309 2171 interpretandis

154 2192 349 2271 scriptoribus
371 2193 558 2272 elegantiam,
582 2193 611 2252 in
634 2190 819 2252 moderandis
836 2192 963 2267 dranum
979 2192 1234 2255 exercitationibus
1249 2193 1309 2255 sol-

153 2294 284 2367 lertiam,
299 2313 365 2375 erga
380 2295 453 2357 bene
468 2304 599 2356 muratos
614 2303 643 2356 et
657 2292 786 2357 discendi
802 2294 924 2373 cupidos
940 2294 1109 2357 comitatem
1123 2304 1308 2375 promptam-

153 2414 211 2477 que
232 2397 268 2458 ad
289 2414 376 2458 omne
396 2416 487 2476 genus
507 2396 697 2459 consiliorum
712 2404 762 2457 aut
776 2396 948 2459 auxiliorum
965 2397 1153 2471 volantatem,
1178 2398 1308 2459 animuin

153 2496 279 2577 denique
301 2498 388 2559 unius
411 2498 571 2560 honestatis
594 2507 622 2559 et
645 2497 771 2559 veritatis
795 2517 896 2560 amore
921 2500 1149 2571 inflammatum,
1175 2501 1307 2571 liberum,

150 2607 298 2671 erectum,
320 2609 350 2661 et
364 2600 505 2680 quidquid
521 2600 637 2679 agebat,
660 2600 720 2661 sive
735 2609 767 2661 ut
782 2601 864 2663 vellet
879 2602 915 2663 ab
929 2601 992 2664 aliis
1009 2603 1068 2663 sive
1083 2622 1169 2664 secus
1184 2603 1307 2683 accipie-

149 2701 244 2775 batur,
259 2710 336 2764 rcote
350 2704 493 2764 laetorum
508 2702 686 2765 conscientia
703 2712 881 2765 contentum.
916 2704 994 2767 Talis
1010 2705 1098 2784 igitur
1111 2706 1307 2786 praeceptoris

149 2806 306 2884 imaginem
323 2825 383 2867 non
399 2805 456 2867 cito
472 2825 506 2866 cx
522 2804 627 2867 animis
643 2806 745 2867 vostris
760 2806 938 2886 elapsuram,
959 2807 1010 2870 sed
1031 2808 1184 2869 haesuram
1200 2826 1307 2887 perpe·

150 2915 289 2988 tuamque
304 2909 367 2969 lore
381 2926 542 2988 speramus,
557 2908 791 2970 efficacissimum
809 2908 897 2971 Vobis
913 2910 947 2971 ad
965 2928 1085 2972 omnem
1099 2909 1234 2972 virtutem
1251 2910 1305 2971 bo·

148 3018 352 3088 nestatcmque
366 3010 595 3083 incitamentum,
611 3029 648 3070 ue
662 3018 720 3072 tam
738 3010 916 3089 praeclarum
928 3013 1093 3093 exemplum
1105 3013 1213 3075 lrustra
1225 3012 1306 3074 vobis

149 3111 338 3191 propositum
354 3111 445 3173 fuisse
460 3112 597 3175 videatur.

236 3214 328 3275 Sorib.
343 3214 375 3275 iu
391 3214 515 3277 univers.
532 3216 639 3296 Gryph.
655 3236 681 3278 a.
697 3216 725 3277 d.
741 3216 800 3277 XV.
817 3218 874 3279 Cal.
890 3217 979 3297 dpril.
997 3217 1177 3280 ubetem.
