3164 5138
652 450 691 513 17

77 636 135 698 secl
151 636 315 699 Hectoris
339 657 434 699 voce
459 637 738 711 inflammantur,
765 656 979 718 campusque
1000 638 1116 702 omnis
1136 641 1248 705 alacri

82 759 201 803 eorum
223 742 377 803 clamore
398 748 587 819 personat,
607 760 633 800 v.
655 739 799 802 70—79.
843 739 876 801 lu
891 740 937 802 his
953 743 1090 804 omnibus
1106 743 1177 808 nihil
1193 754 1247 819 est,

85 844 160 923 quod
181 844 252 923 quis
272 853 321 906 aut
336 845 410 906 huic
429 843 556 922 tempori
576 851 626 904 aut
639 842 757 904 Achillis
777 860 921 922 personae
942 863 975 905 ac
995 844 1129 907 moribus
1150 846 1247 910 minus

85 946 262 1008 conveniens
289 966 355 1008 osse
380 954 495 1025 arguat
539 945 676 1025 Sequitur
702 945 759 1007 iuro
785 945 966 1019 necessario,
990 954 1037 1020 nt,
1064 947 1133 1027 quid
1153 948 1248 1012 beria

84 1048 220 1111 Patroclo
234 1050 266 1111 in
283 1050 331 1111 tali
346 1067 446 1110 rerum
463 1055 539 1109 statu
555 1048 635 1121 relit,
651 1047 812 1127 eloquatur.
848 1048 1028 1122 Quamvis,
1045 1049 1147 1130 inquit,
1162 1051 1248 1114 baec

84 1151 129 1212 ita
148 1151 224 1214 sint
244 1142 344 1229 (ἀλλὰ
365 1147 423 1211 καὶ
446 1137 515 1226 ὧς),
541 1149 691 1211 navibus
716 1149 854 1231 quidem
879 1149 1075 1231 periculum
1099 1154 1248 1217 lortiter

84 1254 252 1329 deiende,
272 1272 318 1315 ne
332 1253 389 1314 his
404 1252 563 1314 incensis
579 1252 697 1314 reditu
711 1252 900 1332 aliquando
917 1253 951 1314 in
966 1253 1117 1334 patriam
1133 1256 1248 1319 exclu-

84 1356 224 1430 damur;
239 1356 302 1417 sel
318 1375 399 1418 cave
415 1364 529 1418 tamen
548 1375 592 1417 ne
606 1356 687 1435 plus
702 1355 812 1417 facias
829 1374 930 1435 qnam
952 1355 1016 1419 tibi
1033 1358 1174 1421 mando:
1189 1358 1248 1421 ubi

84 1459 123 1519 cle
148 1459 303 1521 navibus
330 1460 453 1521 hostes
478 1457 669 1538 repuleris,
699 1457 851 1520 ulterius
876 1460 1045 1540 persequi
1074 1462 1163 1537 noli,
1187 1463 1248 1524 sed

83 1580 193 1641 porro
226 1562 397 1624 dimicare
426 1562 460 1623 in
491 1581 612 1641 campo
643 1581 718 1623 cunr
749 1561 892 1623 Graecis
923 1563 1035 1637 sluaa,
1064 1582 1090 1624 u.
1111 1562 1247 1627 80-96.

83 1664 269 1727 Manifestum
297 1674 343 1726 est
368 1674 480 1736 autem,
507 1663 576 1725 illuil
602 1653 687 1725 ἀλλὰ
709 1657 766 1739 καὶ
788 1649 834 1737 ὦς
846 1684 871 1723 ν.
888 1664 929 1725 80
955 1682 1017 1726 uon
1042 1664 1188 1744 pertinere
1213 1667 1248 1728 acl

84 1767 182 1829 solnm
198 1767 368 1848 proximum
385 1766 563 1838 membrum,
578 1763 657 1827 νεῶν
672 1757 744 1827 α’πὸ
758 1760 871 1846 λοιγὸν
885 1756 1015 1846 α’μύνων
1031 1758 1150 1846 iiimeo'
1171 1762 1250 1833 ἐπι-

84 1864 246 1951 κρατέως,
273 1870 323 1931 sed
344 1869 444 1950 potius
469 1868 504 1930 ad
524 1867 693 1931 uuiversum
715 1867 831 1930 nullis
851 1877 1053 1949 praeceptum,
1073 1869 1157 1933 cirins
1176 1871 1250 1934 duae

86 1980 155 2032 suut
168 1978 284 2052 partes,
303 1971 405 2045 altera,
425 1989 481 2051 qua
500 1970 634 2032 concedit
648 1979 789 2050 quantum
809 1970 925 2033 efficere
940 1971 1075 2034 Patroclo
1090 1972 1248 2053 permittat,

87 2074 183 2148 utera,
199 2094 259 2155 qua
272 2074 431 2145 interdicit,
447 2092 485 2135 ne
498 2073 564 2154 plus
579 2074 674 2135 lacere
689 2072 767 2135 velit:
787 2078 875 2153 atque
888 2073 962 2136 baec
976 2074 1063 2137 altera
1079 2094 1147 2156 pers
1162 2095 1247 2156 prac-

86 2176 171 2258 cipuo
199 2177 330 2256 modam
356 2175 447 2237 modo
472 2174 644 2248 inculcatur,
671 2174 760 2236 utin
785 2192 841 2254 qna
866 2193 933 2254 uere
958 2174 997 2237 sit
1016 2171 1135 2255 μύθων
1154 2171 1247 2253 τέλος
1266 2196 1296 2247 rs

86 2285 123 2358 (r.
144 2280 199 2355 83)
221 2297 396 2359 summaque
427 2277 577 2339 sententia.
627 2276 727 2347 Potuit
746 2294 817 2338 sane
840 2276 900 2337 hoc
918 2276 1005 2338 etiam
1023 2278 1152 2358 apertius
1176 2280 1248 2353 lieri,

85 2381 194 2443 inserta
211 2381 305 2461 priori
320 2380 453 2442 membro
469 2378 609 2459 particula
621 2379 800 2451 concessiva,
816 2373 896 2440 νεῶν
909 2373 1105 2461 peristylo
1119 2371 1250 2461 uuinton

86 2475 207 2564 ipnw'
221 2474 439 2564 ἐπικρατέωςε
462 2500 556 2561 neque
571 2490 668 2543 tamen
684 2479 712 2541 io
727 2498 848 2542 necesse
863 2480 926 2555 luit,
943 2499 1034 2561 quum
1049 2482 1112 2562 ipsa
1128 2492 1246 2546 senten-

89 2587 192 2648 tiarnm
222 2584 373 2665 oppositio
393 2603 447 2663 per
465 2602 496 2644 se
516 2583 586 2645 satis
610 2589 710 2662 aperta
730 2581 777 2643 sit.
793 2617 834 2627 —-
854 2580 904 2643 Sic
922 2581 1010 2661 igitur
1034 2582 1072 2645 ab
1088 2586 1247 2666 interpola·

87 2688 174 2750 bonis
194 2686 365 2768 suspicione
383 2687 462 2748 hunc
480 2686 576 2747 locum
593 2685 665 2747 satis
679 2684 856 2747 vindicatum
871 2684 1011 2757 arbitror,
1030 2686 1135 2749 utiam
1151 2687 1247 2768 poullo

87 2791 285 2853 mundanus
300 2796 430 2869 repetere
441 2788 563 2868 possim,
578 2804 639 2848 non
653 2785 758 2860 videri,
779 2786 829 2866 qui
843 2786 920 2849 hanc
933 2794 1047 2868 purtem
1060 2788 1156 2850 iliadis
1171 2789 1247 2862 lecit,

86 2893 192 2954 librum
208 2892 248 2953 lli
264 2891 300 2953 cle
316 2891 443 2965 Λιταῖς
458 2890 606 2969 cognitum
626 2887 774 2951 habuisse.
808 2887 883 2950 Nam
899 2890 979 2970 quod
995 2889 1111 2952 obiiciat
1124 2891 1249 2953 sortasse

87 2995 206 3076 aliquis,
227 2995 259 3055 in
274 2993 369 3055 verbis
391 2993 436 3055 bis
457 3011 531 3073 quae
551 2999 621 3055 suut
639 3010 665 3053 v.
682 2991 737 3063 61,
755 2982 832 3074 ἤτοι
852 2980 935 3077 ἔφην
954 3010 991 3073 ys
1006 2984 1046 3055 ori
1061 2986 1141 3078 πρὶν
1154 3013 1248 3078 μηνι-

85 3093 177 3178 θμὸν
190 3089 457 3177 notandorum,
480 3086 549 3157 ἀλλ)
565 3086 664 3158 ὁπότ’
684 3082 780 3177 iiior)
801 3088 880 3176 νῆας
893 3087 977 3175 ἐμὰς
991 3087 1152 3181 ἀφίκηται
1169 3087 1250 3178 disq

85 3220 121 3261 τε
141 3191 312 3276 πτόλεμός
332 3217 376 3273 τε,
398 3197 505 3277 respici
520 3205 616 3259 tamen
632 3195 787 3257 manifesto
803 3195 838 3256 ad
854 3194 902 3269 lli,
918 3197 989 3269 olo,
1005 3197 1056 3259 ubi
1070 3196 1164 3259 simile
1179 3196 1249 3277 quid

85 3301 212 3364 Achilles
233 3298 401 3379 profitetur3
419 3299 477 3360 hoc
497 3298 577 3360 lacile
596 3297 731 3378 redargui
749 3304 849 3378 potest
867 3299 1022 3361 notissima
1038 3297 1249 3372 observatione,

84 3406 164 3487 qnod
191 3394 301 3487 φάναι
327 3420 538 3482 saepenumero
564 3399 651 3463 etium
670 3401 707 3462 de
733 3400 818 3463 tacita
845 3400 1019 3481 cogitatione
1044 3400 1100 3464 clici
1126 3408 1250 3474 mnsut

84 3516 189 3589 euque
202 3507 265 3568 hoc
274 3505 339 3586 ipso
354 3504 419 3566 loco
432 3504 475 3566 sic
489 3504 525 3566 ab
538 3502 707 3566 Aristarcho
719 3512 880 3585 acceptum.
907 3503 950 3566 llo
962 3505 1061 3585 possit
1075 3504 1160 3566 etianr
1175 3522 1248 3568 con·

85 3622 128 3672 tra
139 3608 253 3691 quaeri,
269 3626 322 3671 cur
334 3608 450 3669 tandem
465 3606 645 3687 probabilius
658 3606 706 3680 sit,
721 3605 785 3668 libri
798 3605 864 3668 xvi
875 3613 979 3687 poetae
990 3606 1069 3668 illuni
1082 3606 1189 3669 librum
1201 3606 1250 3681 lx,

84 3732 172 3793 qnam
187 3711 256 3773 libri
270 3710 309 3772 lx
324 3720 426 3791 poetae
440 3711 519 3772 bunc
532 3708 597 3770 lllll
612 3715 679 3770 ante
695 3707 797 3770 oculos
814 3707 912 3770 luisse.

169 3814 231 3876 Secl
251 3814 390 3894 quoniam
416 3812 481 3875 libri
508 3812 580 3874 noni
607 3810 788 3873 mentionem
815 3810 882 3886 leci,
908 3819 1023 3891 tangam
1045 3811 1142 3875 statim
1163 3810 1248 3873 etiam

85 3919 168 3981 eham
191 3917 338 3998 quandam
358 3915 554 3979 offensionem
575 3914 611 3976 ab
625 3914 681 3977 hac
701 3912 873 3991 quaestione
891 3931 952 3975 non
968 3914 1099 3978 alienam.
1130 3915 1203 3976 Nam
1220 3915 1251 3976 in

86 4021 209 4083 consilio
221 4019 400 4099 principum,
413 4038 490 4099 quos
498 4019 701 4098 Agamemnon
713 4016 891 4089 convocavit,
903 4016 1006 4079 adesse
1017 4024 1134 4097 praeter
1145 4037 1251 4098 expec-

88 4124 224 4187 tationem
240 4123 327 4185 etiam
343 4122 523 4185 Phoenicem
534 4121 676 4192 videmus,
691 4118 843 4179 hominem
858 4118 954 4181 adhue
968 4120 1052 4199 plone
1063 4119 1150 4182 nobis
1165 4120 1251 4199 igno·

88 4236 160 4301 nrm,
186 4237 217 4289 ut
232 4226 317 4289 cuius
344 4227 375 4288 in
398 4224 601 4306 superioribus
621 4221 703 4284 libris
729 4220 807 4283 nulla
828 4240 952 4303 usquam
978 4221 1088 4285 mentio
1109 4222 1184 4283 lacta
1205 4219 1252 4281 sit

92 4329 197 4403 Quodsi
211 4330 393 4413 quaerimus,
415 4327 481 4408 quis
495 4326 534 4389 sit
547 4326 593 4387 ille
607 4322 754 4396 Phoenix,
775 4322 839 4403 ipse
853 4323 939 4386 nobis
954 4324 1051 4403 poullo
1065 4332 1136 4403 post
1150 4322 1252 4402 aperit,

90 4433 247 4514 Amyntoris
275 4453 310 4496 sc
336 4431 431 4494 lilium
457 4449 535 4504 esse,
560 4426 653 4509 poetria
673 4434 833 4499 extorrem,
863 4426 1000 4499 aPeleo,
1025 4424 1143 4487 lconis
1162 4428 1255 4501 patre,

121 4536 166 4601 ιη
898 4518 906 4533 “
1032 4527 1054 4586 2
