3178 5136
442 1526 507 1617 All
540 1521 774 1618 serleonis
808 1522 988 1618 allona

224 1810 316 1901 Aaou
331 1831 409 1908 apud
417 1831 588 1892 Terentium
597 1830 720 1910 legimus
735 1832 772 1893 de
780 1830 951 1893 hominibus
967 1828 1125 1909 sapientiae
1140 1846 1211 1889 suae
1225 1827 1291 1906 plns
1310 1838 1326 1890 3

133 1930 216 2010 jamto
232 1932 365 2005 conlisis,
379 1932 473 1995 lacere
487 1951 539 1994 eos
547 1932 852 2012 intelligendoutnihil
859 1932 1031 2011 intelligant,
1045 1930 1074 1991 id
1090 1929 1176 1991 nobis
1191 1947 1295 2009 saepe-

137 2051 267 2096 numero
285 2034 317 2096 iu
331 2036 475 2114 quosdam
490 2046 620 2097 veterum
639 2034 818 2114 scriptorum
836 2034 1011 2114 interpretes
1031 2033 1185 2095 convenire
1199 2032 1296 2093 visiun

137 2144 196 2209 eet,
215 2155 347 2216 quorum
362 2146 394 2198 ut
409 2138 533 2218 quinam
547 2144 575 2199 et
589 2136 624 2198 ah
639 2137 756 2215 iugenio
771 2144 801 2198 et
814 2155 831 2197 a
847 2136 979 2198 doctrina
993 2133 1238 2196 instructissimus
1252 2133 1295 2195 vi-

136 2237 200 2300 leri
213 2238 286 2312 ruit,
298 2238 338 2300 ita
353 2239 519 2301 difficillime
533 2239 694 2310 adducitur,
705 2248 738 2300 ut
752 2239 860 2318 alqnid
872 2238 960 2300 etiam
976 2256 992 2299 a
1007 2256 1039 2299 se
1053 2236 1196 2298 nonsatis
1211 2235 1296 2297 intel-

136 2339 187 2419 ligi
206 2341 395 2412 conliteamr,
421 2343 590 2422 qtueritque
608 2340 707 2420 potius
725 2341 879 2402 artificium
895 2340 1026 2421 aliquod,
1050 2358 1123 2422 quo,
1149 2357 1222 2418 quae
1235 2356 1297 2399 non

137 2451 293 2505 noemam
308 2443 359 2514 sit,
384 2442 514 2505 naemu
527 2452 625 2505 amen
645 2443 826 2523 explicasse.
869 2444 913 2505 llx
926 2444 986 2504 hoc
1004 2460 1110 2523 genere
1124 2442 1297 2521 exemplum,

136 2563 232 2607 mum
249 2545 286 2606 ‹le
300 2544 413 2620 multis,
440 2563 520 2607 nunc
534 2545 635 2618 Vobis,
660 2546 898 2618 Commilitones,
920 2564 1089 2626 proponere
1105 2544 1296 2617 decrevimus,

137 2665 214 2727 quo,
230 2647 258 2708 si
271 2646 344 2708 nihil
358 2646 449 2720 aliud,
464 2647 523 2708 hoc
537 2655 613 2709 certe
628 2647 756 2718 discutis,
776 2665 837 2709 non
853 2656 961 2710 temere
976 2648 1084 2728 ubique
1098 2647 1211 2726 magnis
1231 2646 1296 2708 istis

137 2750 351 2829 interpretandi
366 2749 524 2811 artificibus
539 2749 627 2810 tidem
641 2748 803 2810 habendam
819 2768 894 2810 esse.

223 2851 310 2931 Apud
325 2852 502 2932 Sophoclem
517 2852 548 2913 in
561 2852 648 2931 Aiace
658 2853 860 2930 Agamemnon
872 2852 1018 2914 Teucrum
1034 2850 1201 2931 objurgans,
1216 2849 1297 2928 quod

135 2953 227 3015 nimis
256 2954 410 3034 magnifiee
431 2963 461 3016 et
483 2972 549 3016 eum
572 2954 666 3034 ipsius
687 2955 917 3032 Agamemnonis
943 2963 1164 3032 remorumque
1189 2951 1296 3014 dueum

135 3064 312 3137 contemptu
322 3056 419 3136 Ajaois
435 3057 569 3118 virtutem
585 3055 806 3135 praedicaverit,
827 3056 899 3118 haec
917 3056 956 3117 ait
971 3075 1013 3117 vv.
1032 3054 1122 3116 1236.
1141 3053 1231 3116 1237.
1247 3055 1296 3116 Br.

342 3151 444 3220 ποίου
465 3151 625 3240 κέκραγας
640 3147 758 3241 ἀνδρὸς
779 3143 841 3218 ὧδ’
863 3150 1068 3243 intempore,

339 3259 404 3322 ποῖ
423 3253 551 3340 plenos,
574 3249 597 3343 ἢ
617 3251 854 3334 conueniatur,
878 3246 983 3341 οὗπερ
1005 3250 1064 3322 οὐκ
1086 3252 1164 3342 ey‹o'‚·

213 3364 247 3425 la.
269 3382 297 3424 e.
341 3363 377 3424 (le
391 3362 468 3443 quali
482 3363 545 3424 viro
560 3381 662 3443 crepas
674 3370 733 3424 tam
747 3360 922 3441 magnilica?

342 3482 401 3543 quo
415 3465 566 3544 prolectas
580 3463 627 3525 ille
642 3472 697 3538 est
708 3472 759 3526 aut
772 3464 822 3526 ulri
838 3465 977 3538 constitit,
992 3464 1042 3527 uhi
1057 3483 1119 3528 non
1133 3465 1211 3545 ego?

223 3565 340 3641 Quibus
355 3565 450 3628 verbis
464 3565 537 3627 nilril
552 3565 629 3628 aliud
646 3565 715 3628 dicit
729 3569 941 3645 Agamemnon,
957 3586 1045 3647 quam
1059 3584 1121 3629 non
1136 3571 1296 3650 essequod

135 3669 235 3752 Aiacis
249 3669 342 3731 virtus
358 3678 497 3749 tunquam
512 3668 749 3748 incomparabilis
764 3670 955 3749 praedicatur,
971 3670 1080 3749 quippe
1094 3672 1144 3751 qui
1156 3671 1228 3734 nihil
1239 3673 1296 3734 uisi

135 3790 240 3835 meum
253 3789 313 3833 una
326 3772 460 3851 gesserit
475 3771 586 3834 nullum
601 3771 632 3833 in
647 3771 792 3852 proelium
807 3773 955 3852 proiectus
970 3772 1017 3845 sit,
1031 3790 1178 3853 nusquam
1195 3775 1297 3837 adrer-

135 3892 192 3936 sus
206 3873 311 3934 hostes
325 3873 503 3947 constiterit,
522 3873 580 3935 nisi
594 3892 661 3936 cnm
676 3875 904 3953 Agamemnone.
947 3876 1042 3955 Atque
1061 3876 1138 3938 hane
1156 3895 1221 3938 esse
1240 3878 1298 3939 lio-

134 3994 205 4037 rum
231 3992 369 4039 versuum
394 3984 526 4039 mentem
548 3976 697 4039 neminem
715 3985 846 4039 restrum
871 3994 933 4040 uon
958 3977 1057 4040 statim
1083 3978 1296 4043 intellecturum

136 4078 333 4151 confidimus,
358 4096 454 4159 neque
480 4079 637 4160 quisquam
656 4079 751 4141 adhuc
769 4079 850 4141 aliter
873 4080 1079 4162 interpretatus
1100 4091 1155 4156 est,
1182 4090 1298 4162 praeter

135 4197 235 4242 unum
249 4180 406 4255 editorem,
427 4199 553 4261 eumque
568 4180 701 4243 omnium
716 4182 803 4261 longe
821 4181 1095 4256 celebratissimum,
1114 4183 1164 4263 qui
1179 4183 1297 4245 alterim

135 4281 258 4361 quidem
269 4300 373 4344 versus
384 4282 607 4364 explicationem
622 4283 763 4364 proponit
773 4285 857 4364 plane
871 4284 1026 4347 dirorum.
1059 4284 1119 4345 Pro
1134 4282 1197 4344 ποῖ
1210 4282 1298 4352 enim,

135 4382 220 4464 quod
240 4383 418 4447 allrrmclrio
437 4394 468 4447 et
484 4384 634 4448 Erlurdu'o
654 4385 781 4448 duorum
802 4385 938 4449 codicum
958 4382 1128 4447 testimonio
1147 4388 1297 4461 reoeptum
