3284 5152
708 471 860 573 Α

204 662 331 727 torhere
344 659 450 744 eliquit
463 660 497 726 ri
517 654 568 748 δή.
586 658 824 743 mendaquioam
840 659 959 725 alteriue
973 658 1132 742 particulae
1150 676 1240 724 neum
1254 657 1365 726 Porro·

204 776 262 828 nus
276 765 397 844 eiusque
416 771 579 827 scototores
599 782 616 827 a
635 764 814 845 tragicorum
835 780 972 827 aermonc
992 763 1161 826 excludunt
1205 762 1264 826 Sed
1285 771 1366 829 recte

205 868 335 931 oblocuti
349 877 421 931 sunt
433 866 533 930 fitius
547 866 584 930 ati
599 866 704 929 Electr.
720 886 747 928 r.
763 863 835 937 att
851 864 965 945 Pilugir.
980 864 1016 927 ati
1033 864 1134 927 Helen.
1148 883 1176 926 r.
1195 865 1285 929 1246.
1321 865 1367 930 Ab

204 970 345 1052 Euripide
360 981 448 1045 certa,
463 970 548 1033 ouius
562 969 728 1051 tragoediae
742 968 917 1051 plerumque
938 968 974 1032 ud
996 966 1141 1050 pedestris
1157 967 1298 1031 orationis
1313 968 1366 1032 ha·

206 1072 301 1137 bitum
321 1079 416 1137 mutto
435 1074 558 1155 propius
578 1090 666 1153 quam
687 1082 857 1136 ceterorum
877 1072 1030 1144 succuum,
1050 1066 1108 1137 tat
1128 1088 1190 1135 non
1209 1070 1367 1150 abiudicari

205 1184 315 1258 potest.
358 1174 397 1238 ct
417 1180 449 1238 ei
465 1175 616 1238 Hermann
640 1174 676 1237 ed
692 1174 787 1255 Viger.
803 1193 832 1256 p.
849 1174 922 1238 346.

292 1276 467 1355 Antequam
483 1276 537 1338 lun
562 1277 823 1357 interrogationem
843 1294 928 1340 auam
956 1280 1051 1341 tetam
1079 1273 1203 1357 protulit
1229 1274 1369 1339 inseritur

207 1379 333 1443 Creusae
348 1378 543 1461 compellatio,
565 1386 599 1441 ut
618 1379 687 1460 quid
705 1379 744 1441 eit
766 1378 803 1441 tle
825 1397 884 1460 quo
905 1398 938 1442 ae
956 1379 1073 1443 edoceri
1091 1378 1190 1460 cupiat
1203 1377 1367 1460 eloquetur,

206 1468 309 1546 ititem
324 1491 462 1564 utsupra
477 1500 500 1543 r.
518 1481 580 1542 ert
600 1481 710 1545 semum
731 1480 875 1544 vitemus.
924 1481 986 1545 Nec
1014 1498 1084 1544 sune
1106 1481 1234 1544 dubitari
1259 1491 1367 1564 potest,

207 1586 278 1666 quin
294 1584 321 1647 tt
336 1604 353 1648 a
369 1593 453 1665 poeta
469 1583 693 1665 stichompthiae
708 1583 895 1666 potissimum
911 1603 997 1647 causa
1009 1585 1053 1648 sic
1062 1583 1233 1647 institutum
1244 1586 1302 1658 sit;
1315 1586 1368 1649 eet

205 1694 307 1750 tumen
322 1687 380 1750 hoc
396 1689 462 1750 loco
484 1704 544 1749 non
565 1687 663 1749 mittun
682 1705 771 1768 quam
789 1688 839 1750 itio
860 1690 950 1750 attero
971 1686 1194 1750 haesitationem
1219 1688 1368 1769 quandam

206 1789 416 1854 adolescentuli
431 1788 587 1869 significari
602 1789 744 1860 olemus,
759 1790 889 1854 verentis
903 1789 1023 1861 seilicet,
1044 1807 1081 1851 ne
1091 1790 1304 1875 'interrogando
1320 1808 1368 1853 ra-

206 1894 292 1974 pinae
307 1896 451 1956 molestus
466 1893 506 1955 sit
520 1910 644 1974 eamque
660 1891 698 1954 ab
713 1910 831 1956 causam
848 1894 947 1972 paullo
962 1892 1075 1955 tardius
1089 1894 1253 1974 loquentis,
1273 1893 1370 1956 intuli

204 1995 378 2078 praesertim
400 1997 446 2067 rc,
467 1993 551 2058 ouius
572 1993 751 2056 mentionem
774 1995 872 2057 minus
894 2003 1005 2076 gratam
1027 1992 1068 2056 iiii
1083 1994 1147 2058 iore
1158 2002 1369 2077 praesumeret.

207 2098 339 2161 Omnino
354 2108 452 2160 autern
469 2115 529 2159 non
545 2113 664 2178 semper
679 2101 738 2158 tarn
760 2097 852 2176 rigide
874 2096 1098 2177 stichcmpthiae
1115 2097 1254 2176 legemah
1281 2097 1370 2161 Euri·

208 2200 278 2282 pitle
292 2200 475 2262 observatam
491 2198 588 2270 creato.
606 2203 639 2260 ui
654 2214 804 2278 nunquam
821 2198 860 2261 ah
871 2217 907 2261 ea
921 2197 1070 2260 ‹liecedere
1088 2198 1264 2272 uoueret⁴l3
1286 2200 1369 2264 ideo·

213 2320 270 2383 que
289 2303 389 2364 nmcio
409 2319 447 2364 an
465 2303 530 2364 aine
549 2319 635 2364 cansa
658 2301 689 2363 in
710 2319 735 2361 r.
755 2299 828 2374 tot,
850 2301 901 2363 uhi
921 2300 956 2363 ad
978 2318 1071 2363 unum
1093 2300 1172 2363 ionis
1193 2302 1369 2365 versiculum

214 2407 322 2469 &susa
337 2404 453 2469 duobus
467 2404 636 2485 respondet.
652 2403 777 2466 alterum
792 2403 870 2469 iliius
885 2421 1001 2466 versum
1019 2402 1215 2466 liirohhoiflua
1230 2404 1371 2469 excidisse

212 2508 387 2589 suspicetur.
432 2506 506 2569 Nam
522 2507 557 2569 ad
571 2506 749 2569 sententiam
765 2514 844 2570 cama
858 2505 931 2569 nihil
944 2504 984 2569 ibi
998 2505 1157 2569 uendereri
1172 2515 1302 2588 apparet.

220 2604 224 2609 ’
297 2611 332 2673 ln
346 2611 472 2674 Cretaeae
487 2608 592 2681 veritis,
605 2627 633 2669 r,
649 2607 722 2681 288,

376 2712 410 2776 ri
429 2703 523 2796 χρῆμ’
546 2705 686 2796 &praepter
705 2708 762 2775 καὶ
783 2704 844 2790 reip
866 2702 905 2772 oa}
925 2702 1039 2791 κάμνω
1061 2704 1170 2796 σχολῇ.

212 2817 287 2881 haec
300 2823 449 2899 postrema
463 2832 615 2897 perperam
631 2832 648 2877 a
662 2813 764 2877 multia
778 2821 895 2895 acceptu
910 2831 975 2875 esse
987 2812 1079 2877 rideo.
1102 2813 1282 2877 Convertunt
1292 2813 1371 2879 enim

214 2919 292 2981 Non
321 2919 473 2981 moleste
501 2915 582 2978 lero
611 2914 810 2977 heeotiutn
840 2914 999 2986 Brodaeue.
1030 2914 1164 2989 notatus,
1194 2915 1313 2991 liuius,
1342 2926 1373 2981 at

213 3013 333 3099 σχολήν
348 3017 470 3081 Bothius
485 3016 684 3097 „colloquium
707 3034 760 3098 per
774 3017 868 3080 otium
882 3015 1037 3079 hobitum‘
1052 3017 1216 3098 significare
1229 3024 1370 3082 autumat

214 3122 303 3202 Atqui
321 3120 435 3183 etiarnsi
456 3136 671 3201 nonnunquam
693 3114 795 3200 σχολή
816 3120 852 3182 de
870 3119 1057 3183 sermonibus
1078 3118 1247 3194 timenter,
1270 3121 1370 3201 quales

213 3225 259 3286 rel
274 3223 408 3286 rhetores
428 3222 473 3284 rel
493 3221 660 3304 philosophi
684 3221 715 3284 in
735 3222 923 3303 consessibus
944 3221 1052 3285 hubent
1071 3221 1148 3299 (rid.
1169 3222 1372 3303 Wpttenhaoh.

214 3325 251 3391 ad
267 3324 412 3388 Plutarch.
429 3324 484 3406 lp.
502 3325 574 3387 306.
618 3324 722 3388 Bachr.
737 3325 773 3388 ed
789 3326 969 3407 Philopoem.
987 3343 1017 3406 p.
1034 3323 1063 3386 tt.
1083 3341 1139 3386 uos
1159 3324 1197 3387 ael
1211 3324 1322 3387 eleum.
1344 3343 1373 3406 p.

216 3426 302 3501 tort,
318 3433 416 3491 tamen
432 3427 480 3489 hia
493 3445 567 3490 naue
580 3427 752 3490 recentioris
766 3428 886 3489 demum
901 3426 1006 3490 aetatis
1019 3433 1075 3497 eet,
1090 3430 1120 3487 et
1129 3442 1168 3487 uc
1177 3434 1242 3489 tum
1254 3426 1374 3509 quidem

216 3530 373 3613 qucquam
389 3529 558 3593 huiusmodi
572 3528 764 3611 colloquium,
788 3529 872 3610 quale
892 3528 950 3591 hoc
970 3536 1015 3589 est
1030 3527 1108 3589 inter
1121 3527 1223 3591 lonem
1237 3537 1268 3592 et
1282 3530 1374 3593 Creu·

217 3651 294 3703 ram,
325 3627 443 3713 σχολὴν
464 3629 592 3694 dixisset.
638 3630 751 3704 Quodsi
777 3631 843 3713 quie
863 3631 940 3694 hanc
959 3630 1078 3711 quidem
1102 3629 1373 3711 interpretationem

216 3741 337 3818 respuat
351 3739 381 3796 et
396 3727 514 3817 σχολήν
526 3732 649 3813 accipiat
663 3752 717 3817 pro
732 3744 897 3816 temporo
911 3752 1040 3806 veruo,
1054 3741 1089 3796 ut
1103 3732 1210 3796 meme
1224 3732 1301 3797 ticet
1313 3748 1376 3796 non

217 3856 303 3919 aeguo
316 3856 349 3900 sa
362 3836 442 3899 terre
455 3835 534 3917 quoi
550 3836 644 3898 otium
660 3835 696 3899 ad
710 3835 956 3901 mutatutmtom
979 3835 1034 3897 sihi
1048 3840 1187 3918 suppetat
1199 3834 1325 3916 ideoque
1338 3835 1375 3899 li-

217 3939 322 4003 hentcr
341 3938 443 4001 Ionem
463 3937 640 4007 sortiturum,
659 3972 703 3986 -
722 3938 844 4001 verbum
865 3933 1002 4018 eripuere
1021 3953 1081 4000 non
1100 3954 1205 4018 aegre
1229 3937 1377 4001 ferentii

219 4042 271 4105 seri
287 4039 478 4105 laborandi
497 4039 597 4122 potius
617 4039 857 4121 significationem
878 4039 987 4104 habere
1010 4040 1206 4103 monebimus.
1257 4039 1377 4104 Rectius

220 4144 352 4224 igiturit
366 4143 418 4224 qui
433 4150 598 4206 verutum:
614 4158 686 4203 uon
700 4142 831 4206 laboro
845 4143 937 4211 otio.
951 4140 1041 4223 idque
1055 4158 1127 4205 rton
1141 4143 1269 4208 lehoro
1283 4143 1376 4207 iuter·

221 4255 375 4327 preuutur
387 4243 701 4326 erminthrude.
744 4245 885 4309 Poterant
898 4243 986 4308 mhm
1000 4261 1073 4307 non
1087 4244 1213 4310 laboro
1227 4245 1274 4308 ab
1288 4245 1376 4319 otio,

222 4384 423 4408 ῡ--ιιο-ιΙ-η-

291 4416 319 4532 ⁴i
334 4464 378 4520 Sia
389 4465 487 4522 latitat
498 4465 575 4521 ettam
586 4465 702 4535 liripalm
713 4464 842 4523 netum.
854 4463 874 4521 l.
886 4465 911 4520 i.
923 4464 1096 4520 harterraleh.
1107 4462 1199 4535 Gyan.
1208 4462 1247 4521 tx
1258 4479 1285 4535 ,μ
1292 4463 1342 4520 tot
1350 4465 1378 4520 Ι.
