<?xml version="1.0" encoding="UTF-8"?>
<!DOCTYPE html PUBLIC "-//W3C//DTD XHTML 1.0 Transitional//EN"
    "http://www.w3.org/TR/xhtml1/DTD/xhtml1-transitional.dtd">
<html xmlns="http://www.w3.org/1999/xhtml" xml:lang="en" lang="en">
 <head>
  <title>
</title>
<meta http-equiv="Content-Type" content="text/html;charset=utf-8" />
  <meta name='ocr-system' content='tesseract 3.04.00' />
  <meta name='ocr-capabilities' content='ocr_page ocr_carea ocr_par ocr_line ocrx_word'/>
</head>
<body>
  <div class='ocr_page' id='page_1' title='image "./opusculaacademi00schogoog_0545.png"; bbox 0 0 3290 5142; ppageno 0'>
   <div class='ocr_carea' id='block_1_1' title="bbox 768 376 889 485">
    <p class='ocr_par' dir='ltr' id='par_1_1' title="bbox 768 376 889 485">
     <span class='ocr_line' id='line_1_1' title="bbox 768 376 889 485; baseline 0 0"><span class='ocrx_word' id='word_1_1' title='bbox 768 376 778 392; x_wconf 47' lang='lat'>⁸</span> <span class='ocrx_word' id='word_1_2' title='bbox 846 421 889 485; x_wconf 78' lang='lat' dir='ltr'><strong>ec</strong></span> 
     </span>
    </p>
   </div>
   <div class='ocr_carea' id='block_1_2' title="bbox 795 508 945 518">
    <p class='ocr_par' dir='ltr' id='par_1_2' title="bbox 795 494 945 518">
     <span class='ocr_line' id='line_1_2' title="bbox 795 508 945 518; baseline 0.013 -1"><span class='ocrx_word' id='word_1_3' title='bbox 795 508 855 517; x_wconf 45' lang='lat' dir='ltr'>a</span> <span class='ocrx_word' id='word_1_4' title='bbox 856 510 945 518; x_wconf 53' lang='lat' dir='ltr'><strong>-Q</strong></span> 
     </span>
    </p>
   </div>
   <div class='ocr_carea' id='block_1_3' title="bbox 280 609 1477 4277">
    <p class='ocr_par' dir='ltr' id='par_1_3' title="bbox 286 609 1442 797">
     <span class='ocr_line' id='line_1_3' title="bbox 286 609 1442 695; baseline 0.001 -21"><span class='ocrx_word' id='word_1_5' title='bbox 286 612 465 695; x_wconf 78' lang='lat' dir='ltr'><strong>Theognidis</strong></span> <span class='ocrx_word' id='word_1_6' title='bbox 484 610 643 681; x_wconf 83' lang='lat' dir='ltr'><strong>versiculos</strong></span> <span class='ocrx_word' id='word_1_7' title='bbox 658 609 825 673; x_wconf 84' lang='lat' dir='ltr'><strong>Solomonis</strong></span> <span class='ocrx_word' id='word_1_8' title='bbox 838 610 999 693; x_wconf 76' lang='lat' dir='ltr'>proverbiis</span> <span class='ocrx_word' id='word_1_9' title='bbox 1011 609 1221 693; x_wconf 76' lang='lat' dir='ltr'><strong>prmierendos</strong></span> <span class='ocrx_word' id='word_1_10' title='bbox 1234 609 1442 692; x_wconf 68' lang='lat' dir='ltr'><strong>pronuntiasse</strong></span> 
     </span>
     <span class='ocr_line' id='line_1_4' title="bbox 287 711 1054 797; baseline -0.004 -19"><span class='ocrx_word' id='word_1_11' title='bbox 287 714 423 778; x_wconf 82' lang='lat' dir='ltr'><strong>dicituro</strong></span> <span class='ocrx_word' id='word_1_12' title='bbox 438 714 555 797; x_wconf 76' lang='lat' dir='ltr'><strong>cyrillo,</strong></span> <span class='ocrx_word' id='word_1_13' title='bbox 570 721 623 777; x_wconf 88' lang='lat' dir='ltr'><strong>ctr.</strong></span> <span class='ocrx_word' id='word_1_14' title='bbox 638 712 739 776; x_wconf 86' lang='lat' dir='ltr'><strong>Iulian.</strong></span> <span class='ocrx_word' id='word_1_15' title='bbox 754 712 805 776; x_wconf 82' lang='lat' dir='ltr'><strong>vll</strong></span> <span class='ocrx_word' id='word_1_16' title='bbox 819 731 848 795; x_wconf 94' lang='lat' dir='ltr'><strong>p.</strong></span> <span class='ocrx_word' id='word_1_17' title='bbox 865 711 929 774; x_wconf 78' lang='lat'><strong>224</strong></span> <span class='ocrx_word' id='word_1_18' title='bbox 943 713 1054 795; x_wconf 83' lang='lat' dir='ltr'><strong>Spauh.</strong></span> 
     </span>
    </p>

    <p class='ocr_par' dir='ltr' id='par_1_4' title="bbox 280 813 1477 4277">
     <span class='ocr_line' id='line_1_5' title="bbox 373 813 1445 895; baseline -0.003 -15"><span class='ocrx_word' id='word_1_19' title='bbox 373 818 432 880; x_wconf 85' lang='lat' dir='ltr'><strong>Sed</strong></span> <span class='ocrx_word' id='word_1_20' title='bbox 457 817 494 879; x_wconf 89' lang='lat' dir='ltr'><strong>de</strong></span> <span class='ocrx_word' id='word_1_21' title='bbox 512 816 682 879; x_wconf 89' lang='lat' dir='ltr'><strong>huiusmodi</strong></span> <span class='ocrx_word' id='word_1_22' title='bbox 700 815 878 879; x_wconf 77' lang='lat' dir='ltr'><strong>testimoniis</strong></span> <span class='ocrx_word' id='word_1_23' title='bbox 896 822 965 881; x_wconf 91' lang='lat' dir='ltr'><strong>utut</strong></span> <span class='ocrx_word' id='word_1_24' title='bbox 983 814 1173 889; x_wconf 90' lang='lat' dir='ltr'><strong>iudicabitur,</strong></span> <span class='ocrx_word' id='word_1_25' title='bbox 1199 813 1295 895; x_wconf 83' lang='lat' dir='ltr'><strong>prisca</strong></span> <span class='ocrx_word' id='word_1_26' title='bbox 1315 820 1395 878; x_wconf 87' lang='lat' dir='ltr'><strong>certe</strong></span> <span class='ocrx_word' id='word_1_27' title='bbox 1413 822 1445 878; x_wconf 92' lang='lat' dir='ltr'><strong>et</strong></span> 
     </span>
     <span class='ocr_line' id='line_1_6' title="bbox 285 916 1444 999; baseline 0 -18"><span class='ocrx_word' id='word_1_28' title='bbox 285 918 411 999; x_wconf 78' lang='lat' dir='ltr'><strong>genuina</strong></span> <span class='ocrx_word' id='word_1_29' title='bbox 426 918 683 999; x_wconf 83' lang='lat' dir='ltr'><strong>Theognideorum</strong></span> <span class='ocrx_word' id='word_1_30' title='bbox 699 919 864 981; x_wconf 89' lang='lat' dir='ltr'><strong>carminum</strong></span> <span class='ocrx_word' id='word_1_31' title='bbox 877 918 974 983; x_wconf 82' lang='lat' dir='ltr'><strong>forma</strong></span> <span class='ocrx_word' id='word_1_32' title='bbox 989 918 1082 999; x_wconf 85' lang='lat' dir='ltr'><strong>qualis</strong></span> <span class='ocrx_word' id='word_1_33' title='bbox 1095 916 1186 980; x_wconf 79' lang='lat' dir='ltr'><strong>luerit</strong></span> <span class='ocrx_word' id='word_1_34' title='bbox 1199 936 1236 980; x_wconf 85' lang='lat' dir='ltr'><strong>ex</strong></span> <span class='ocrx_word' id='word_1_35' title='bbox 1246 917 1328 983; x_wconf 85' lang='lat' dir='ltr'><strong>nullo</strong></span> <span class='ocrx_word' id='word_1_36' title='bbox 1339 934 1444 981; x_wconf 88' lang='lat' dir='ltr'><strong>eorum</strong></span> 
     </span>
     <span class='ocr_line' id='line_1_7' title="bbox 286 1019 1447 1103; baseline -0.002 -18"><span class='ocrx_word' id='word_1_37' title='bbox 286 1021 425 1101; x_wconf 88' lang='lat' dir='ltr'><strong>cognosci</strong></span> <span class='ocrx_word' id='word_1_38' title='bbox 444 1027 556 1103; x_wconf 89' lang='lat' dir='ltr'><strong>potest,</strong></span> <span class='ocrx_word' id='word_1_39' title='bbox 577 1038 633 1083; x_wconf 92' lang='lat' dir='ltr'><strong>nec</strong></span> <span class='ocrx_word' id='word_1_40' title='bbox 652 1019 828 1082; x_wconf 79' lang='lat' dir='ltr'><strong>mirabimur</strong></span> <span class='ocrx_word' id='word_1_41' title='bbox 846 1025 1002 1101; x_wconf 88' lang='lat' dir='ltr'><strong>propterea</strong></span> <span class='ocrx_word' id='word_1_42' title='bbox 1021 1019 1182 1083; x_wconf 84' lang='lat' dir='ltr'><strong>admodum</strong></span> <span class='ocrx_word' id='word_1_43' title='bbox 1200 1020 1295 1083; x_wconf 75' lang='lat' dir='ltr'><strong>ranas</strong></span> <span class='ocrx_word' id='word_1_44' title='bbox 1315 1019 1447 1083; x_wconf 80' lang='lat' dir='ltr'><strong>virorum</strong></span> 
     </span>
     <span class='ocr_line' id='line_1_8' title="bbox 286 1121 1446 1204; baseline 0 -19"><span class='ocrx_word' id='word_1_45' title='bbox 286 1124 443 1187; x_wconf 89' lang='lat' dir='ltr'><strong>doctorum</strong></span> <span class='ocrx_word' id='word_1_46' title='bbox 468 1124 523 1186; x_wconf 87' lang='lat' dir='ltr'><strong>hac</strong></span> <span class='ocrx_word' id='word_1_47' title='bbox 547 1122 584 1184; x_wconf 91' lang='lat' dir='ltr'><strong>de</strong></span> <span class='ocrx_word' id='word_1_48' title='bbox 609 1139 642 1185; x_wconf 87' lang='lat' dir='ltr'><strong>re</strong></span> <span class='ocrx_word' id='word_1_49' title='bbox 667 1122 851 1186; x_wconf 88' lang='lat' dir='ltr'><strong>coniecturas</strong></span> <span class='ocrx_word' id='word_1_50' title='bbox 871 1141 945 1185; x_wconf 87' lang='lat' dir='ltr'><strong>esse.</strong></span> <span class='ocrx_word' id='word_1_51' title='bbox 980 1121 1056 1184; x_wconf 88' lang='lat' dir='ltr'><strong>Nam</strong></span> <span class='ocrx_word' id='word_1_52' title='bbox 1076 1139 1169 1202; x_wconf 88' lang='lat' dir='ltr'><strong>quum</strong></span> <span class='ocrx_word' id='word_1_53' title='bbox 1189 1121 1322 1204; x_wconf 84' lang='lat' dir='ltr'><strong>plerique</strong></span> <span class='ocrx_word' id='word_1_54' title='bbox 1341 1122 1446 1203; x_wconf 86' lang='lat' dir='ltr'><strong>alogias</strong></span> 
     </span>
     <span class='ocr_line' id='line_1_9' title="bbox 285 1224 1447 1307; baseline -0.002 -19"><span class='ocrx_word' id='word_1_55' title='bbox 285 1227 376 1290; x_wconf 91' lang='lat' dir='ltr'><strong>modo</strong></span> <span class='ocrx_word' id='word_1_56' title='bbox 397 1225 544 1306; x_wconf 89' lang='lat' dir='ltr'><strong>longiores</strong></span> <span class='ocrx_word' id='word_1_57' title='bbox 558 1225 648 1290; x_wconf 89' lang='lat' dir='ltr'><strong>modo</strong></span> <span class='ocrx_word' id='word_1_58' title='bbox 662 1224 828 1301; x_wconf 75' lang='lat' dir='ltr'><strong>breviores,</strong></span> <span class='ocrx_word' id='word_1_59' title='bbox 848 1225 901 1288; x_wconf 91' lang='lat' dir='ltr'><strong>aed</strong></span> <span class='ocrx_word' id='word_1_60' title='bbox 915 1225 1039 1289; x_wconf 82' lang='lat' dir='ltr'><strong>refertus</strong></span> <span class='ocrx_word' id='word_1_61' title='bbox 1054 1242 1157 1287; x_wconf 88' lang='lat' dir='ltr'><strong>omncs</strong></span> <span class='ocrx_word' id='word_1_62' title='bbox 1172 1224 1335 1307; x_wconf 83' lang='lat' dir='ltr'><strong>praeceptis</strong></span> <span class='ocrx_word' id='word_1_63' title='bbox 1349 1232 1380 1287; x_wconf 91' lang='lat' dir='ltr'><strong>et</strong></span> <span class='ocrx_word' id='word_1_64' title='bbox 1392 1225 1447 1287; x_wconf 87' lang='lat' dir='ltr'><strong>ad-</strong></span> 
     </span>
     <span class='ocr_line' id='line_1_10' title="bbox 286 1325 1447 1408; baseline -0.001 -17"><span class='ocrx_word' id='word_1_65' title='bbox 286 1327 498 1391; x_wconf 88' lang='lat' dir='ltr'><strong>monitionibus</strong></span> <span class='ocrx_word' id='word_1_66' title='bbox 512 1327 588 1389; x_wconf 86' lang='lat' dir='ltr'><strong>ritae</strong></span> <span class='ocrx_word' id='word_1_67' title='bbox 602 1327 647 1389; x_wconf 88' lang='lat' dir='ltr'><strong>vel</strong></span> <span class='ocrx_word' id='word_1_68' title='bbox 661 1326 797 1407; x_wconf 83' lang='lat' dir='ltr'><strong>privatim</strong></span> <span class='ocrx_word' id='word_1_69' title='bbox 811 1325 857 1388; x_wconf 83' lang='lat' dir='ltr'><strong>vel</strong></span> <span class='ocrx_word' id='word_1_70' title='bbox 870 1326 986 1408; x_wconf 86' lang='lat' dir='ltr'><strong>publice</strong></span> <span class='ocrx_word' id='word_1_71' title='bbox 999 1333 1080 1389; x_wconf 86' lang='lat' dir='ltr'><strong>recte</strong></span> <span class='ocrx_word' id='word_1_72' title='bbox 1094 1327 1233 1408; x_wconf 85' lang='lat' dir='ltr'><strong>agendae,</strong></span> <span class='ocrx_word' id='word_1_73' title='bbox 1248 1329 1285 1390; x_wconf 85' lang='lat' dir='ltr'><strong>od</strong></span> <span class='ocrx_word' id='word_1_74' title='bbox 1300 1326 1447 1391; x_wconf 88' lang='lat' dir='ltr'><strong>iuniorem</strong></span> 
     </span>
     <span class='ocr_line' id='line_1_11' title="bbox 285 1428 1447 1511; baseline 0.001 -19"><span class='ocrx_word' id='word_1_75' title='bbox 285 1431 413 1492; x_wconf 90' lang='lat' dir='ltr'><strong>amicum</strong></span> <span class='ocrx_word' id='word_1_76' title='bbox 434 1429 564 1510; x_wconf 78' lang='lat' dir='ltr'><strong>Cyrnum</strong></span> <span class='ocrx_word' id='word_1_77' title='bbox 582 1447 606 1489; x_wconf 91' lang='lat' dir='ltr'><strong>s.</strong></span> <span class='ocrx_word' id='word_1_78' title='bbox 622 1428 799 1509; x_wconf 74' lang='lat' dir='ltr'><strong>Polypaiden</strong></span> <span class='ocrx_word' id='word_1_79' title='bbox 814 1428 900 1491; x_wconf 89' lang='lat' dir='ltr'><strong>variis</strong></span> <span class='ocrx_word' id='word_1_80' title='bbox 919 1429 1311 1510; x_wconf 75' lang='lat' dir='ltr'><strong>temporibusalheognide</strong></span> <span class='ocrx_word' id='word_1_81' title='bbox 1322 1429 1447 1511; x_wconf 86' lang='lat' dir='ltr'><strong>scriptas</strong></span> 
     </span>
     <span class='ocr_line' id='line_1_12' title="bbox 285 1529 1447 1613; baseline 0 -19"><span class='ocrx_word' id='word_1_82' title='bbox 285 1550 350 1594; x_wconf 89' lang='lat' dir='ltr'><strong>esse</strong></span> <span class='ocrx_word' id='word_1_83' title='bbox 365 1537 512 1604; x_wconf 88' lang='lat' dir='ltr'><strong>censeant,</strong></span> <span class='ocrx_word' id='word_1_84' title='bbox 527 1529 592 1593; x_wconf 85' lang='lat' dir='ltr'><strong>eliis</strong></span> <span class='ocrx_word' id='word_1_85' title='bbox 607 1537 709 1592; x_wconf 80' lang='lat' dir='ltr'><strong>contm</strong></span> <span class='ocrx_word' id='word_1_86' title='bbox 723 1529 902 1610; x_wconf 76' lang='lat' dir='ltr'><strong>probabilius</strong></span> <span class='ocrx_word' id='word_1_87' title='bbox 917 1530 1015 1594; x_wconf 85' lang='lat' dir='ltr'><strong>visum</strong></span> <span class='ocrx_word' id='word_1_88' title='bbox 1025 1541 1080 1606; x_wconf 86' lang='lat' dir='ltr'><strong>cst,</strong></span> <span class='ocrx_word' id='word_1_89' title='bbox 1095 1532 1191 1595; x_wconf 84' lang='lat' dir='ltr'><strong>maius</strong></span> <span class='ocrx_word' id='word_1_90' title='bbox 1203 1532 1351 1612; x_wconf 82' lang='lat' dir='ltr'><strong>quoddam</strong></span> <span class='ocrx_word' id='word_1_91' title='bbox 1362 1532 1447 1613; x_wconf 82' lang='lat' dir='ltr'><strong>quani</strong></span> 
     </span>
     <span class='ocr_line' id='line_1_13' title="bbox 285 1632 1446 1716; baseline 0.002 -20"><span class='ocrx_word' id='word_1_92' title='bbox 285 1652 392 1716; x_wconf 89' lang='lat' dir='ltr'><strong>corpus</strong></span> <span class='ocrx_word' id='word_1_93' title='bbox 417 1632 571 1714; x_wconf 88' lang='lat' dir='ltr'><strong>gnomicae</strong></span> <span class='ocrx_word' id='word_1_94' title='bbox 597 1632 772 1714; x_wconf 85' lang='lat' dir='ltr'><strong>sapientiae,</strong></span> <span class='ocrx_word' id='word_1_95' title='bbox 803 1633 864 1695; x_wconf 87' lang='lat' dir='ltr'><strong>eive</strong></span> <span class='ocrx_word' id='word_1_96' title='bbox 889 1634 1062 1698; x_wconf 85' lang='lat' dir='ltr'><strong>continuom</strong></span> <span class='ocrx_word' id='word_1_97' title='bbox 1086 1642 1314 1716; x_wconf 86' lang='lat' dir='ltr'><strong>praeceptorum</strong></span> <span class='ocrx_word' id='word_1_98' title='bbox 1338 1636 1446 1698; x_wconf 86' lang='lat' dir='ltr'><strong>scriem</strong></span> 
     </span>
     <span class='ocr_line' id='line_1_14' title="bbox 286 1734 1446 1817; baseline 0.002 -19"><span class='ocrx_word' id='word_1_99' title='bbox 286 1742 365 1799; x_wconf 88' lang='lat' dir='ltr'><strong>certo</strong></span> <span class='ocrx_word' id='word_1_100' title='bbox 381 1735 520 1817; x_wconf 61' lang='lat' dir='ltr'><strong>modam,</strong></span> <span class='ocrx_word' id='word_1_101' title='bbox 537 1753 718 1816; x_wconf 87' lang='lat' dir='ltr'><strong>quamquam</strong></span> <span class='ocrx_word' id='word_1_102' title='bbox 732 1734 868 1798; x_wconf 81' lang='lat' dir='ltr'><strong>liberiore</strong></span> <span class='ocrx_word' id='word_1_103' title='bbox 884 1736 987 1799; x_wconf 89' lang='lat' dir='ltr'><strong>ordine</strong></span> <span class='ocrx_word' id='word_1_104' title='bbox 998 1737 1193 1817; x_wconf 87' lang='lat' dir='ltr'><strong>compositam</strong></span> <span class='ocrx_word' id='word_1_105' title='bbox 1203 1736 1311 1800; x_wconf 73' lang='lat' dir='ltr'><strong>subse:</strong></span> <span class='ocrx_word' id='word_1_106' title='bbox 1326 1756 1382 1801; x_wconf 85' lang='lat' dir='ltr'><strong>nec</strong></span> <span class='ocrx_word' id='word_1_107' title='bbox 1392 1738 1446 1800; x_wconf 89' lang='lat' dir='ltr'><strong>de-</strong></span> 
     </span>
     <span class='ocr_line' id='line_1_15' title="bbox 283 1837 1446 1921; baseline 0.002 -21"><span class='ocrx_word' id='word_1_108' title='bbox 283 1838 418 1917; x_wconf 74' lang='lat' dir='ltr'><strong>fuerunt,</strong></span> <span class='ocrx_word' id='word_1_109' title='bbox 436 1838 486 1919; x_wconf 90' lang='lat' dir='ltr'><strong>qui</strong></span> <span class='ocrx_word' id='word_1_110' title='bbox 501 1837 629 1899; x_wconf 90' lang='lat' dir='ltr'><strong>mediam</strong></span> <span class='ocrx_word' id='word_1_111' title='bbox 644 1837 792 1917; x_wconf 88' lang='lat' dir='ltr'><strong>quandam</strong></span> <span class='ocrx_word' id='word_1_112' title='bbox 806 1837 883 1899; x_wconf 85' lang='lat' dir='ltr'><strong>uiam</strong></span> <span class='ocrx_word' id='word_1_113' title='bbox 898 1838 1016 1913; x_wconf 88' lang='lat' dir='ltr'><strong>inirent,</strong></span> <span class='ocrx_word' id='word_1_114' title='bbox 1033 1857 1125 1920; x_wconf 60' lang='lat' dir='ltr'><strong>Qum</strong></span> <span class='ocrx_word' id='word_1_115' title='bbox 1141 1839 1311 1921; x_wconf 87' lang='lat' dir='ltr'><strong>„principio</strong></span> <span class='ocrx_word' id='word_1_116' title='bbox 1326 1840 1446 1920; x_wconf 85' lang='lat' dir='ltr'><strong>quidem</strong></span> 
     </span>
     <span class='ocr_line' id='line_1_16' title="bbox 283 1939 1446 2022; baseline -0.002 -18"><span class='ocrx_word' id='word_1_117' title='bbox 283 1948 403 2022; x_wconf 88' lang='lat' dir='ltr'><strong>poetam</strong></span> <span class='ocrx_word' id='word_1_118' title='bbox 429 1940 558 2003; x_wconf 88' lang='lat' dir='ltr'><strong>carmina</strong></span> <span class='ocrx_word' id='word_1_119' title='bbox 582 1939 706 2020; x_wconf 87' lang='lat' dir='ltr'><strong>elegiaca</strong></span> <span class='ocrx_word' id='word_1_120' title='bbox 730 1939 843 2019; x_wconf 86' lang='lat' dir='ltr'><strong>singula</strong></span> <span class='ocrx_word' id='word_1_121' title='bbox 868 1947 899 2002; x_wconf 92' lang='lat' dir='ltr'><strong>et</strong></span> <span class='ocrx_word' id='word_1_122' title='bbox 920 1958 996 2021; x_wconf 85' lang='lat' dir='ltr'><strong>quae</strong></span> <span class='ocrx_word' id='word_1_123' title='bbox 1019 1940 1133 2005; x_wconf 84' lang='lat' dir='ltr'><strong>diversa</strong></span> <span class='ocrx_word' id='word_1_124' title='bbox 1152 1959 1253 2003; x_wconf 89' lang='lat' dir='ltr'><strong>rerum</strong></span> <span class='ocrx_word' id='word_1_125' title='bbox 1277 1942 1446 2005; x_wconf 88' lang='lat' dir='ltr'><strong>conditione</strong></span> 
     </span>
     <span class='ocr_line' id='line_1_17' title="bbox 284 2040 1445 2123; baseline 0 -17"><span class='ocrx_word' id='word_1_126' title='bbox 284 2052 351 2107; x_wconf 88' lang='lat' dir='ltr'><strong>nata</strong></span> <span class='ocrx_word' id='word_1_127' title='bbox 370 2042 488 2106; x_wconf 89' lang='lat' dir='ltr'><strong>modico</strong></span> <span class='ocrx_word' id='word_1_128' title='bbox 508 2040 622 2103; x_wconf 88' lang='lat' dir='ltr'><strong>ambitu</strong></span> <span class='ocrx_word' id='word_1_129' title='bbox 640 2040 885 2103; x_wconf 79' lang='lat' dir='ltr'><strong>absolverentur“</strong></span> <span class='ocrx_word' id='word_1_130' title='bbox 907 2042 1059 2123; x_wconf 85' lang='lat' dir='ltr'><strong>scripsisse</strong></span> <span class='ocrx_word' id='word_1_131' title='bbox 1079 2047 1242 2107; x_wconf 87' lang='lat' dir='ltr'><strong>statuerent</strong></span> <span class='ocrx_word' id='word_1_132' title='bbox 1258 2043 1336 2116; x_wconf 89' lang='lat' dir='ltr'><strong>„ssd</strong></span> <span class='ocrx_word' id='word_1_133' title='bbox 1352 2060 1445 2123; x_wconf 84' lang='lat' dir='ltr'><strong>quum</strong></span> 
     </span>
     <span class='ocr_line' id='line_1_18' title="bbox 282 2142 1445 2228; baseline -0.001 -19"><span class='ocrx_word' id='word_1_134' title='bbox 282 2146 435 2228; x_wconf 82' lang='lat' dir='ltr'><strong>paullatim</strong></span> <span class='ocrx_word' id='word_1_135' title='bbox 454 2162 508 2226; x_wconf 89' lang='lat' dir='ltr'><strong>por</strong></span> <span class='ocrx_word' id='word_1_136' title='bbox 527 2161 649 2206; x_wconf 88' lang='lat' dir='ltr'><strong>omnem</strong></span> <span class='ocrx_word' id='word_1_137' title='bbox 664 2144 826 2206; x_wconf 85' lang='lat' dir='ltr'><strong>honestatis</strong></span> <span class='ocrx_word' id='word_1_138' title='bbox 841 2161 980 2225; x_wconf 89' lang='lat' dir='ltr'><strong>campum</strong></span> <span class='ocrx_word' id='word_1_139' title='bbox 994 2142 1051 2205; x_wconf 87' lang='lat' dir='ltr'><strong>late</strong></span> <span class='ocrx_word' id='word_1_140' title='bbox 1066 2152 1186 2224; x_wconf 82' lang='lat' dir='ltr'><strong>regatus</strong></span> <span class='ocrx_word' id='word_1_141' title='bbox 1201 2151 1294 2219; x_wconf 86' lang='lat' dir='ltr'><strong>osset,</strong></span> <span class='ocrx_word' id='word_1_142' title='bbox 1315 2145 1445 2208; x_wconf 85' lang='lat' dir='ltr'><strong>carmina</strong></span> 
     </span>
     <span class='ocr_line' id='line_1_19' title="bbox 282 2245 1446 2329; baseline -0.001 -18"><span class='ocrx_word' id='word_1_143' title='bbox 282 2249 338 2311; x_wconf 90' lang='lat' dir='ltr'><strong>ista</strong></span> <span class='ocrx_word' id='word_1_144' title='bbox 349 2249 385 2311; x_wconf 88' lang='lat' dir='ltr'><strong>ad</strong></span> <span class='ocrx_word' id='word_1_145' title='bbox 393 2249 522 2329; x_wconf 74' lang='lat' dir='ltr'><strong>Cyrnum</strong></span> <span class='ocrx_word' id='word_1_146' title='bbox 533 2245 666 2309; x_wconf 83' lang='lat' dir='ltr'><strong>missain</strong></span> <span class='ocrx_word' id='word_1_147' title='bbox 677 2245 810 2308; x_wconf 90' lang='lat' dir='ltr'><strong>ordinem</strong></span> <span class='ocrx_word' id='word_1_148' title='bbox 822 2245 969 2326; x_wconf 88' lang='lat' dir='ltr'><strong>quendam</strong></span> <span class='ocrx_word' id='word_1_149' title='bbox 978 2253 1198 2325; x_wconf 86' lang='lat' dir='ltr'><strong>coagmentassc</strong></span> <span class='ocrx_word' id='word_1_150' title='bbox 1206 2247 1446 2328; x_wconf 65' lang='lat' dir='ltr'><strong>continuuml).“</strong></span> 
     </span>
     <span class='ocr_line' id='line_1_20' title="bbox 283 2347 1445 2432; baseline -0.001 -19"><span class='ocrx_word' id='word_1_151' title='bbox 283 2351 374 2415; x_wconf 90' lang='lat' dir='ltr'><strong>Nobis</strong></span> <span class='ocrx_word' id='word_1_152' title='bbox 394 2350 514 2432; x_wconf 82' lang='lat' dir='ltr'><strong>quidem</strong></span> <span class='ocrx_word' id='word_1_153' title='bbox 533 2348 677 2412; x_wconf 90' lang='lat' dir='ltr'><strong>eiusmodi</strong></span> <span class='ocrx_word' id='word_1_154' title='bbox 698 2366 818 2411; x_wconf 89' lang='lat' dir='ltr'><strong>carmen</strong></span> <span class='ocrx_word' id='word_1_155' title='bbox 832 2347 1007 2411; x_wconf 77' lang='lat' dir='ltr'><strong>didacticum</strong></span> <span class='ocrx_word' id='word_1_156' title='bbox 1022 2348 1197 2412; x_wconf 90' lang='lat' dir='ltr'><strong>continuum</strong></span> <span class='ocrx_word' id='word_1_157' title='bbox 1212 2349 1248 2412; x_wconf 91' lang='lat' dir='ltr'><strong>ab</strong></span> <span class='ocrx_word' id='word_1_158' title='bbox 1263 2350 1328 2431; x_wconf 84' lang='lat' dir='ltr'><strong>ipso</strong></span> <span class='ocrx_word' id='word_1_159' title='bbox 1343 2350 1445 2412; x_wconf 86' lang='lat' dir='ltr'><strong>Theo-</strong></span> 
     </span>
     <span class='ocr_line' id='line_1_21' title="bbox 284 2450 1444 2535; baseline -0.001 -19"><span class='ocrx_word' id='word_1_160' title='bbox 284 2453 370 2535; x_wconf 87' lang='lat' dir='ltr'><strong>gnide</strong></span> <span class='ocrx_word' id='word_1_161' title='bbox 391 2460 441 2516; x_wconf 87' lang='lat' dir='ltr'><strong>aut</strong></span> <span class='ocrx_word' id='word_1_162' title='bbox 454 2451 592 2535; x_wconf 86' lang='lat' dir='ltr'><strong>primitus</strong></span> <span class='ocrx_word' id='word_1_163' title='bbox 607 2450 807 2531; x_wconf 86' lang='lat' dir='ltr'><strong>compositum</strong></span> <span class='ocrx_word' id='word_1_164' title='bbox 821 2457 873 2512; x_wconf 91' lang='lat' dir='ltr'><strong>aut</strong></span> <span class='ocrx_word' id='word_1_165' title='bbox 886 2450 1046 2532; x_wconf 87' lang='lat' dir='ltr'><strong>postmodo</strong></span> <span class='ocrx_word' id='word_1_166' title='bbox 1061 2450 1269 2514; x_wconf 86' lang='lat' dir='ltr'><strong>concinnatum</strong></span> <span class='ocrx_word' id='word_1_167' title='bbox 1283 2469 1347 2514; x_wconf 83' lang='lat' dir='ltr'><strong>csse</strong></span> <span class='ocrx_word' id='word_1_168' title='bbox 1361 2451 1444 2515; x_wconf 90' lang='lat' dir='ltr'><strong>nullo</strong></span> 
     </span>
     <span class='ocr_line' id='line_1_22' title="bbox 283 2550 1445 2633; baseline -0.003 -13"><span class='ocrx_word' id='word_1_169' title='bbox 283 2555 354 2620; x_wconf 78' lang='lat' dir='ltr'><strong>sads</strong></span> <span class='ocrx_word' id='word_1_170' title='bbox 379 2561 460 2618; x_wconf 90' lang='lat' dir='ltr'><strong>certo</strong></span> <span class='ocrx_word' id='word_1_171' title='bbox 486 2559 661 2632; x_wconf 89' lang='lat' dir='ltr'><strong>argumento</strong></span> <span class='ocrx_word' id='word_1_172' title='bbox 686 2550 805 2633; x_wconf 87' lang='lat' dir='ltr'><strong>probari</strong></span> <span class='ocrx_word' id='word_1_173' title='bbox 831 2569 917 2633; x_wconf 89' lang='lat' dir='ltr'><strong>posse</strong></span> <span class='ocrx_word' id='word_1_174' title='bbox 939 2553 1070 2631; x_wconf 76' lang='lat' dir='ltr'><strong>videtur3</strong></span> <span class='ocrx_word' id='word_1_175' title='bbox 1095 2560 1126 2615; x_wconf 88' lang='lat' dir='ltr'><strong>et</strong></span> <span class='ocrx_word' id='word_1_176' title='bbox 1146 2553 1172 2615; x_wconf 86' lang='lat' dir='ltr'><strong>si</strong></span> <span class='ocrx_word' id='word_1_177' title='bbox 1191 2553 1281 2616; x_wconf 85' lang='lat' dir='ltr'><strong>fuerit</strong></span> <span class='ocrx_word' id='word_1_178' title='bbox 1300 2553 1445 2617; x_wconf 85' lang='lat' dir='ltr'><strong>eiusmodi</strong></span> 
     </span>
     <span class='ocr_line' id='line_1_23' title="bbox 284 2654 1443 2738; baseline -0.001 -18"><span class='ocrx_word' id='word_1_179' title='bbox 284 2675 403 2720; x_wconf 86' lang='lat' dir='ltr'><strong>carmen</strong></span> <span class='ocrx_word' id='word_1_180' title='bbox 417 2655 622 2738; x_wconf 81' lang='lat' dir='ltr'><strong>Xenophontis</strong></span> <span class='ocrx_word' id='word_1_181' title='bbox 636 2660 747 2728; x_wconf 83' lang='lat' dir='ltr'><strong>aetate,</strong></span> <span class='ocrx_word' id='word_1_182' title='bbox 771 2654 800 2716; x_wconf 92' lang='lat' dir='ltr'><strong>id</strong></span> <span class='ocrx_word' id='word_1_183' title='bbox 815 2654 894 2736; x_wconf 86' lang='lat' dir='ltr'><strong>quod</strong></span> <span class='ocrx_word' id='word_1_184' title='bbox 910 2674 946 2718; x_wconf 81' lang='lat' dir='ltr'><strong>ex</strong></span> <span class='ocrx_word' id='word_1_185' title='bbox 959 2656 1047 2717; x_wconf 85' lang='lat' dir='ltr'><strong>huius</strong></span> <span class='ocrx_word' id='word_1_186' title='bbox 1063 2655 1158 2718; x_wconf 88' lang='lat' dir='ltr'><strong>verbis</strong></span> <span class='ocrx_word' id='word_1_187' title='bbox 1172 2675 1190 2718; x_wconf 86' lang='lat' dir='ltr'><strong>a</strong></span> <span class='ocrx_word' id='word_1_188' title='bbox 1205 2655 1331 2719; x_wconf 86' lang='lat' dir='ltr'><strong>Stobaeo</strong></span> <span class='ocrx_word' id='word_1_189' title='bbox 1345 2655 1443 2719; x_wconf 76' lang='lat' dir='ltr'><strong>relatis</strong></span> 
     </span>
     <span class='ocr_line' id='line_1_24' title="bbox 284 2740 1443 2843; baseline -0.001 -20"><span class='ocrx_word' id='word_1_190' title='bbox 284 2759 379 2839; x_wconf 89' lang='lat' dir='ltr'><strong>colligi</strong></span> <span class='ocrx_word' id='word_1_191' title='bbox 403 2777 491 2840; x_wconf 89' lang='lat' dir='ltr'><strong>posse</strong></span> <span class='ocrx_word' id='word_1_192' title='bbox 516 2740 821 2829; x_wconf 64' lang='lat' dir='ltr'><strong>concedimus‚&#39;nihil</strong></span> <span class='ocrx_word' id='word_1_193' title='bbox 846 2761 946 2818; x_wconf 86' lang='lat' dir='ltr'><strong>tamen</strong></span> <span class='ocrx_word' id='word_1_194' title='bbox 966 2757 1256 2843; x_wconf 85' lang='lat' dir='ltr'><strong>obstareputamus,</strong></span> <span class='ocrx_word' id='word_1_195' title='bbox 1283 2758 1443 2841; x_wconf 79' lang='lat' dir='ltr'><strong>quominus</strong></span> 
     </span>
     <span class='ocr_line' id='line_1_25' title="bbox 283 2858 1443 2944; baseline -0.001 -17"><span class='ocrx_word' id='word_1_196' title='bbox 283 2861 501 2944; x_wconf 82' lang='lat' dir='ltr'><strong>gnomologiam</strong></span> <span class='ocrx_word' id='word_1_197' title='bbox 516 2859 664 2941; x_wconf 85' lang='lat' dir='ltr'><strong>quandam</strong></span> <span class='ocrx_word' id='word_1_198' title='bbox 679 2877 714 2920; x_wconf 84' lang='lat' dir='ltr'><strong>ex</strong></span> <span class='ocrx_word' id='word_1_199' title='bbox 728 2858 816 2921; x_wconf 89' lang='lat' dir='ltr'><strong>variis</strong></span> <span class='ocrx_word' id='word_1_200' title='bbox 830 2859 1007 2941; x_wconf 76' lang='lat' dir='ltr'><strong>Theognidis</strong></span> <span class='ocrx_word' id='word_1_201' title='bbox 1018 2861 1117 2941; x_wconf 87' lang='lat' dir='ltr'><strong>elegiis</strong></span> <span class='ocrx_word' id='word_1_202' title='bbox 1127 2868 1296 2941; x_wconf 81' lang='lat' dir='ltr'><strong>excerptam</strong></span> <span class='ocrx_word' id='word_1_203' title='bbox 1307 2862 1366 2924; x_wconf 88' lang='lat' dir='ltr'><strong>iam</strong></span> <span class='ocrx_word' id='word_1_204' title='bbox 1376 2868 1443 2926; x_wconf 88' lang='lat' dir='ltr'><strong>tum</strong></span> 
     </span>
     <span class='ocr_line' id='line_1_26' title="bbox 281 2959 1441 3044; baseline 0.002 -18"><span class='ocrx_word' id='word_1_205' title='bbox 281 2980 314 3044; x_wconf 72' lang='lat' dir='ltr'><strong>in</strong></span> <span class='ocrx_word' id='word_1_206' title='bbox 332 2963 469 3025; x_wconf 91' lang='lat' dir='ltr'><strong>manibus</strong></span> <span class='ocrx_word' id='word_1_207' title='bbox 489 2960 646 3024; x_wconf 87' lang='lat' dir='ltr'><strong>hominum</strong></span> <span class='ocrx_word' id='word_1_208' title='bbox 661 2959 768 3034; x_wconf 84' lang='lat' dir='ltr'><strong>luisse,</strong></span> <span class='ocrx_word' id='word_1_209' title='bbox 788 2979 914 3042; x_wconf 84' lang='lat' dir='ltr'><strong>eamque</strong></span> <span class='ocrx_word' id='word_1_210' title='bbox 928 2979 945 3022; x_wconf 90' lang='lat' dir='ltr'><strong>a</strong></span> <span class='ocrx_word' id='word_1_211' title='bbox 959 2961 1156 3044; x_wconf 83' lang='lat' dir='ltr'><strong>Xenophonte</strong></span> <span class='ocrx_word' id='word_1_212' title='bbox 1170 2963 1325 3044; x_wconf 84' lang='lat' dir='ltr'><strong>significari</strong></span> <span class='ocrx_word' id='word_1_213' title='bbox 1340 2965 1441 3028; x_wconf 87' lang='lat' dir='ltr'><strong>creda·</strong></span> 
     </span>
     <span class='ocr_line' id='line_1_27' title="bbox 283 3054 1442 3145; baseline -0.002 -15"><span class='ocrx_word' id='word_1_214' title='bbox 283 3086 360 3130; x_wconf 89' lang='lat' dir='ltr'><strong>mus.</strong></span> <span class='ocrx_word' id='word_1_215' title='bbox 395 3064 517 3128; x_wconf 86' lang='lat' dir='ltr'><strong>Constat</strong></span> <span class='ocrx_word' id='word_1_216' title='bbox 541 3063 622 3126; x_wconf 91' lang='lat' dir='ltr'><strong>enim</strong></span> <span class='ocrx_word' id='word_1_217' title='bbox 646 3062 705 3125; x_wconf 87' lang='lat' dir='ltr'><strong>iarn</strong></span> <span class='ocrx_word' id='word_1_218' title='bbox 724 3062 775 3125; x_wconf 91' lang='lat' dir='ltr'><strong>illo</strong></span> <span class='ocrx_word' id='word_1_219' title='bbox 796 3070 931 3145; x_wconf 88' lang='lat' dir='ltr'><strong>tempore</strong></span> <span class='ocrx_word' id='word_1_220' title='bbox 950 3066 1167 3141; x_wconf 75' lang='lat' dir='ltr'><strong>meridialem,</strong></span> <span class='ocrx_word' id='word_1_221' title='bbox 1193 3073 1308 3129; x_wconf 89' lang='lat' dir='ltr'><strong>utnon</strong></span> <span class='ocrx_word' id='word_1_222' title='bbox 1329 3054 1442 3145; x_wconf 77' lang='lat' dir='ltr'><strong>integre</strong></span> 
     </span>
     <span class='ocr_line' id='line_1_28' title="bbox 282 3165 1443 3251; baseline -0.003 -18"><span class='ocrx_word' id='word_1_223' title='bbox 282 3187 400 3251; x_wconf 88' lang='lat' dir='ltr'><strong>semper</strong></span> <span class='ocrx_word' id='word_1_224' title='bbox 410 3174 565 3250; x_wconf 83' lang='lat' dir='ltr'><strong>posterum</strong></span> <span class='ocrx_word' id='word_1_225' title='bbox 581 3182 679 3247; x_wconf 88' lang='lat' dir='ltr'><strong>opera,</strong></span> <span class='ocrx_word' id='word_1_226' title='bbox 694 3165 747 3227; x_wconf 90' lang='lat' dir='ltr'><strong>sed</strong></span> <span class='ocrx_word' id='word_1_227' title='bbox 762 3166 850 3229; x_wconf 87' lang='lat' dir='ltr'><strong>etiem</strong></span> <span class='ocrx_word' id='word_1_228' title='bbox 866 3169 994 3250; x_wconf 79' lang='lat' dir='ltr'><strong>excerpti</strong></span> <span class='ocrx_word' id='word_1_229' title='bbox 1007 3188 1044 3231; x_wconf 82' lang='lat' dir='ltr'><strong>ex</strong></span> <span class='ocrx_word' id='word_1_230' title='bbox 1057 3168 1178 3249; x_wconf 79' lang='lat' dir='ltr'><strong>integris</strong></span> <span class='ocrx_word' id='word_1_231' title='bbox 1193 3167 1372 3232; x_wconf 89' lang='lat' dir='ltr'><strong>carminibus</strong></span> <span class='ocrx_word' id='word_1_232' title='bbox 1386 3167 1443 3230; x_wconf 91' lang='lat' dir='ltr'><strong>loci</strong></span> 
     </span>
     <span class='ocr_line' id='line_1_29' title="bbox 282 3266 1477 3352; baseline -0.002 -18"><span class='ocrx_word' id='word_1_233' title='bbox 282 3270 458 3350; x_wconf 83' lang='lat' dir='ltr'><strong>insigniores</strong></span> <span class='ocrx_word' id='word_1_234' title='bbox 483 3273 513 3331; x_wconf 91' lang='lat' dir='ltr'><strong>et</strong></span> <span class='ocrx_word' id='word_1_235' title='bbox 539 3267 590 3350; x_wconf 89' lang='lat' dir='ltr'><strong>qui</strong></span> <span class='ocrx_word' id='word_1_236' title='bbox 609 3266 737 3330; x_wconf 80' lang='lat' dir='ltr'><strong>maxime</strong></span> <span class='ocrx_word' id='word_1_237' title='bbox 756 3269 792 3329; x_wconf 86' lang='lat' dir='ltr'><strong>ad</strong></span> <span class='ocrx_word' id='word_1_238' title='bbox 812 3269 927 3335; x_wconf 85' lang='lat' dir='ltr'><strong>animos</strong></span> <span class='ocrx_word' id='word_1_239' title='bbox 942 3270 1082 3333; x_wconf 85' lang='lat' dir='ltr'><strong>iuvenum</strong></span> <span class='ocrx_word' id='word_1_240' title='bbox 1096 3289 1255 3352; x_wconf 87' lang='lat' dir='ltr'><strong>moresque</strong></span> <span class='ocrx_word' id='word_1_241' title='bbox 1268 3269 1441 3332; x_wconf 83' lang='lat' dir='ltr'><strong>formandos</strong></span> <span class='ocrx_word' id='word_1_242' title='bbox 1472 3268 1477 3275; x_wconf 77' lang='grc'><em>“</em></span> 
     </span>
     <span class='ocr_line' id='line_1_30' title="bbox 283 3371 1442 3455; baseline -0.001 -19"><span class='ocrx_word' id='word_1_243' title='bbox 283 3371 498 3437; x_wconf 87' lang='lat' dir='ltr'><strong>accommodati</strong></span> <span class='ocrx_word' id='word_1_244' title='bbox 512 3377 620 3447; x_wconf 86' lang='lat' dir='ltr'><strong>essent,</strong></span> <span class='ocrx_word' id='word_1_245' title='bbox 636 3392 653 3434; x_wconf 90' lang='lat' dir='ltr'><strong>a</strong></span> <span class='ocrx_word' id='word_1_246' title='bbox 667 3372 905 3455; x_wconf 86' lang='lat' dir='ltr'><strong>praeceptoribus</strong></span> <span class='ocrx_word' id='word_1_247' title='bbox 920 3372 1125 3453; x_wconf 78' lang='lat' dir='ltr'><strong>colligerentur</strong></span> <span class='ocrx_word' id='word_1_248' title='bbox 1139 3380 1169 3435; x_wconf 90' lang='lat' dir='ltr'><strong>ct</strong></span> <span class='ocrx_word' id='word_1_249' title='bbox 1183 3373 1214 3434; x_wconf 91' lang='lat' dir='ltr'><strong>in</strong></span> <span class='ocrx_word' id='word_1_250' title='bbox 1228 3371 1338 3436; x_wconf 87' lang='lat' dir='ltr'><strong>scholis</strong></span> <span class='ocrx_word' id='word_1_251' title='bbox 1352 3388 1442 3435; x_wconf 87' lang='lat' dir='ltr'><strong>usur-</strong></span> 
     </span>
     <span class='ocr_line' id='line_1_31' title="bbox 282 3472 1440 3558; baseline -0.002 -19"><span class='ocrx_word' id='word_1_252' title='bbox 282 3482 432 3558; x_wconf 85' lang='lat' dir='ltr'><strong>parentur,</strong></span> <span class='ocrx_word' id='word_1_253' title='bbox 444 3474 527 3538; x_wconf 92' lang='lat' dir='ltr'><strong>cuius</strong></span> <span class='ocrx_word' id='word_1_254' title='bbox 538 3472 1440 3557; x_wconf 74' lang='lat' dir='ltr'><strong>morhtetempiatonemhshemus,thogg.v11p.811h.</strong></span> 
     </span>
     <span class='ocr_line' id='line_1_32' title="bbox 282 3571 1441 3661; baseline 0.001 -20"><span class='ocrx_word' id='word_1_255' title='bbox 282 3598 299 3641; x_wconf 85' lang='lat' dir='ltr'><strong>a</strong></span> <span class='ocrx_word' id='word_1_256' title='bbox 319 3576 421 3640; x_wconf 85' lang='lat' dir='ltr'><strong>multis</strong></span> <span class='ocrx_word' id='word_1_257' title='bbox 435 3577 513 3641; x_wconf 88' lang='lat' dir='ltr'><strong>hane</strong></span> <span class='ocrx_word' id='word_1_258' title='bbox 526 3576 651 3640; x_wconf 86' lang='lat' dir='ltr'><strong>docendi</strong></span> <span class='ocrx_word' id='word_1_259' title='bbox 663 3577 808 3640; x_wconf 87' lang='lat' dir='ltr'><strong>rationem</strong></span> <span class='ocrx_word' id='word_1_260' title='bbox 823 3578 1023 3642; x_wconf 88' lang='lat' dir='ltr'><strong>commendari</strong></span> <span class='ocrx_word' id='word_1_261' title='bbox 1036 3578 1091 3640; x_wconf 86' lang='lat' dir='ltr'><strong>ait:</strong></span> <span class='ocrx_word' id='word_1_262' title='bbox 1113 3572 1152 3641; x_wconf 76' lang='grc' dir='ltr'><strong>ἐκ</strong></span> <span class='ocrx_word' id='word_1_263' title='bbox 1165 3571 1314 3657; x_wconf 78' lang='grc' dir='ltr'><strong><em>πάντων,</em></strong></span> <span class='ocrx_word' id='word_1_264' title='bbox 1334 3579 1441 3661; x_wconf 86' lang='lat' dir='ltr'><strong>inquit,</strong></span> 
     </span>
     <span class='ocr_line' id='line_1_33' title="bbox 281 3671 1440 3765; baseline 0.001 -22"><span class='ocrx_word' id='word_1_265' title='bbox 281 3672 450 3765; x_wconf 80' lang='grc' dir='ltr'><strong><em>κεφάλαια</em></strong></span> <span class='ocrx_word' id='word_1_266' title='bbox 476 3672 661 3757; x_wconf 75' lang='grc' dir='ltr'><strong><em>ἐκλέξαντες</em></strong></span> <span class='ocrx_word' id='word_1_267' title='bbox 682 3679 740 3744; x_wconf 79' lang='grc' dir='ltr'><strong>καί</strong></span> <span class='ocrx_word' id='word_1_268' title='bbox 759 3699 852 3755; x_wconf 76' lang='grc' dir='ltr'><strong><em>τινας</em></strong></span> <span class='ocrx_word' id='word_1_269' title='bbox 874 3673 954 3755; x_wconf 79' lang='grc' dir='ltr'><strong><em>ὅλας</em></strong></span> <span class='ocrx_word' id='word_1_270' title='bbox 975 3673 1088 3765; x_wconf 72' lang='grc' dir='ltr'><strong><em>ῥήσεις</em></strong></span> <span class='ocrx_word' id='word_1_271' title='bbox 1109 3671 1157 3755; x_wconf 76' lang='grc' dir='ltr'><strong>εἰς</strong></span> <span class='ocrx_word' id='word_1_272' title='bbox 1178 3672 1280 3743; x_wconf 77' lang='grc' dir='ltr'><strong>ταύτὸ</strong></span> <span class='ocrx_word' id='word_1_273' title='bbox 1304 3677 1440 3764; x_wconf 81' lang='grc' dir='ltr'><strong><em>ξυναγα-</em></strong></span> 
     </span>
     <span class='ocr_line' id='line_1_34' title="bbox 282 3775 1441 3867; baseline 0.003 -23"><span class='ocrx_word' id='word_1_274' title='bbox 282 3775 634 3864; x_wconf 58' lang='lat' dir='ltr'><strong>perstreperemus</strong></span> <span class='ocrx_word' id='word_1_275' title='bbox 655 3777 741 3867; x_wconf 80' lang='grc' dir='ltr'><strong><em>φασὶ</em></strong></span> <span class='ocrx_word' id='word_1_276' title='bbox 763 3779 839 3844; x_wconf 79' lang='grc' dir='ltr'><strong><em>δεῖν.</em></strong></span> <span class='ocrx_word' id='word_1_277' title='bbox 869 3782 945 3844; x_wconf 83' lang='lat' dir='ltr'><strong>Rem</strong></span> <span class='ocrx_word' id='word_1_278' title='bbox 971 3800 1032 3845; x_wconf 90' lang='lat' dir='ltr'><strong>non</strong></span> <span class='ocrx_word' id='word_1_279' title='bbox 1050 3782 1221 3845; x_wconf 80' lang='lat' dir='ltr'><strong>inusitatum</strong></span> <span class='ocrx_word' id='word_1_280' title='bbox 1241 3783 1332 3847; x_wconf 71' lang='lat' dir='ltr'><strong>fumeo</strong></span> <span class='ocrx_word' id='word_1_281' title='bbox 1350 3784 1441 3847; x_wconf 84' lang='lat' dir='ltr'><strong>etium</strong></span> 
     </span>
     <span class='ocr_line' id='line_1_35' title="bbox 281 3882 1442 3967; baseline 0.002 -20"><span class='ocrx_word' id='word_1_282' title='bbox 281 3884 425 3947; x_wconf 76' lang='lat' dir='ltr'><strong>hecrates</strong></span> <span class='ocrx_word' id='word_1_283' title='bbox 445 3882 588 3958; x_wconf 75' lang='lat' dir='ltr'><strong>asendit,</strong></span> <span class='ocrx_word' id='word_1_284' title='bbox 606 3882 644 3945; x_wconf 84' lang='lat' dir='ltr'><strong>ad</strong></span> <span class='ocrx_word' id='word_1_285' title='bbox 663 3882 773 3946; x_wconf 87' lang='lat' dir='ltr'><strong>Nicocl.</strong></span> <span class='ocrx_word' id='word_1_286' title='bbox 792 3887 811 3959; x_wconf 67' lang='lat' dir='ltr'><strong>b</strong></span> <span class='ocrx_word' id='word_1_287' title='bbox 827 3884 894 3958; x_wconf 72' lang='lat' dir='ltr'><strong>lh,</strong></span> <span class='ocrx_word' id='word_1_288' title='bbox 915 3903 1009 3965; x_wconf 84' lang='lat' dir='ltr'><strong>quum</strong></span> <span class='ocrx_word' id='word_1_289' title='bbox 1029 3885 1065 3947; x_wconf 89' lang='lat' dir='ltr'><strong>de</strong></span> <span class='ocrx_word' id='word_1_290' title='bbox 1084 3885 1120 3948; x_wconf 90' lang='lat' dir='ltr'><strong>iis</strong></span> <span class='ocrx_word' id='word_1_291' title='bbox 1138 3884 1291 3966; x_wconf 86' lang='lat' dir='ltr'><strong>loquatur,</strong></span> <span class='ocrx_word' id='word_1_292' title='bbox 1310 3887 1363 3967; x_wconf 85' lang='lat' dir='ltr'><strong>qui</strong></span> <span class='ocrx_word' id='word_1_293' title='bbox 1380 3882 1442 3962; x_wconf 75' lang='grc' dir='ltr'><strong>τὰς</strong></span> 
     </span>
     <span class='ocr_line' id='line_1_36' title="bbox 280 3978 1438 4072; baseline 0.001 -22"><span class='ocrx_word' id='word_1_294' title='bbox 280 3978 483 4066; x_wconf 73' lang='grc' dir='ltr'><strong><em>καλουμένας</em></strong></span> <span class='ocrx_word' id='word_1_295' title='bbox 497 3979 627 4068; x_wconf 73' lang='grc' dir='ltr'><strong><em>γνώμας</em></strong></span> <span class='ocrx_word' id='word_1_296' title='bbox 641 4004 657 4046; x_wconf 88' lang='lat' dir='ltr'><strong>e</strong></span> <span class='ocrx_word' id='word_1_297' title='bbox 671 3984 836 4066; x_wconf 86' lang='lat' dir='ltr'><strong>praecipuis</strong></span> <span class='ocrx_word' id='word_1_298' title='bbox 852 3988 947 4067; x_wconf 88' lang='lat' dir='ltr'><strong>poetis</strong></span> <span class='ocrx_word' id='word_1_299' title='bbox 958 3987 1079 4051; x_wconf 88' lang='lat' dir='ltr'><strong>selectos</strong></span> <span class='ocrx_word' id='word_1_300' title='bbox 1091 3987 1245 4051; x_wconf 84' lang='lat' dir='ltr'><strong>iuvenibus</strong></span> <span class='ocrx_word' id='word_1_301' title='bbox 1254 3996 1438 4072; x_wconf 89' lang='lat' dir='ltr'><strong>proponant:</strong></span> 
     </span>
     <span class='ocr_line' id='line_1_37' title="bbox 281 4084 1440 4175; baseline 0 -24"><span class='ocrx_word' id='word_1_302' title='bbox 281 4095 312 4152; x_wconf 89' lang='lat' dir='ltr'><strong>et</strong></span> <span class='ocrx_word' id='word_1_303' title='bbox 324 4088 483 4151; x_wconf 77' lang='lat' dir='ltr'><strong>Aeschines</strong></span> <span class='ocrx_word' id='word_1_304' title='bbox 498 4107 625 4171; x_wconf 87' lang='lat' dir='ltr'><strong>quoque,</strong></span> <span class='ocrx_word' id='word_1_305' title='bbox 641 4094 734 4150; x_wconf 87' lang='lat' dir='ltr'><strong>contr.</strong></span> <span class='ocrx_word' id='word_1_306' title='bbox 751 4087 882 4171; x_wconf 87' lang='lat' dir='ltr'><strong>Ctesiph.</strong></span> <span class='ocrx_word' id='word_1_307' title='bbox 897 4109 927 4171; x_wconf 92' lang='lat' dir='ltr'><strong>p.</strong></span> <span class='ocrx_word' id='word_1_308' title='bbox 944 4090 1016 4165; x_wconf 80' lang='lat'>525,</span> <span class='ocrx_word' id='word_1_309' title='bbox 1031 4086 1092 4165; x_wconf 75' lang='grc' dir='ltr'><strong>τὰς</strong></span> <span class='ocrx_word' id='word_1_310' title='bbox 1113 4090 1176 4154; x_wconf 75' lang='grc' dir='ltr'><strong><em>τῶν</em></strong></span> <span class='ocrx_word' id='word_1_311' title='bbox 1197 4090 1347 4175; x_wconf 74' lang='grc' dir='ltr'><strong><em>ποιητῶν</em></strong></span> <span class='ocrx_word' id='word_1_312' title='bbox 1360 4084 1440 4173; x_wconf 73' lang='lat' dir='ltr'><strong>proi-</strong></span> 
     </span>
     <span class='ocr_line' id='line_1_38' title="bbox 280 4189 1440 4277; baseline 0.003 -22"><span class='ocrx_word' id='word_1_313' title='bbox 280 4213 361 4272; x_wconf 79' lang='grc' dir='ltr'><strong><em>μας,</em></strong></span> <span class='ocrx_word' id='word_1_314' title='bbox 381 4209 442 4256; x_wconf 89' lang='lat' dir='ltr'><strong>non</strong></span> <span class='ocrx_word' id='word_1_315' title='bbox 462 4190 574 4273; x_wconf 81' lang='lat' dir='ltr'><strong>integre</strong></span> <span class='ocrx_word' id='word_1_316' title='bbox 593 4189 736 4265; x_wconf 87' lang='lat' dir='ltr'><strong>carmina,</strong></span> <span class='ocrx_word' id='word_1_317' title='bbox 757 4209 774 4252; x_wconf 89' lang='lat' dir='ltr'><strong>a</strong></span> <span class='ocrx_word' id='word_1_318' title='bbox 793 4189 893 4272; x_wconf 85' lang='lat' dir='ltr'><strong>pueris</strong></span> <span class='ocrx_word' id='word_1_319' title='bbox 913 4192 985 4256; x_wconf 87' lang='lat' dir='ltr'><strong>disci</strong></span> <span class='ocrx_word' id='word_1_320' title='bbox 1004 4194 1099 4256; x_wconf 83' lang='lat' dir='ltr'><strong>solem</strong></span> <span class='ocrx_word' id='word_1_321' title='bbox 1119 4193 1168 4256; x_wconf 87' lang='lat' dir='ltr'><strong>ait</strong></span> <span class='ocrx_word' id='word_1_322' title='bbox 1203 4192 1300 4276; x_wconf 76' lang='lat' dir='ltr'><strong>Atque</strong></span> <span class='ocrx_word' id='word_1_323' title='bbox 1319 4193 1440 4277; x_wconf 84' lang='lat' dir='ltr'><strong>pucrdis</strong></span> 
     </span>
    </p>
   </div>
   <div class='ocr_carea' id='block_1_4' title="bbox 287 4350 483 4367">
    <p class='ocr_par' dir='ltr' id='par_1_5' title="bbox 287 4350 483 4367">
     <span class='ocr_line' id='line_1_39' title="bbox 287 4350 483 4367; baseline 0 -6"><span class='ocrx_word' id='word_1_324' title='bbox 287 4350 483 4367; x_wconf 71' lang='lat'><strong>-——-</strong></span> 
     </span>
    </p>
   </div>
   <div class='ocr_carea' id='block_1_5' title="bbox 349 4409 1009 4482">
    <p class='ocr_par' dir='ltr' id='par_1_6' title="bbox 349 4409 1009 4482">
     <span class='ocr_line' id='line_1_40' title="bbox 349 4409 1009 4482; baseline 0.005 -19"><span class='ocrx_word' id='word_1_325' title='bbox 349 4412 376 4478; x_wconf 70' lang='grc' dir='ltr'><strong>δ)</strong></span> <span class='ocrx_word' id='word_1_326' title='bbox 393 4410 577 4464; x_wconf 77' lang='lat' dir='ltr'><strong>Schneidewlul</strong></span> <span class='ocrx_word' id='word_1_327' title='bbox 588 4409 669 4464; x_wconf 76' lang='lat' dir='ltr'><strong>verbo</strong></span> <span class='ocrx_word' id='word_1_328' title='bbox 680 4412 760 4480; x_wconf 74' lang='lat' dir='ltr'><strong>possi,</strong></span> <span class='ocrx_word' id='word_1_329' title='bbox 773 4411 868 4466; x_wconf 81' lang='lat' dir='ltr'><strong>belsct.</strong></span> <span class='ocrx_word' id='word_1_330' title='bbox 880 4429 904 4482; x_wconf 92' lang='lat' dir='ltr'><strong>p.</strong></span> <span class='ocrx_word' id='word_1_331' title='bbox 916 4413 959 4466; x_wconf 75' lang='lat' dir='ltr'><strong>lt.</strong></span> <span class='ocrx_word' id='word_1_332' title='bbox 1005 4448 1009 4457; x_wconf 61' lang='lat'>›</span> 
     </span>
    </p>
   </div>
   <div class='ocr_carea' id='block_1_6' title="bbox 0 0 1650 5142">
    <p class='ocr_par' dir='ltr' id='par_1_7' title="bbox 0 0 1650 5142">
     <span class='ocr_line' id='line_1_41' title="bbox 0 0 1650 5142; baseline 0 2"><span class='ocrx_word' id='word_1_333' title='bbox 0 0 1650 5142; x_wconf 95' lang='lat' dir='ltr'><strong> </strong></span> 
     </span>
    </p>
   </div>
  </div>
 </body>
</html>
