3154 5138
660 506 721 569 325

709 595 790 602 -0--

107 698 176 761 teriti
190 696 341 777 temporis
353 695 573 759 coniunctirum
588 694 697 774 eloqui,
713 702 850 775 tanquam
870 697 950 777 quod
966 697 1021 758 iam
1038 696 1107 758 velle
1123 698 1265 760 desiisset.

107 799 199 863 llalmt
218 798 370 879 praesenti
390 797 448 872 uti,
470 815 529 877 quo
549 796 735 876 significaret,
751 815 813 860 non
828 798 960 861 dubitare
974 818 1020 873 se,
1035 800 1107 879 quin
1121 799 1218 873 Cotta,
1235 808 1268 862 ut

109 902 146 963 vir
159 902 302 982 eloquens
319 908 349 962 et
363 899 563 973 Academicus,
578 899 607 960 h.
623 918 649 961 e.
664 897 700 958 ed
716 898 927 979 disputandum
943 900 973 960 in
985 908 1137 980 utramque
1152 909 1266 980 partem

110 1010 233 1085 paratus,
247 1003 332 1065 lam'le
345 1002 425 1076 illud,
441 1002 467 1064 si
481 1002 576 1076 vellet,
589 1001 675 1063 etiam
688 1012 792 1081 posset
805 1002 928 1064 efficere.
971 1002 1086 1063 Addam
1101 1020 1180 1063 nunc
1190 990 1267 1064 eliud

11 1152 12 1171 .
110 1106 235 1168 eiusdem
251 1105 490 1168 inconcinnitatis
505 1104 680 1185 exemplum,
695 1105 731 1165 de
745 1104 807 1165 [liv.
823 1104 856 1178 ss,
873 1104 923 1177 59,
942 1104 1014 1165 122:
1029 1103 1072 1165 Ne
1086 1108 1266 1183 sinovipore

109 1210 220 1290 quidem
234 1208 335 1281 celin,
350 1212 394 1271 ito
411 1208 619 1288 pubescerem,
637 1217 671 1268 ut
689 1210 906 1268 somniaverim.
949 1206 1069 1268 Poterat
1087 1207 1135 1267 hic
1150 1225 1267 1287 quoque

109 1311 265 1391 ,coeman
292 1309 363 1384 dici,
389 1317 422 1371 ut
440 1310 517 1371 idem
537 1319 628 1381 esset,
650 1307 681 1369 in
700 1308 825 1388 apodosi
844 1318 931 1387 atque
957 1308 986 1369 in
1008 1309 1118 1389 protasi
1139 1318 1265 1389 tempus.

109 1413 192 1475 Nunc
210 1422 310 1474 antem
329 1411 361 1473 in
380 1411 504 1492 epodosi
522 1411 724 1491 imperfectum
742 1410 876 1490 ponitur,
897 1428 956 1490 quo
977 1410 1025 1490 qni
1046 1410 1150 1483 utitur,
1171 1429 1203 1472 se
1223 1409 1263 1472 ita
1280 1416 1297 1466 4

108 1515 338 1594 gubernaturum
358 1512 444 1594 plane
463 1522 561 1593 negem
580 1513 612 1574 in
630 1513 741 1593 protasi
762 1523 859 1575 autem
879 1530 1032 1593 praesens,
1051 1520 1154 1593 utpote
1172 1512 1202 1573 in
1222 1530 1263 1585 re,

108 1635 183 1696 qnae
197 1616 329 1678 accidere
342 1616 425 1678 ladle
439 1615 543 1697 possit

193 1718 264 1799 Cap.
280 1718 314 1791 ll,
328 1719 357 1779 5.
401 1716 480 1791 Quid
493 1722 570 1780 emis
584 1727 626 1780 est
638 1717 692 1780 boo
705 1716 757 1779 nto
771 1715 951 1779 enimenta?
978 1718 1116 1789 Fuerunt,
1130 1717 1179 1798 qui
1193 1717 1267 1780 haec

106 1822 142 1883 ita
158 1822 436 1900 interpretarentur,
455 1829 489 1883 ut
512 1821 581 1900 quid
599 1838 655 1900 pro
675 1838 733 1900 que
751 1822 865 1881 ratione
884 1819 995 1882 dictum
1015 1839 1080 1881 esse
1099 1827 1267 1893 statuerent,

106 1922 221 2003 decepti
235 1920 344 1983 sriboet
357 1921 503 1984 eiusmodi
517 1922 670 2003 exemplis,
690 1922 740 1984 ubi
755 1923 824 2003 quid
837 1930 995 2002 usurpatur
1005 1923 1035 1983 in
1050 1923 1266 2002 interrogando,

106 2044 163 2105 qua
185 2042 219 2084 re
235 2032 390 2103 permotas
404 2023 507 2103 aliquis
522 2024 581 2085 boo
594 2024 637 2085 vel
652 2023 721 2085 illud
737 2022 829 2098 laniat,
843 2024 922 2086 velut
937 2025 1005 2105 quid
1019 2021 1122 2085 stetis?
1136 2026 1205 2105 quid
1220 2035 1265 2085 to-

106 2124 196 2189 ceos?
210 2125 460 2206 quemadmodum
475 2126 562 2188 etiam
576 2126 678 2189 Graeci
692 2120 735 2205 τί,
747 2146 803 2189 nos
818 2135 914 2189 aulem
927 2146 988 2187 roos
1002 2126 1126 2188 dumus
1141 2125 1172 2186 in
1186 2126 1265 2187 eius-

105 2227 189 2291 modi
202 2228 490 2308 interrogationibus.
533 2228 592 2291 Sed
606 2229 693 2291 huius
708 2228 936 2292 constructionis
951 2229 1010 2290 rim
1025 2236 1054 2288 et
1067 2236 1201 2289 naturam
1216 2228 1266 2307 qui

104 2332 297 2412 perspexerit,
310 2349 436 2411 prorsus
451 2350 517 2393 eam
531 2331 567 2393 ab
581 2333 640 2393 boc
654 2332 719 2394 loco
732 2332 854 2394 alienam
869 2350 934 2392 esse
948 2330 1093 2410 intelliget.
1119 2330 1186 2391 Non
1201 2349 1265 2391 ma-

105 2433 149 2513 gis
165 2440 266 2495 autem
279 2432 414 2495 Lambini
429 2441 458 2495 et
471 2433 632 2496 Heindorfii
652 2434 726 2496 ratio
746 2433 897 2515 probanda
912 2440 977 2505 est,
988 2432 1038 2513 qui
1058 2433 1146 2495 verba
1161 2433 1204 2495 sio
1218 2432 1265 2494 in-

105 2536 244 2617 terpnngi
263 2535 376 2598 volunt:
396 2533 475 2607 Qua
492 2534 647 2616 mlmlsest
665 2535 719 2598 boc
733 2547 783 2599 etc.
828 2535 902 2597 Nam
921 2534 1042 2596 deberet
1062 2535 1163 2597 saltem
1179 2546 1263 2607 eoae,

105 2649 155 2701 aut
168 2658 244 2700 oum
259 2649 313 2709 est,
334 2639 415 2719 quod
434 2638 531 2718 ipsum
543 2638 730 2700 Heindorfins
746 2636 889 2719 seriptum
905 2657 921 2698 a
942 2636 1082 2699 Cicerone
1102 2638 1194 2699 luisse
1213 2657 1264 2699 su-

105 2742 244 2822 spicatum.
273 2741 330 2802 Sed
341 2741 428 2822 louge
438 2741 619 2823 probabilius
633 2751 680 2803 est
694 2740 848 2820 scripsisse
862 2740 1045 2802 Ciceronem:
1061 2738 1120 2811 Qut
1134 2744 1211 2801 enim
1224 2751 1266 2803 est

104 2844 157 2906 boc
175 2844 229 2905 illo
241 2844 408 2906 evidentius.
453 2843 648 2905 Confusarum
674 2862 690 2904 a
706 2841 829 2904 librariis
850 2844 1011 2904 sonnerunt
1030 2847 1079 2922 qut
1098 2850 1127 2902 et
1146 2841 1264 2923 quid-in

105 2947 163 3008 boc
175 2946 246 3027 ipso
261 2945 335 3007 libro
351 2946 515 3026 exemplum
536 2953 581 3007 est
599 2964 661 3025 cap.
684 2944 735 3019 13,
751 2945 807 3017 38,
826 2943 876 3005 ubi
896 2962 994 3006 reram
1010 2944 1199 3024 scripturam,
1215 2949 1266 3024 qai

104 3052 195 3128 intur
206 3059 302 3129 potest
314 3052 342 3109 ei
355 3050 448 3110 messe
462 3049 538 3128 quod
552 3058 593 3110 est
606 3044 767 3128 optimum?
781 3062 859 3108 unus
875 3046 976 3108 saltem
994 3046 1085 3107 codex
1101 3046 1182 3127 Glog.
1199 3065 1263 3109 ser-

105 3151 189 3213 varit.
220 3149 323 3229 Neque
338 3149 358 3224 l,
374 3149 423 3223 32,
439 3149 479 3212 89
495 3149 621 3211 dubitari
636 3166 726 3230 posse
740 3148 864 3221 videtur,
886 3148 955 3228 quin
970 3166 1026 3229 pro
1042 3167 1091 3222 eo,
1112 3151 1192 3230 quod
1206 3168 1263 3211 nos

105 3271 233 3334 qnoque,
250 3250 339 3313 nimia
354 3251 478 3332 quadam
494 3251 673 3323 serenandis,
683 3252 823 3313 intactum
838 3249 1018 3330 reliquimus,
1034 3253 1103 3331 quid
1117 3261 1213 3314 eutem
1223 3264 1264 3314 est

104 3358 178 3417 istuc
192 3350 365 3435 panum?
379 3352 598 3415 rescribendum
614 3351 664 3414 sit:
685 3355 735 3432 qai
753 3361 848 3413 omero
862 3362 969 3413 est-.
998 3350 1071 3413 ltem
1091 3353 1127 3414 de
1147 3354 1262 3415 Seneot.

105 3476 130 3518 e
146 3457 176 3529 2,
194 3457 225 3527 4,
242 3473 333 3535 quum
353 3454 384 3516 in
409 3454 518 3535 aliquot
537 3453 618 3516 libris
638 3453 781 3534 scriptum
801 3455 853 3515 sit:
873 3455 941 3534 quid
964 3457 1041 3515 raim
1060 3456 1144 3516 citios
1163 3456 1263 3518 odole-

104 3560 230 3619 secnb'oe
249 3567 390 3629 metue,
410 3574 498 3637 quoru
512 3558 656 3637 peccatone
676 3556 868 3618 odolescentia
887 3554 1019 3637 obrepit?
1040 3556 1072 3618 in
1091 3556 1263 3619 melioribus

105 3670 164 3721 est:
181 3663 233 3739 qut
248 3660 327 3720 eseia
339 3691 395 3728 -,
412 3657 492 3738 quod
506 3657 542 3720 ab
556 3657 664 3721 Orellio
684 3667 817 3740 spretum
833 3658 938 3733 miror,
953 3676 1044 3740 quum
1059 3660 1231 3738 praesertim
1246 3678 1263 3720 a

105 3760 313 3841 superioribus
327 3760 488 3823 emtoribus
502 3761 649 3841 plerisque
663 3770 815 3842 receptum
829 3761 876 3823 sit
891 3797 933 3807 —
950 3761 981 3823 Si
997 3780 1085 3840 quem
1094 3767 1191 3823 autem
1205 3778 1262 3822 uo·

107 3873 170 3926 stro
191 3864 262 3926 loco
285 3863 414 3926 offendet
435 3863 584 3926 collocatio
613 3864 782 3936 verborum,
810 3866 888 3945 quod
914 3863 1151 3926 coniunctionem
1175 3867 1262 3935 enim

105 3966 194 4027 serbo
210 3964 395 4026 substantivo
410 3966 692 4046 estpostponendam
707 3967 800 4028 luisse
814 3967 1042 4047 opinetur,-in
1054 3983 1110 4046 qua
1125 3966 1264 4045 opinione

103 4067 296 4131 Heindorlius
318 4086 351 4128 se
367 4087 434 4130 esse
449 4069 589 4141 ostendit,
602 4069 725 4132 -huic
738 4086 819 4131 nuno
839 4069 957 4148 quidem
982 4067 1053 4129 satis
1073 4067 1214 4130 babemus
1230 4089 1263 4131 oa

100 4168 240 4250 exempla
255 4186 415 4249 opponere,
431 4186 503 4249 quae
518 4170 673 4232 attulerunt
688 4170 821 4233 llandius
842 4169 964 4231 Turseli.
985 4170 1041 4250 lp.
1056 4190 1086 4251 p.
1103 4172 1173 4233 578.
1190 4171 1261 4233 580.

98 4273 128 4336 lt
145 4292 174 4353 p.
191 4271 265 4335 402.
296 4271 436 4334 Goerenz.
451 4271 487 4335 ad
502 4272 533 4334 C.
549 4271 585 4332 de
599 4273 672 4351 legg.
687 4292 717 4352 p.
738 4272 778 4335 52
795 4279 823 4332 et
837 4271 944 4334 belrius
960 4272 995 4334 ad
1011 4274 1098 4335 eund.
1114 4273 1221 4335 librum
1232 4293 1261 4353 p.

99 4377 177 4439 374.
207 4376 236 4436 5.
280 4374 326 4437 lld
344 4373 519 4436 sententiam
543 4374 612 4454 qnid
636 4373 752 4436 intersit
774 4373 850 4436 inter
868 4384 1021 4455 utramque
1040 4375 1262 4437 collooetionem

98 4497 169 4543 non
182 4477 255 4543 satis
269 4485 400 4542 constat:
415 4494 509 4558 neque
524 4476 610 4539 nobis
625 4476 751 4556 agauri
765 4475 848 4538 libet:
863 4484 977 4539 tantum
992 4476 1127 4551 dicimus,
1146 4475 1173 4537 si
1192 4476 1262 4554 quid
