<?xml version="1.0" encoding="UTF-8"?>
<!DOCTYPE html PUBLIC "-//W3C//DTD XHTML 1.0 Transitional//EN"
    "http://www.w3.org/TR/xhtml1/DTD/xhtml1-transitional.dtd">
<html xmlns="http://www.w3.org/1999/xhtml" xml:lang="en" lang="en">
 <head>
  <title>
</title>
<meta http-equiv="Content-Type" content="text/html;charset=utf-8" />
  <meta name='ocr-system' content='tesseract 3.04.00' />
  <meta name='ocr-capabilities' content='ocr_page ocr_carea ocr_par ocr_line ocrx_word'/>
</head>
<body>
  <div class='ocr_page' id='page_1' title='image "./opusculaacademi00schogoog_0253.png"; bbox 0 0 3178 5136; ppageno 0'>
   <div class='ocr_carea' id='block_1_1' title="bbox 864 407 927 472">
    <p class='ocr_par' dir='ltr' id='par_1_1' title="bbox 864 407 927 472">
     <span class='ocr_line' id='line_1_1' title="bbox 864 407 927 472; baseline 0 0"><span class='ocrx_word' id='word_1_1' title='bbox 864 407 927 472; x_wconf 71' lang='grc'><strong>340</strong></span> 
     </span>
    </p>
   </div>
   <div class='ocr_carea' id='block_1_2' title="bbox 267 587 1571 3346">
    <p class='ocr_par' dir='ltr' id='par_1_2' title="bbox 321 587 1571 985">
     <span class='ocr_line' id='line_1_2' title="bbox 321 587 1571 684; baseline -0.002 -23"><span class='ocrx_word' id='word_1_2' title='bbox 321 599 470 662; x_wconf 77' lang='lat' dir='ltr'>dicebatur</span> <span class='ocrx_word' id='word_1_3' title='bbox 483 595 671 684; x_wconf 81' lang='grc' dir='ltr'><strong><em>ναυκληρεῖν</em></strong></span> <span class='ocrx_word' id='word_1_4' title='bbox 684 591 743 681; x_wconf 70' lang='grc' dir='ltr'><strong>τήν</strong></span> <span class='ocrx_word' id='word_1_5' title='bbox 756 587 932 659; x_wconf 78' lang='grc' dir='ltr'><strong><em>συνοικίαν.</em></strong></span> <span class='ocrx_word' id='word_1_6' title='bbox 961 595 1023 658; x_wconf 85' lang='lat' dir='ltr'><strong>Vid.</strong></span> <span class='ocrx_word' id='word_1_7' title='bbox 1039 596 1110 658; x_wconf 88' lang='lat' dir='ltr'><strong>lsae.</strong></span> <span class='ocrx_word' id='word_1_8' title='bbox 1126 596 1162 658; x_wconf 92' lang='lat' dir='ltr'><strong>de</strong></span> <span class='ocrx_word' id='word_1_9' title='bbox 1176 594 1303 659; x_wconf 87' lang='lat' dir='ltr'><strong>Nicostr.</strong></span> <span class='ocrx_word' id='word_1_10' title='bbox 1318 596 1377 658; x_wconf 87' lang='lat' dir='ltr'><strong>her.</strong></span> <span class='ocrx_word' id='word_1_11' title='bbox 1394 601 1420 673; x_wconf 62' lang='grc' dir='ltr'><strong>ξ.</strong></span> <span class='ocrx_word' id='word_1_12' title='bbox 1433 595 1468 658; x_wconf 85' lang='grc'><strong>19</strong></span> <span class='ocrx_word' id='word_1_13' title='bbox 1570 590 1571 605; x_wconf 70' lang='grc'>’</span> 
     </span>
     <span class='ocr_line' id='line_1_3' title="bbox 322 697 1571 809; baseline -0.002 -45"><span class='ocrx_word' id='word_1_14' title='bbox 322 720 388 764; x_wconf 92' lang='lat' dir='ltr'><strong>cum</strong></span> <span class='ocrx_word' id='word_1_15' title='bbox 410 721 517 765; x_wconf 91' lang='lat' dir='ltr'><strong>comm.</strong></span> <span class='ocrx_word' id='word_1_16' title='bbox 538 721 567 783; x_wconf 89' lang='lat' dir='ltr'><strong>p.</strong></span> <span class='ocrx_word' id='word_1_17' title='bbox 583 699 654 764; x_wconf 91' lang='grc'><strong><em>333.</em></strong></span> <span class='ocrx_word' id='word_1_18' title='bbox 695 701 733 762; x_wconf 87' lang='lat' dir='ltr'><strong>Et</strong></span> <span class='ocrx_word' id='word_1_19' title='bbox 750 698 826 761; x_wconf 89' lang='lat' dir='ltr'><strong>banc</strong></span> <span class='ocrx_word' id='word_1_20' title='bbox 848 697 887 761; x_wconf 95' lang='lat' dir='ltr'><strong>ob</strong></span> <span class='ocrx_word' id='word_1_21' title='bbox 906 716 1024 762; x_wconf 83' lang='lat' dir='ltr'><strong>causam</strong></span> <span class='ocrx_word' id='word_1_22' title='bbox 1049 698 1118 762; x_wconf 89' lang='lat' dir='ltr'><strong>huic</strong></span> <span class='ocrx_word' id='word_1_23' title='bbox 1136 699 1276 780; x_wconf 85' lang='lat' dir='ltr'><strong>quaestui</strong></span> <span class='ocrx_word' id='word_1_24' title='bbox 1288 699 1471 762; x_wconf 84' lang='lat' dir='ltr'><strong>Philodemus</strong></span> <span class='ocrx_word' id='word_1_25' title='bbox 1569 732 1571 809; x_wconf 72' lang='grc' dir='ltr'><strong><em>η</em></strong></span> 
     </span>
     <span class='ocr_line' id='line_1_4' title="bbox 322 799 1571 883; baseline -0.003 -16"><span class='ocrx_word' id='word_1_26' title='bbox 322 804 420 867; x_wconf 88' lang='lat' dir='ltr'><strong>statim</strong></span> <span class='ocrx_word' id='word_1_27' title='bbox 435 804 565 868; x_wconf 83' lang='lat' dir='ltr'><strong>adiunxit</strong></span> <span class='ocrx_word' id='word_1_28' title='bbox 579 822 654 878; x_wconf 86' lang='lat' dir='ltr'><strong>eum,</strong></span> <span class='ocrx_word' id='word_1_29' title='bbox 669 802 718 883; x_wconf 91' lang='lat' dir='ltr'><strong>qui</strong></span> <span class='ocrx_word' id='word_1_30' title='bbox 734 819 885 864; x_wconf 82' lang='lat' dir='ltr'><strong>serverum</strong></span> <span class='ocrx_word' id='word_1_31' title='bbox 901 799 1095 881; x_wconf 75' lang='lat' dir='ltr'><strong>pensionibus</strong></span> <span class='ocrx_word' id='word_1_32' title='bbox 1111 808 1236 864; x_wconf 83' lang='lat' dir='ltr'><strong>constat.</strong></span> <span class='ocrx_word' id='word_1_33' title='bbox 1261 800 1334 863; x_wconf 89' lang='lat' dir='ltr'><strong>Nam</strong></span> <span class='ocrx_word' id='word_1_34' title='bbox 1349 800 1397 882; x_wconf 91' lang='lat' dir='ltr'><strong>qui</strong></span> <span class='ocrx_word' id='word_1_35' title='bbox 1411 820 1472 863; x_wconf 92' lang='lat' dir='ltr'><strong>ser·</strong></span> <span class='ocrx_word' id='word_1_36' title='bbox 1568 832 1571 879; x_wconf 66' lang='lat' dir='ltr'><strong>q</strong></span> 
     </span>
     <span class='ocr_line' id='line_1_5' title="bbox 321 902 1475 985; baseline -0.004 -16"><span class='ocrx_word' id='word_1_37' title='bbox 321 925 375 969; x_wconf 82' lang='lat' dir='ltr'><strong>ros</strong></span> <span class='ocrx_word' id='word_1_38' title='bbox 390 906 533 969; x_wconf 91' lang='lat' dir='ltr'><strong>habebant</strong></span> <span class='ocrx_word' id='word_1_39' title='bbox 547 914 638 968; x_wconf 87' lang='lat' dir='ltr'><strong>artem</strong></span> <span class='ocrx_word' id='word_1_40' title='bbox 650 904 774 985; x_wconf 81' lang='lat' dir='ltr'><strong>aliquam</strong></span> <span class='ocrx_word' id='word_1_41' title='bbox 789 913 840 966; x_wconf 91' lang='lat' dir='ltr'><strong>aut</strong></span> <span class='ocrx_word' id='word_1_42' title='bbox 854 902 1004 983; x_wconf 83' lang='lat' dir='ltr'><strong>opificium</strong></span> <span class='ocrx_word' id='word_1_43' title='bbox 1019 903 1161 977; x_wconf 87' lang='lat' dir='ltr'><strong>callentes,</strong></span> <span class='ocrx_word' id='word_1_44' title='bbox 1177 904 1208 965; x_wconf 89' lang='lat' dir='ltr'><strong>bi</strong></span> <span class='ocrx_word' id='word_1_45' title='bbox 1220 922 1272 966; x_wconf 89' lang='lat' dir='ltr'><strong>eos</strong></span> <span class='ocrx_word' id='word_1_46' title='bbox 1283 911 1335 966; x_wconf 87' lang='lat' dir='ltr'><strong>aut</strong></span> <span class='ocrx_word' id='word_1_47' title='bbox 1348 903 1378 965; x_wconf 91' lang='lat' dir='ltr'><strong>in</strong></span> <span class='ocrx_word' id='word_1_48' title='bbox 1391 902 1475 965; x_wconf 84' lang='lat' dir='ltr'><strong>lebri-</strong></span> 
     </span>
    </p>

    <p class='ocr_par' dir='ltr' id='par_1_3' title="bbox 267 996 1571 1498">
     <span class='ocr_line' id='line_1_6' title="bbox 267 996 1571 1094; baseline -0.005 -22"><span class='ocrx_word' id='word_1_49' title='bbox 267 1021 299 1072; x_wconf 84' lang='lat'><strong>35</strong></span> <span class='ocrx_word' id='word_1_50' title='bbox 323 1009 365 1071; x_wconf 90' lang='lat' dir='ltr'><strong>cis</strong></span> <span class='ocrx_word' id='word_1_51' title='bbox 381 1001 631 1094; x_wconf 73' lang='grc' dir='ltr'><strong>(ἐργαστηρίοις)</strong></span> <span class='ocrx_word' id='word_1_52' title='bbox 643 1007 698 1070; x_wconf 91' lang='lat' dir='ltr'><strong>suh</strong></span> <span class='ocrx_word' id='word_1_53' title='bbox 709 1006 849 1087; x_wconf 79' lang='lat' dir='ltr'><strong>magistro</strong></span> <span class='ocrx_word' id='word_1_54' title='bbox 861 996 1017 1088; x_wconf 78' lang='grc' dir='ltr'><strong><em>(ἡγεμόνι,</em></strong></span> <span class='ocrx_word' id='word_1_55' title='bbox 1032 999 1219 1091; x_wconf 73' lang='grc' dir='ltr'><strong><em>ἐπιτρόπῳ)</em></strong></span> <span class='ocrx_word' id='word_1_56' title='bbox 1233 1006 1416 1081; x_wconf 86' lang='lat' dir='ltr'><strong>coniunctos,</strong></span> <span class='ocrx_word' id='word_1_57' title='bbox 1429 1014 1475 1069; x_wconf 85' lang='lat' dir='ltr'><strong>aut</strong></span> <span class='ocrx_word' id='word_1_58' title='bbox 1570 1046 1571 1081; x_wconf 47' lang='lat' dir='ltr'><strong>q</strong></span> 
     </span>
     <span class='ocr_line' id='line_1_7' title="bbox 321 1107 1571 1190; baseline -0.002 -19"><span class='ocrx_word' id='word_1_59' title='bbox 321 1110 408 1172; x_wconf 87' lang='lat' dir='ltr'><strong>etiam</strong></span> <span class='ocrx_word' id='word_1_60' title='bbox 427 1111 558 1190; x_wconf 77' lang='lat' dir='ltr'><strong>singulos</strong></span> <span class='ocrx_word' id='word_1_61' title='bbox 578 1109 734 1190; x_wconf 86' lang='lat' dir='ltr'><strong>separatim</strong></span> <span class='ocrx_word' id='word_1_62' title='bbox 754 1126 830 1189; x_wconf 90' lang='lat' dir='ltr'><strong>opus</strong></span> <span class='ocrx_word' id='word_1_63' title='bbox 851 1108 944 1170; x_wconf 86' lang='lat' dir='ltr'><strong>lacere</strong></span> <span class='ocrx_word' id='word_1_64' title='bbox 962 1107 1100 1171; x_wconf 89' lang='lat' dir='ltr'><strong>iubebant</strong></span> <span class='ocrx_word' id='word_1_65' title='bbox 1123 1117 1152 1170; x_wconf 92' lang='lat' dir='ltr'><strong>et</strong></span> <span class='ocrx_word' id='word_1_66' title='bbox 1176 1108 1213 1171; x_wconf 88' lang='lat' dir='ltr'><strong>de</strong></span> <span class='ocrx_word' id='word_1_67' title='bbox 1235 1107 1371 1171; x_wconf 85' lang='lat' dir='ltr'><strong>mercede</strong></span> <span class='ocrx_word' id='word_1_68' title='bbox 1394 1126 1477 1187; x_wconf 87' lang='lat' dir='ltr'><strong>quam</strong></span> <span class='ocrx_word' id='word_1_69' title='bbox 1570 1150 1571 1189; x_wconf 48' lang='grc' dir='ltr'><strong><em>η</em></strong></span> 
     </span>
     <span class='ocr_line' id='line_1_8' title="bbox 320 1202 1571 1297; baseline -0.001 -23"><span class='ocrx_word' id='word_1_70' title='bbox 320 1213 499 1275; x_wconf 87' lang='lat' dir='ltr'><strong>meruissent</strong></span> <span class='ocrx_word' id='word_1_71' title='bbox 517 1220 609 1275; x_wconf 90' lang='lat' dir='ltr'><strong>certas</strong></span> <span class='ocrx_word' id='word_1_72' title='bbox 628 1211 702 1293; x_wconf 89' lang='lat' dir='ltr'><strong>ipsis</strong></span> <span class='ocrx_word' id='word_1_73' title='bbox 722 1209 882 1292; x_wconf 76' lang='lat' dir='ltr'><strong>pensiones</strong></span> <span class='ocrx_word' id='word_1_74' title='bbox 901 1206 1021 1295; x_wconf 78' lang='grc' dir='ltr'><strong><em>(φοράς</em></strong></span> <span class='ocrx_word' id='word_1_75' title='bbox 1039 1230 1064 1273; x_wconf 88' lang='lat' dir='ltr'><strong>s.</strong></span> <span class='ocrx_word' id='word_1_76' title='bbox 1088 1202 1277 1297; x_wconf 74' lang='grc' dir='ltr'><strong><em>ἀποφοράς)</em></strong></span> <span class='ocrx_word' id='word_1_77' title='bbox 1304 1210 1476 1292; x_wconf 73' lang='lat' dir='ltr'><strong>persolvere</strong></span> <span class='ocrx_word' id='word_1_78' title='bbox 1569 1250 1571 1261; x_wconf 69' lang='lat'><strong><em>‹</em></strong></span> 
     </span>
     <span class='ocr_line' id='line_1_9' title="bbox 321 1313 1478 1397; baseline 0 -21"><span class='ocrx_word' id='word_1_79' title='bbox 321 1314 363 1377; x_wconf 85' lang='lat' dir='ltr'><strong>Ct.</strong></span> <span class='ocrx_word' id='word_1_80' title='bbox 386 1316 539 1397; x_wconf 76' lang='lat' dir='ltr'><strong>Antiquitt.</strong></span> <span class='ocrx_word' id='word_1_81' title='bbox 554 1316 572 1377; x_wconf 92' lang='lat' dir='ltr'><strong>i.</strong></span> <span class='ocrx_word' id='word_1_82' title='bbox 590 1335 620 1396; x_wconf 89' lang='lat' dir='ltr'><strong>p.</strong></span> <span class='ocrx_word' id='word_1_83' title='bbox 636 1314 685 1377; x_wconf 85' lang='lat' dir='ltr'><strong>Gr.</strong></span> <span class='ocrx_word' id='word_1_84' title='bbox 701 1333 731 1395; x_wconf 94' lang='lat' dir='ltr'><strong>p.</strong></span> <span class='ocrx_word' id='word_1_85' title='bbox 750 1314 810 1376; x_wconf 74' lang='lat'><strong>186</strong></span> <span class='ocrx_word' id='word_1_86' title='bbox 829 1332 874 1393; x_wconf 90' lang='lat' dir='ltr'><strong>sq.</strong></span> <span class='ocrx_word' id='word_1_87' title='bbox 909 1313 994 1376; x_wconf 90' lang='lat' dir='ltr'><strong>llunc</strong></span> <span class='ocrx_word' id='word_1_88' title='bbox 1011 1313 1099 1394; x_wconf 81' lang='lat' dir='ltr'><strong>igitur</strong></span> <span class='ocrx_word' id='word_1_89' title='bbox 1117 1323 1270 1394; x_wconf 88' lang='lat' dir='ltr'><strong>quaestum</strong></span> <span class='ocrx_word' id='word_1_90' title='bbox 1292 1334 1309 1376; x_wconf 87' lang='lat' dir='ltr'><strong>c</strong></span> <span class='ocrx_word' id='word_1_91' title='bbox 1329 1332 1478 1376; x_wconf 84' lang='lat' dir='ltr'><strong>serrorum</strong></span> 
     </span>
     <span class='ocr_line' id='line_1_10' title="bbox 320 1414 1479 1498; baseline -0.003 -20"><span class='ocrx_word' id='word_1_92' title='bbox 320 1418 469 1498; x_wconf 87' lang='lat' dir='ltr'><strong>operibus,</strong></span> <span class='ocrx_word' id='word_1_93' title='bbox 480 1418 570 1480; x_wconf 92' lang='lat' dir='ltr'><strong>modo</strong></span> <span class='ocrx_word' id='word_1_94' title='bbox 582 1435 643 1480; x_wconf 93' lang='lat' dir='ltr'><strong>non</strong></span> <span class='ocrx_word' id='word_1_95' title='bbox 654 1417 801 1498; x_wconf 79' lang='lat' dir='ltr'><strong>turpibus,</strong></span> <span class='ocrx_word' id='word_1_96' title='bbox 813 1414 1002 1478; x_wconf 84' lang='lat' dir='ltr'><strong>Philodemus</strong></span> <span class='ocrx_word' id='word_1_97' title='bbox 1015 1414 1174 1495; x_wconf 80' lang='lat' dir='ltr'><strong>sapientem</strong></span> <span class='ocrx_word' id='word_1_98' title='bbox 1186 1416 1290 1478; x_wconf 88' lang='lat' dir='ltr'><strong>decere</strong></span> <span class='ocrx_word' id='word_1_99' title='bbox 1300 1415 1479 1497; x_wconf 78' lang='lat' dir='ltr'><strong>pronuntiat.</strong></span> 
     </span>
    </p>

    <p class='ocr_par' dir='ltr' id='par_1_4' title="bbox 317 1517 1571 3346">
     <span class='ocr_line' id='line_1_11' title="bbox 320 1517 1481 1600; baseline -0.004 -18"><span class='ocrx_word' id='word_1_100' title='bbox 320 1553 362 1565; x_wconf 90' lang='lat'><em>-</em></span> <span class='ocrx_word' id='word_1_101' title='bbox 377 1519 438 1583; x_wconf 88' lang='lat' dir='ltr'><strong>lam</strong></span> <span class='ocrx_word' id='word_1_102' title='bbox 452 1539 522 1583; x_wconf 82' lang='lat' dir='ltr'><strong>vero</strong></span> <span class='ocrx_word' id='word_1_103' title='bbox 538 1519 620 1600; x_wconf 87' lang='lat' dir='ltr'><strong>quale</strong></span> <span class='ocrx_word' id='word_1_104' title='bbox 642 1537 735 1600; x_wconf 82' lang='lat' dir='ltr'><strong>genus</strong></span> <span class='ocrx_word' id='word_1_105' title='bbox 751 1527 889 1599; x_wconf 83' lang='lat' dir='ltr'><strong>quaestus</strong></span> <span class='ocrx_word' id='word_1_106' title='bbox 904 1518 1076 1598; x_wconf 86' lang='lat' dir='ltr'><strong>primarium</strong></span> <span class='ocrx_word' id='word_1_107' title='bbox 1090 1517 1117 1579; x_wconf 87' lang='lat' dir='ltr'><strong>ei</strong></span> <span class='ocrx_word' id='word_1_108' title='bbox 1131 1526 1161 1580; x_wconf 88' lang='lat' dir='ltr'><strong>et</strong></span> <span class='ocrx_word' id='word_1_109' title='bbox 1173 1517 1421 1581; x_wconf 85' lang='lat' dir='ltr'><strong>honestissimum</strong></span> <span class='ocrx_word' id='word_1_110' title='bbox 1440 1517 1481 1578; x_wconf 81' lang='lat' dir='ltr'><strong>ri·</strong></span> 
     </span>
     <span class='ocr_line' id='line_1_12' title="bbox 321 1618 1480 1701; baseline -0.003 -16"><span class='ocrx_word' id='word_1_111' title='bbox 321 1623 438 1697; x_wconf 91' lang='lat' dir='ltr'><strong>deatur‚</strong></span> <span class='ocrx_word' id='word_1_112' title='bbox 459 1639 520 1685; x_wconf 93' lang='lat' dir='ltr'><strong>non</strong></span> <span class='ocrx_word' id='word_1_113' title='bbox 537 1622 601 1684; x_wconf 90' lang='lat' dir='ltr'><strong>sine</strong></span> <span class='ocrx_word' id='word_1_114' title='bbox 616 1622 762 1701; x_wconf 81' lang='lat' dir='ltr'><strong>voluptate</strong></span> <span class='ocrx_word' id='word_1_115' title='bbox 776 1628 957 1700; x_wconf 79' lang='lat' dir='ltr'><strong>cognoscent</strong></span> <span class='ocrx_word' id='word_1_116' title='bbox 972 1618 1135 1701; x_wconf 78' lang='lat' dir='ltr'><strong>quicunque</strong></span> <span class='ocrx_word' id='word_1_117' title='bbox 1150 1619 1291 1683; x_wconf 85' lang='lat' dir='ltr'><strong>docendis</strong></span> <span class='ocrx_word' id='word_1_118' title='bbox 1306 1620 1397 1683; x_wconf 90' lang='lat' dir='ltr'><strong>bonis</strong></span> <span class='ocrx_word' id='word_1_119' title='bbox 1413 1619 1480 1681; x_wconf 81' lang='lat' dir='ltr'><strong>arti·</strong></span> 
     </span>
     <span class='ocr_line' id='line_1_13' title="bbox 320 1721 1571 1804; baseline -0.008 -17"><span class='ocrx_word' id='word_1_120' title='bbox 320 1725 376 1787; x_wconf 93' lang='lat' dir='ltr'><strong>hus</strong></span> <span class='ocrx_word' id='word_1_121' title='bbox 391 1725 519 1799; x_wconf 87' lang='lat' dir='ltr'><strong>aluntur,</strong></span> <span class='ocrx_word' id='word_1_122' title='bbox 539 1724 558 1787; x_wconf 95' lang='lat' dir='ltr'><strong>ii</strong></span> <span class='ocrx_word' id='word_1_123' title='bbox 574 1723 758 1804; x_wconf 87' lang='lat' dir='ltr'><strong>praesertim,</strong></span> <span class='ocrx_word' id='word_1_124' title='bbox 778 1722 885 1803; x_wconf 89' lang='lat' dir='ltr'><strong>quihus</strong></span> <span class='ocrx_word' id='word_1_125' title='bbox 903 1723 978 1784; x_wconf 86' lang='lat' dir='ltr'><strong>lauta</strong></span> <span class='ocrx_word' id='word_1_126' title='bbox 998 1721 1171 1787; x_wconf 87' lang='lat' dir='ltr'><strong>discentium</strong></span> <span class='ocrx_word' id='word_1_127' title='bbox 1192 1722 1358 1787; x_wconf 88' lang='lat' dir='ltr'><strong>honoraria</strong></span> <span class='ocrx_word' id='word_1_128' title='bbox 1377 1721 1483 1804; x_wconf 89' lang='lat' dir='ltr'><strong>publici</strong></span> <span class='ocrx_word' id='word_1_129' title='bbox 1570 1772 1571 1777; x_wconf 73' lang='grc'>,</span> 
     </span>
     <span class='ocr_line' id='line_1_14' title="bbox 320 1818 1485 1908; baseline -0.003 -19"><span class='ocrx_word' id='word_1_130' title='bbox 320 1827 457 1908; x_wconf 87' lang='lat' dir='ltr'><strong>stipendii</strong></span> <span class='ocrx_word' id='word_1_131' title='bbox 472 1827 640 1889; x_wconf 88' lang='lat' dir='ltr'><strong>tenuitatem</strong></span> <span class='ocrx_word' id='word_1_132' title='bbox 656 1832 857 1906; x_wconf 87' lang='lat' dir='ltr'><strong>compensent.</strong></span> <span class='ocrx_word' id='word_1_133' title='bbox 891 1820 1029 1907; x_wconf 87' lang='grc' dir='ltr'><strong><em>Πρῶτον</em></strong></span> <span class='ocrx_word' id='word_1_134' title='bbox 1043 1818 1091 1903; x_wconf 80' lang='grc' dir='ltr'><strong>δέ,</strong></span> <span class='ocrx_word' id='word_1_135' title='bbox 1108 1824 1211 1906; x_wconf 81' lang='lat' dir='ltr'><strong>inquit,</strong></span> <span class='ocrx_word' id='word_1_136' title='bbox 1230 1820 1293 1888; x_wconf 88' lang='grc' dir='ltr'><strong>καὶ</strong></span> <span class='ocrx_word' id='word_1_137' title='bbox 1308 1820 1485 1888; x_wconf 77' lang='grc' dir='ltr'><strong><em>κάλλιπον</em></strong></span> 
     </span>
     <span class='ocr_line' id='line_1_15' title="bbox 321 1918 1485 2013; baseline -0.003 -23"><span class='ocrx_word' id='word_1_138' title='bbox 321 1921 392 1993; x_wconf 64' lang='lat' dir='ltr'><strong>cirre*</strong></span> <span class='ocrx_word' id='word_1_139' title='bbox 412 1923 517 2011; x_wconf 75' lang='grc' dir='ltr'><strong><em>λόγων</em></strong></span> <span class='ocrx_word' id='word_1_140' title='bbox 535 1922 730 2013; x_wconf 77' lang='grc' dir='ltr'><strong><em>φιλοσόφων</em></strong></span> <span class='ocrx_word' id='word_1_141' title='bbox 748 1919 904 2013; x_wconf 73' lang='grc' dir='ltr'><strong><em>ἀνδράσιν</em></strong></span> <span class='ocrx_word' id='word_1_142' title='bbox 924 1922 1088 2001; x_wconf 78' lang='grc' dir='ltr'><strong><em>δεκτικοῖς</em></strong></span> <span class='ocrx_word' id='word_1_143' title='bbox 1104 1921 1374 2007; x_wconf 77' lang='grc' dir='ltr'><strong><em>μεταδιδόμενον</em></strong></span> <span class='ocrx_word' id='word_1_144' title='bbox 1394 1918 1485 1989; x_wconf 86' lang='grc' dir='ltr'><strong><em>άντι·</em></strong></span> 
     </span>
     <span class='ocr_line' id='line_1_16' title="bbox 320 2022 1488 2113; baseline -0.003 -19"><span class='ocrx_word' id='word_1_145' title='bbox 320 2022 582 2113; x_wconf 75' lang='grc' dir='ltr'><strong><em>μεταλαμβάνειν</em></strong></span> <span class='ocrx_word' id='word_1_146' title='bbox 597 2023 856 2110; x_wconf 65' lang='lat' dir='ltr'><strong>adxequendum,</strong></span> <span class='ocrx_word' id='word_1_147' title='bbox 868 2029 930 2101; x_wconf 77' lang='grc' dir='ltr'><strong><em>οιἿα</em></strong></span> <span class='ocrx_word' id='word_1_148' title='bbox 942 2025 1028 2109; x_wconf 84' lang='grc' dir='ltr'><strong><em>μετά</em></strong></span> <span class='ocrx_word' id='word_1_149' title='bbox 1043 2027 1212 2110; x_wconf 80' lang='grc' dir='ltr'><strong><em>σεβασμοῦ</em></strong></span> <span class='ocrx_word' id='word_1_150' title='bbox 1226 2027 1407 2105; x_wconf 80' lang='grc' dir='ltr'><strong><em>παντελῶς</em></strong></span> <span class='ocrx_word' id='word_1_151' title='bbox 1417 2022 1488 2111; x_wconf 75' lang='lat' dir='ltr'><strong>dyi-</strong></span> 
     </span>
     <span class='ocr_line' id='line_1_17' title="bbox 320 2122 1487 2218; baseline -0.003 -22"><span class='ocrx_word' id='word_1_152' title='bbox 320 2124 386 2196; x_wconf 80' lang='grc' dir='ltr'><strong><em>νετ’</em></strong></span> <span class='ocrx_word' id='word_1_153' title='bbox 403 2125 604 2218; x_wconf 78' lang='grc' dir='ltr'><strong><em>Ἐπικούρῳ·</em></strong></span> <span class='ocrx_word' id='word_1_154' title='bbox 625 2127 730 2214; x_wconf 69' lang='lat' dir='ltr'><strong>Myros</strong></span> <span class='ocrx_word' id='word_1_155' title='bbox 745 2126 782 2194; x_wconf 77' lang='grc' dir='ltr'><strong>δὲ</strong></span> <span class='ocrx_word' id='word_1_156' title='bbox 797 2122 967 2216; x_wconf 67' lang='grc' dir='ltr'><strong><em>ἀληθινῶν</em></strong></span> <span class='ocrx_word' id='word_1_157' title='bbox 981 2126 1037 2192; x_wconf 76' lang='grc' dir='ltr'><strong>καὶ</strong></span> <span class='ocrx_word' id='word_1_158' title='bbox 1053 2122 1276 2216; x_wconf 81' lang='grc' dir='ltr'><strong><em>άφιλονείκων</em></strong></span> <span class='ocrx_word' id='word_1_159' title='bbox 1290 2127 1353 2195; x_wconf 79' lang='grc' dir='ltr'><strong>καὶ</strong></span> <span class='ocrx_word' id='word_1_160' title='bbox 1369 2123 1487 2213; x_wconf 80' lang='grc' dir='ltr'><strong><em>συλλή-</em></strong></span> 
     </span>
     <span class='ocr_line' id='line_1_18' title="bbox 321 2226 1489 2320; baseline -0.002 -22"><span class='ocrx_word' id='word_1_161' title='bbox 321 2232 404 2320; x_wconf 80' lang='grc' dir='ltr'><strong><em>βδην</em></strong></span> <span class='ocrx_word' id='word_1_162' title='bbox 419 2228 527 2298; x_wconf 78' lang='grc' dir='ltr'><strong><em>εἰπεῖν</em></strong></span> <span class='ocrx_word' id='word_1_163' title='bbox 542 2227 727 2318; x_wconf 85' lang='grc' dir='ltr'><strong><em>άταράχιον·</em></strong></span> <span class='ocrx_word' id='word_1_164' title='bbox 744 2240 824 2306; x_wconf 75' lang='grc' dir='ltr'><strong><em>[ἐπεὶ]</em></strong></span> <span class='ocrx_word' id='word_1_165' title='bbox 839 2226 880 2295; x_wconf 88' lang='grc' dir='ltr'><strong>τά</strong></span> <span class='ocrx_word' id='word_1_166' title='bbox 894 2251 931 2315; x_wconf 79' lang='grc' dir='ltr'><strong><em>γε</em></strong></span> <span class='ocrx_word' id='word_1_167' title='bbox 944 2228 1004 2294; x_wconf 78' lang='grc' dir='ltr'><strong><em>διά</em></strong></span> <span class='ocrx_word' id='word_1_168' title='bbox 1019 2231 1224 2318; x_wconf 80' lang='grc' dir='ltr'><strong><em>σοφιστικῶν</em></strong></span> <span class='ocrx_word' id='word_1_169' title='bbox 1234 2231 1297 2298; x_wconf 88' lang='grc' dir='ltr'><strong>καὶ</strong></span> <span class='ocrx_word' id='word_1_170' title='bbox 1310 2226 1489 2317; x_wconf 64' lang='lat' dir='ltr'><strong>dyoecesi-</strong></span> 
     </span>
     <span class='ocr_line' id='line_1_19' title="bbox 320 2329 1487 2424; baseline -0.002 -25"><span class='ocrx_word' id='word_1_171' title='bbox 320 2335 385 2399; x_wconf 90' lang='grc' dir='ltr'><strong>κῶν</strong></span> <span class='ocrx_word' id='word_1_172' title='bbox 400 2329 495 2401; x_wconf 78' lang='grc' dir='ltr'><strong><em>οὐδέν</em></strong></span> <span class='ocrx_word' id='word_1_173' title='bbox 509 2331 582 2400; x_wconf 79' lang='grc' dir='ltr'><strong><em>ἐστι</em></strong></span> <span class='ocrx_word' id='word_1_174' title='bbox 596 2330 727 2418; x_wconf 81' lang='grc' dir='ltr'><strong><em>βέλτιον</em></strong></span> <span class='ocrx_word' id='word_1_175' title='bbox 739 2332 799 2398; x_wconf 82' lang='grc' dir='ltr'><strong>τοῦ</strong></span> <span class='ocrx_word' id='word_1_176' title='bbox 813 2330 872 2397; x_wconf 78' lang='grc' dir='ltr'><strong><em>διά</em></strong></span> <span class='ocrx_word' id='word_1_177' title='bbox 891 2330 1127 2420; x_wconf 81' lang='grc' dir='ltr'><strong><em>άημοκοπικῶν</em></strong></span> <span class='ocrx_word' id='word_1_178' title='bbox 1144 2333 1201 2398; x_wconf 78' lang='grc' dir='ltr'><em>καί</em></span> <span class='ocrx_word' id='word_1_179' title='bbox 1220 2332 1487 2424; x_wconf 72' lang='grc' dir='ltr'><strong><em>σνκοηταντικῶν.</em></strong></span> 
     </span>
     <span class='ocr_line' id='line_1_20' title="bbox 319 2437 1492 2522; baseline -0.002 -19"><span class='ocrx_word' id='word_1_180' title='bbox 319 2441 419 2503; x_wconf 87' lang='lat' dir='ltr'><strong>Lectio</strong></span> <span class='ocrx_word' id='word_1_181' title='bbox 434 2442 524 2503; x_wconf 91' lang='lat' dir='ltr'><strong>totius</strong></span> <span class='ocrx_word' id='word_1_182' title='bbox 544 2441 601 2502; x_wconf 93' lang='lat' dir='ltr'><strong>loci</strong></span> <span class='ocrx_word' id='word_1_183' title='bbox 626 2448 716 2513; x_wconf 87' lang='lat' dir='ltr'><strong>certa,</strong></span> <span class='ocrx_word' id='word_1_184' title='bbox 740 2437 928 2519; x_wconf 87' lang='lat' dir='ltr'><strong>quamobrem</strong></span> <span class='ocrx_word' id='word_1_185' title='bbox 952 2437 1070 2499; x_wconf 89' lang='lat' dir='ltr'><strong>lacunas</strong></span> <span class='ocrx_word' id='word_1_186' title='bbox 1095 2456 1157 2500; x_wconf 92' lang='lat' dir='ltr'><strong>non</strong></span> <span class='ocrx_word' id='word_1_187' title='bbox 1183 2439 1351 2519; x_wconf 79' lang='lat' dir='ltr'><strong>significavi</strong></span> <span class='ocrx_word' id='word_1_188' title='bbox 1376 2448 1492 2522; x_wconf 84' lang='lat' dir='ltr'><strong>practer</strong></span> 
     </span>
     <span class='ocr_line' id='line_1_21' title="bbox 321 2533 1491 2623; baseline -0.003 -17"><span class='ocrx_word' id='word_1_189' title='bbox 321 2544 409 2616; x_wconf 84' lang='lat' dir='ltr'><strong>duas,</strong></span> <span class='ocrx_word' id='word_1_190' title='bbox 430 2543 511 2606; x_wconf 90' lang='lat' dir='ltr'><strong>aliter</strong></span> <span class='ocrx_word' id='word_1_191' title='bbox 526 2562 541 2604; x_wconf 90' lang='lat' dir='ltr'><strong>a</strong></span> <span class='ocrx_word' id='word_1_192' title='bbox 557 2561 605 2604; x_wconf 88' lang='lat' dir='ltr'><strong>me</strong></span> <span class='ocrx_word' id='word_1_193' title='bbox 620 2560 709 2623; x_wconf 91' lang='lat' dir='ltr'><strong>quam</strong></span> <span class='ocrx_word' id='word_1_194' title='bbox 724 2560 741 2603; x_wconf 88' lang='lat' dir='ltr'><strong>a</strong></span> <span class='ocrx_word' id='word_1_195' title='bbox 756 2540 904 2622; x_wconf 80' lang='lat' dir='ltr'><strong>prioribus</strong></span> <span class='ocrx_word' id='word_1_196' title='bbox 924 2539 1062 2619; x_wconf 82' lang='lat' dir='ltr'><strong>expletas.</strong></span> <span class='ocrx_word' id='word_1_197' title='bbox 1097 2539 1172 2602; x_wconf 81' lang='lat' dir='ltr'><strong>llam</strong></span> <span class='ocrx_word' id='word_1_198' title='bbox 1192 2540 1372 2607; x_wconf 86' lang='lat' dir='ltr'><strong>lavoronius</strong></span> <span class='ocrx_word' id='word_1_199' title='bbox 1395 2533 1491 2621; x_wconf 79' lang='grc' dir='ltr'><strong><em>εάχά-</em></strong></span> 
     </span>
     <span class='ocr_line' id='line_1_22' title="bbox 320 2636 1492 2730; baseline -0.002 -22"><span class='ocrx_word' id='word_1_200' title='bbox 320 2654 450 2730; x_wconf 68' lang='lat' dir='ltr'><strong>procop,</strong></span> <span class='ocrx_word' id='word_1_201' title='bbox 462 2637 567 2718; x_wconf 77' lang='lat' dir='ltr'><strong>xoa‘ldi</strong></span> <span class='ocrx_word' id='word_1_202' title='bbox 579 2645 705 2726; x_wconf 79' lang='lat' dir='ltr'><strong>scripsit,</strong></span> <span class='ocrx_word' id='word_1_203' title='bbox 716 2644 910 2724; x_wconf 76' lang='lat' dir='ltr'><strong>Goettliuqius</strong></span> <span class='ocrx_word' id='word_1_204' title='bbox 922 2636 1189 2727; x_wconf 74' lang='lat' dir='ltr'><strong>erixdptcco[c]....</strong></span> <span class='ocrx_word' id='word_1_205' title='bbox 1198 2636 1230 2721; x_wconf 85' lang='grc' dir='ltr'><strong>ά,</strong></span> <span class='ocrx_word' id='word_1_206' title='bbox 1248 2647 1305 2708; x_wconf 92' lang='lat' dir='ltr'><strong>sed</strong></span> <span class='ocrx_word' id='word_1_207' title='bbox 1322 2647 1426 2708; x_wconf 76' lang='lat' dir='ltr'><strong>verius</strong></span> <span class='ocrx_word' id='word_1_208' title='bbox 1437 2644 1492 2707; x_wconf 91' lang='lat' dir='ltr'><strong>sibi</strong></span> 
     </span>
     <span class='ocr_line' id='line_1_23' title="bbox 319 2740 1493 2830; baseline 0 -22"><span class='ocrx_word' id='word_1_209' title='bbox 319 2748 411 2810; x_wconf 85' lang='lat' dir='ltr'><strong>rideri</strong></span> <span class='ocrx_word' id='word_1_210' title='bbox 424 2747 465 2809; x_wconf 87' lang='lat' dir='ltr'><strong>eit</strong></span> <span class='ocrx_word' id='word_1_211' title='bbox 479 2740 552 2810; x_wconf 80' lang='grc' dir='ltr'><strong><em>ὅσα.</em></strong></span> <span class='ocrx_word' id='word_1_212' title='bbox 582 2747 645 2828; x_wconf 81' lang='lat' dir='ltr'><strong>Ego</strong></span> <span class='ocrx_word' id='word_1_213' title='bbox 661 2748 741 2828; x_wconf 92' lang='lat' dir='ltr'><strong>quod</strong></span> <span class='ocrx_word' id='word_1_214' title='bbox 756 2746 875 2828; x_wconf 89' lang='lat' dir='ltr'><strong>reposui</strong></span> <span class='ocrx_word' id='word_1_215' title='bbox 889 2748 1009 2810; x_wconf 91' lang='lat' dir='ltr'><strong>lacunae</strong></span> <span class='ocrx_word' id='word_1_216' title='bbox 1029 2748 1124 2828; x_wconf 83' lang='lat' dir='ltr'><strong>spatio</strong></span> <span class='ocrx_word' id='word_1_217' title='bbox 1144 2758 1173 2810; x_wconf 92' lang='lat' dir='ltr'><strong>et</strong></span> <span class='ocrx_word' id='word_1_218' title='bbox 1191 2748 1365 2811; x_wconf 86' lang='lat' dir='ltr'><strong>sententiae</strong></span> <span class='ocrx_word' id='word_1_219' title='bbox 1386 2748 1493 2830; x_wconf 83' lang='lat' dir='ltr'><strong>pariter</strong></span> 
     </span>
     <span class='ocr_line' id='line_1_24' title="bbox 319 2842 1494 2933; baseline -0.001 -21"><span class='ocrx_word' id='word_1_220' title='bbox 319 2850 574 2912; x_wconf 87' lang='lat' dir='ltr'><strong>accommodatum</strong></span> <span class='ocrx_word' id='word_1_221' title='bbox 589 2859 643 2911; x_wconf 79' lang='lat' dir='ltr'><strong>est</strong></span> <span class='ocrx_word' id='word_1_222' title='bbox 672 2849 782 2912; x_wconf 87' lang='lat' dir='ltr'><strong>Deinde</strong></span> <span class='ocrx_word' id='word_1_223' title='bbox 796 2850 894 2912; x_wconf 87' lang='lat' dir='ltr'><strong>verius</strong></span> <span class='ocrx_word' id='word_1_224' title='bbox 910 2870 976 2912; x_wconf 88' lang='lat' dir='ltr'><strong>esse</strong></span> <span class='ocrx_word' id='word_1_225' title='bbox 990 2842 1081 2924; x_wconf 72' lang='grc' dir='ltr'><strong><em>ἕπετ’,</em></strong></span> <span class='ocrx_word' id='word_1_226' title='bbox 1101 2869 1188 2931; x_wconf 89' lang='lat' dir='ltr'><strong>quam</strong></span> <span class='ocrx_word' id='word_1_227' title='bbox 1204 2851 1248 2912; x_wconf 84' lang='lat' dir='ltr'><strong>rel</strong></span> <span class='ocrx_word' id='word_1_228' title='bbox 1265 2843 1334 2927; x_wconf 80' lang='grc' dir='ltr'><strong>ὡς,</strong></span> <span class='ocrx_word' id='word_1_229' title='bbox 1351 2852 1435 2933; x_wconf 91' lang='lat' dir='ltr'><strong>quod</strong></span> <span class='ocrx_word' id='word_1_230' title='bbox 1449 2850 1494 2911; x_wconf 77' lang='lat' dir='ltr'><strong>lr-</strong></span> 
     </span>
     <span class='ocr_line' id='line_1_25' title="bbox 320 2944 1495 3035; baseline 0.003 -23"><span class='ocrx_word' id='word_1_231' title='bbox 320 2952 455 3025; x_wconf 87' lang='lat' dir='ltr'><strong>varonio‚</strong></span> <span class='ocrx_word' id='word_1_232' title='bbox 475 2950 520 3014; x_wconf 80' lang='lat' dir='ltr'><strong>vel</strong></span> <span class='ocrx_word' id='word_1_233' title='bbox 539 2944 606 3026; x_wconf 78' lang='lat' dir='ltr'><strong>dcc,</strong></span> <span class='ocrx_word' id='word_1_234' title='bbox 626 2952 706 3031; x_wconf 90' lang='lat' dir='ltr'><strong>quod</strong></span> <span class='ocrx_word' id='word_1_235' title='bbox 726 2952 900 3032; x_wconf 81' lang='lat' dir='ltr'><strong>Goettlingio</strong></span> <span class='ocrx_word' id='word_1_236' title='bbox 920 2953 1041 3033; x_wconf 87' lang='lat' dir='ltr'><strong>placuit,</strong></span> <span class='ocrx_word' id='word_1_237' title='bbox 1061 2971 1148 3016; x_wconf 90' lang='lat' dir='ltr'><strong>nemo</strong></span> <span class='ocrx_word' id='word_1_238' title='bbox 1168 2952 1251 3016; x_wconf 89' lang='lat' dir='ltr'><strong>lacile</strong></span> <span class='ocrx_word' id='word_1_239' title='bbox 1273 2953 1411 3035; x_wconf 76' lang='lat' dir='ltr'><strong>negabit</strong></span> <span class='ocrx_word' id='word_1_240' title='bbox 1443 2954 1495 3015; x_wconf 77' lang='lat' dir='ltr'><strong>list</strong></span> 
     </span>
     <span class='ocr_line' id='line_1_26' title="bbox 317 3047 1496 3138; baseline 0.003 -24"><span class='ocrx_word' id='word_1_241' title='bbox 317 3054 396 3115; x_wconf 90' lang='lat' dir='ltr'><strong>enim</strong></span> <span class='ocrx_word' id='word_1_242' title='bbox 407 3053 438 3115; x_wconf 95' lang='lat' dir='ltr'><strong>in</strong></span> <span class='ocrx_word' id='word_1_243' title='bbox 449 3053 618 3115; x_wconf 88' lang='lat' dir='ltr'><strong>huiusmodi</strong></span> <span class='ocrx_word' id='word_1_244' title='bbox 630 3061 767 3116; x_wconf 80' lang='lat' dir='ltr'><strong>contextu</strong></span> <span class='ocrx_word' id='word_1_245' title='bbox 778 3055 882 3117; x_wconf 88' lang='lat' dir='ltr'><strong>harum</strong></span> <span class='ocrx_word' id='word_1_246' title='bbox 894 3055 1101 3136; x_wconf 84' lang='lat' dir='ltr'><strong>particularum</strong></span> <span class='ocrx_word' id='word_1_247' title='bbox 1113 3047 1190 3118; x_wconf 77' lang='grc' dir='ltr'><strong><em>ἒπελ</em></strong></span> <span class='ocrx_word' id='word_1_248' title='bbox 1199 3090 1242 3102; x_wconf 92' lang='lat'><strong>--</strong></span> <span class='ocrx_word' id='word_1_249' title='bbox 1256 3075 1298 3138; x_wconf 75' lang='grc' dir='ltr'><strong><em>με</em></strong></span> <span class='ocrx_word' id='word_1_250' title='bbox 1308 3076 1390 3120; x_wconf 89' lang='lat' dir='ltr'><strong>usus</strong></span> <span class='ocrx_word' id='word_1_251' title='bbox 1403 3072 1496 3138; x_wconf 84' lang='lat' dir='ltr'><strong>paene</strong></span> 
     </span>
     <span class='ocr_line' id='line_1_27' title="bbox 318 3154 1498 3242; baseline 0.003 -26"><span class='ocrx_word' id='word_1_252' title='bbox 318 3154 473 3234; x_wconf 71' lang='lat' dir='ltr'><strong>legitimus.</strong></span> <span class='ocrx_word' id='word_1_253' title='bbox 503 3155 546 3217; x_wconf 81' lang='lat' dir='ltr'><strong>ut.</strong></span> <span class='ocrx_word' id='word_1_254' title='bbox 566 3155 696 3236; x_wconf 79' lang='lat' dir='ltr'><strong>exempla</strong></span> <span class='ocrx_word' id='word_1_255' title='bbox 716 3156 926 3220; x_wconf 86' lang='lat' dir='ltr'><strong>aSchncidero</strong></span> <span class='ocrx_word' id='word_1_256' title='bbox 946 3159 981 3220; x_wconf 88' lang='lat' dir='ltr'><strong>ad</strong></span> <span class='ocrx_word' id='word_1_257' title='bbox 997 3158 1131 3239; x_wconf 89' lang='lat' dir='ltr'><strong>Xenoph.</strong></span> <span class='ocrx_word' id='word_1_258' title='bbox 1150 3158 1229 3221; x_wconf 91' lang='lat' dir='ltr'><strong>llier.</strong></span> <span class='ocrx_word' id='word_1_259' title='bbox 1246 3160 1280 3235; x_wconf 84' lang='lat'><strong>7,</strong></span> <span class='ocrx_word' id='word_1_260' title='bbox 1297 3159 1320 3223; x_wconf 87' lang='grc'><strong><em>3</em></strong></span> <span class='ocrx_word' id='word_1_261' title='bbox 1337 3180 1370 3242; x_wconf 91' lang='lat' dir='ltr'><strong>p.</strong></span> <span class='ocrx_word' id='word_1_262' title='bbox 1386 3160 1451 3223; x_wconf 74' lang='lat'><strong>250</strong></span> <span class='ocrx_word' id='word_1_263' title='bbox 1469 3166 1498 3220; x_wconf 85' lang='lat' dir='ltr'><strong>ct</strong></span> 
     </span>
     <span class='ocr_line' id='line_1_28' title="bbox 319 3253 1499 3346; baseline 0.005 -27"><span class='ocrx_word' id='word_1_264' title='bbox 319 3256 437 3320; x_wconf 86' lang='lat' dir='ltr'><strong>anobis</strong></span> <span class='ocrx_word' id='word_1_265' title='bbox 452 3258 487 3319; x_wconf 90' lang='lat' dir='ltr'><strong>ad</strong></span> <span class='ocrx_word' id='word_1_266' title='bbox 503 3258 578 3320; x_wconf 84' lang='lat' dir='ltr'><strong>Plut.</strong></span> <span class='ocrx_word' id='word_1_267' title='bbox 593 3258 644 3338; x_wconf 78' lang='lat' dir='ltr'><strong>hg.</strong></span> <span class='ocrx_word' id='word_1_268' title='bbox 664 3259 711 3333; x_wconf 84' lang='lat' dir='ltr'><strong>ld,</strong></span> <span class='ocrx_word' id='word_1_269' title='bbox 727 3257 746 3320; x_wconf 87' lang='grc'><strong><em>3</em></strong></span> <span class='ocrx_word' id='word_1_270' title='bbox 760 3278 789 3340; x_wconf 90' lang='lat' dir='ltr'><strong>p.</strong></span> <span class='ocrx_word' id='word_1_271' title='bbox 808 3259 867 3322; x_wconf 79' lang='lat'><strong>128</strong></span> <span class='ocrx_word' id='word_1_272' title='bbox 884 3260 976 3323; x_wconf 87' lang='lat' dir='ltr'><strong>citata.</strong></span> <span class='ocrx_word' id='word_1_273' title='bbox 1006 3260 1140 3323; x_wconf 85' lang='lat' dir='ltr'><strong>Ceterum</strong></span> <span class='ocrx_word' id='word_1_274' title='bbox 1162 3253 1361 3346; x_wconf 67' lang='grc' dir='ltr'><strong><em>άληβινοὺς</em></strong></span> <span class='ocrx_word' id='word_1_275' title='bbox 1380 3256 1499 3344; x_wconf 74' lang='grc' dir='ltr'><strong><em>λάγους</em></strong></span> 
     </span>
    </p>
   </div>
   <div class='ocr_carea' id='block_1_3' title="bbox 318 3349 1499 3752">
    <p class='ocr_par' dir='ltr' id='par_1_5' title="bbox 318 3349 1499 3646">
     <span class='ocr_line' id='line_1_29' title="bbox 318 3349 1499 3447; baseline 0.007 -27"><span class='ocrx_word' id='word_1_276' title='bbox 318 3355 376 3422; x_wconf 87' lang='grc' dir='ltr'><strong>καὶ</strong></span> <span class='ocrx_word' id='word_1_277' title='bbox 392 3349 622 3445; x_wconf 83' lang='grc' dir='ltr'><strong><em>άφιλονείκους</em></strong></span> <span class='ocrx_word' id='word_1_278' title='bbox 634 3377 696 3422; x_wconf 93' lang='lat' dir='ltr'><strong>non</strong></span> <span class='ocrx_word' id='word_1_279' title='bbox 715 3360 787 3423; x_wconf 88' lang='lat' dir='ltr'><strong>alios</strong></span> <span class='ocrx_word' id='word_1_280' title='bbox 802 3362 974 3425; x_wconf 86' lang='lat' dir='ltr'><strong>Philodamo</strong></span> <span class='ocrx_word' id='word_1_281' title='bbox 995 3363 1084 3426; x_wconf 82' lang='lat' dir='ltr'><strong>videri</strong></span> <span class='ocrx_word' id='word_1_282' title='bbox 1104 3365 1303 3427; x_wconf 75' lang='lat' dir='ltr'><strong>manifestum</strong></span> <span class='ocrx_word' id='word_1_283' title='bbox 1324 3374 1389 3442; x_wconf 87' lang='lat' dir='ltr'><strong>est,</strong></span> <span class='ocrx_word' id='word_1_284' title='bbox 1410 3382 1499 3447; x_wconf 83' lang='lat' dir='ltr'><strong>quam</strong></span> 
     </span>
     <span class='ocr_line' id='line_1_30' title="bbox 318 3457 1498 3550; baseline 0.011 -26"><span class='ocrx_word' id='word_1_285' title='bbox 318 3462 540 3544; x_wconf 70' lang='lat' dir='ltr'><strong>Epicureorum,</strong></span> <span class='ocrx_word' id='word_1_286' title='bbox 556 3482 738 3544; x_wconf 84' lang='lat' dir='ltr'><strong>quosquam</strong></span> <span class='ocrx_word' id='word_1_287' title='bbox 754 3457 938 3550; x_wconf 75' lang='grc' dir='ltr'><strong><em>ἀταράχους</em></strong></span> <span class='ocrx_word' id='word_1_288' title='bbox 952 3466 1029 3541; x_wconf 91' lang='lat' dir='ltr'><strong>dicit,</strong></span> <span class='ocrx_word' id='word_1_289' title='bbox 1045 3466 1121 3529; x_wconf 91' lang='lat' dir='ltr'><strong>idem</strong></span> <span class='ocrx_word' id='word_1_290' title='bbox 1136 3466 1214 3529; x_wconf 90' lang='lat' dir='ltr'><strong>haud</strong></span> <span class='ocrx_word' id='word_1_291' title='bbox 1226 3466 1326 3532; x_wconf 89' lang='lat' dir='ltr'><strong>dubie</strong></span> <span class='ocrx_word' id='word_1_292' title='bbox 1338 3469 1498 3550; x_wconf 77' lang='lat' dir='ltr'><strong>significat</strong></span> 
     </span>
     <span class='ocr_line' id='line_1_31' title="bbox 319 3564 838 3646; baseline 0.002 -19"><span class='ocrx_word' id='word_1_293' title='bbox 319 3566 398 3646; x_wconf 91' lang='lat' dir='ltr'><strong>quod</strong></span> <span class='ocrx_word' id='word_1_294' title='bbox 412 3564 564 3629; x_wconf 87' lang='lat' dir='ltr'><strong>Lucretius</strong></span> <span class='ocrx_word' id='word_1_295' title='bbox 580 3583 670 3646; x_wconf 89' lang='lat' dir='ltr'><strong>quum</strong></span> <span class='ocrx_word' id='word_1_296' title='bbox 685 3586 737 3629; x_wconf 89' lang='lat' dir='ltr'><strong>eos</strong></span> <span class='ocrx_word' id='word_1_297' title='bbox 753 3567 785 3641; x_wconf 83' lang='lat' dir='ltr'><strong>v,</strong></span> <span class='ocrx_word' id='word_1_298' title='bbox 804 3569 838 3628; x_wconf 92' lang='lat' dir='ltr'><strong>tl</strong></span> 
     </span>
    </p>

    <p class='ocr_par' dir='ltr' id='par_1_6' title="bbox 518 3668 1196 3752">
     <span class='ocr_line' id='line_1_32' title="bbox 518 3668 1196 3752; baseline 0.006 -22"><span class='ocrx_word' id='word_1_299' title='bbox 518 3668 657 3731; x_wconf 89' lang='lat' dir='ltr'><strong>lluctibns</strong></span> <span class='ocrx_word' id='word_1_300' title='bbox 672 3689 689 3731; x_wconf 91' lang='lat' dir='ltr'><strong>e</strong></span> <span class='ocrx_word' id='word_1_301' title='bbox 703 3670 791 3733; x_wconf 88' lang='lat' dir='ltr'><strong>tantia</strong></span> <span class='ocrx_word' id='word_1_302' title='bbox 805 3670 892 3733; x_wconf 70' lang='lat' dir='ltr'><strong>rium</strong></span> <span class='ocrx_word' id='word_1_303' title='bbox 909 3672 1053 3752; x_wconf 82' lang='lat' dir='ltr'><strong>tantisque</strong></span> <span class='ocrx_word' id='word_1_304' title='bbox 1068 3673 1196 3735; x_wconf 91' lang='lat' dir='ltr'><strong>tenebris</strong></span> 
     </span>
    </p>
   </div>
   <div class='ocr_carea' id='block_1_4' title="bbox 315 3770 1506 4474">
    <p class='ocr_par' dir='ltr' id='par_1_7' title="bbox 315 3770 1506 4474">
     <span class='ocr_line' id='line_1_33' title="bbox 517 3770 1206 3854; baseline 0.007 -21"><span class='ocrx_word' id='word_1_305' title='bbox 517 3770 547 3833; x_wconf 94' lang='lat' dir='ltr'><strong>in</strong></span> <span class='ocrx_word' id='word_1_306' title='bbox 563 3779 622 3834; x_wconf 82' lang='lat' dir='ltr'><strong>tana</strong></span> <span class='ocrx_word' id='word_1_307' title='bbox 638 3773 792 3854; x_wconf 91' lang='lat' dir='ltr'><strong>tranquillo</strong></span> <span class='ocrx_word' id='word_1_308' title='bbox 808 3782 911 3837; x_wconf 83' lang='lat' dir='ltr'><strong>ettam</strong></span> <span class='ocrx_word' id='word_1_309' title='bbox 926 3774 1000 3838; x_wconf 89' lang='lat' dir='ltr'><strong>clara</strong></span> <span class='ocrx_word' id='word_1_310' title='bbox 1015 3775 1079 3838; x_wconf 91' lang='lat' dir='ltr'><strong>luce</strong></span> <span class='ocrx_word' id='word_1_311' title='bbox 1093 3775 1206 3838; x_wconf 86' lang='lat' dir='ltr'><strong>locasse</strong></span> 
     </span>
     <span class='ocr_line' id='line_1_34' title="bbox 316 3870 1502 3964; baseline 0.008 -31"><span class='ocrx_word' id='word_1_312' title='bbox 316 3872 472 3954; x_wconf 87' lang='lat' dir='ltr'><strong>praedicat.</strong></span> <span class='ocrx_word' id='word_1_313' title='bbox 487 3873 581 3947; x_wconf 73' lang='lat' dir='ltr'><strong>Etiam</strong></span> <span class='ocrx_word' id='word_1_314' title='bbox 590 3870 758 3955; x_wconf 82' lang='grc' dir='ltr'><strong><em>σεβασμός</em></strong></span> <span class='ocrx_word' id='word_1_315' title='bbox 766 3875 811 3937; x_wconf 90' lang='lat' dir='ltr'><strong>ille</strong></span> <span class='ocrx_word' id='word_1_316' title='bbox 820 3885 848 3937; x_wconf 90' lang='lat' dir='ltr'><strong>et</strong></span> <span class='ocrx_word' id='word_1_317' title='bbox 858 3877 1002 3939; x_wconf 86' lang='lat' dir='ltr'><strong>veneratio</strong></span> <span class='ocrx_word' id='word_1_318' title='bbox 1009 3878 1140 3958; x_wconf 78' lang='lat' dir='ltr'><strong>magistri</strong></span> <span class='ocrx_word' id='word_1_319' title='bbox 1147 3897 1246 3960; x_wconf 88' lang='lat' dir='ltr'><strong>propo</strong></span> <span class='ocrx_word' id='word_1_320' title='bbox 1255 3879 1367 3944; x_wconf 88' lang='lat' dir='ltr'><strong>diviua</strong></span> <span class='ocrx_word' id='word_1_321' title='bbox 1377 3880 1502 3964; x_wconf 86' lang='lat' dir='ltr'><strong>propria</strong></span> 
     </span>
     <span class='ocr_line' id='line_1_35' title="bbox 316 3974 1505 4060; baseline 0.011 -24"><span class='ocrx_word' id='word_1_322' title='bbox 316 3976 377 4037; x_wconf 83' lang='lat' dir='ltr'><strong>tere</strong></span> <span class='ocrx_word' id='word_1_323' title='bbox 384 3974 597 4055; x_wconf 80' lang='lat' dir='ltr'><strong>Epicureorum</strong></span> <span class='ocrx_word' id='word_1_324' title='bbox 605 3977 780 4058; x_wconf 78' lang='lat' dir='ltr'><strong>luitquihus</strong></span> <span class='ocrx_word' id='word_1_325' title='bbox 789 3979 1125 4060; x_wconf 80' lang='lat' dir='ltr'><strong>exprobratPlutarchus</strong></span> <span class='ocrx_word' id='word_1_326' title='bbox 1133 3983 1197 4044; x_wconf 81' lang='lat' dir='ltr'><strong>adv.</strong></span> <span class='ocrx_word' id='word_1_327' title='bbox 1206 3980 1315 4046; x_wconf 88' lang='lat' dir='ltr'><strong>Colot.</strong></span> <span class='ocrx_word' id='word_1_328' title='bbox 1326 4005 1354 4048; x_wconf 91' lang='lat' dir='ltr'><strong>c.</strong></span> <span class='ocrx_word' id='word_1_329' title='bbox 1371 3988 1414 4048; x_wconf 80' lang='lat'><strong>17</strong></span> <span class='ocrx_word' id='word_1_330' title='bbox 1426 3981 1505 4060; x_wconf 76' lang='grc' dir='ltr'><strong><em>τοάς</em></strong></span> 
     </span>
     <span class='ocr_line' id='line_1_36' title="bbox 315 4072 1503 4172; baseline 0.011 -34"><span class='ocrx_word' id='word_1_331' title='bbox 315 4072 460 4161; x_wconf 81' lang='grc' dir='ltr'><strong><em>βρόμοις</em></strong></span> <span class='ocrx_word' id='word_1_332' title='bbox 478 4073 536 4140; x_wconf 82' lang='grc' dir='ltr'><strong>καὶ</strong></span> <span class='ocrx_word' id='word_1_333' title='bbox 554 4074 820 4164; x_wconf 74' lang='grc' dir='ltr'><strong><em>κροτοθορύβους</em></strong></span> <span class='ocrx_word' id='word_1_334' title='bbox 838 4079 896 4144; x_wconf 88' lang='grc' dir='ltr'><strong>καὶ</strong></span> <span class='ocrx_word' id='word_1_335' title='bbox 915 4077 1070 4165; x_wconf 83' lang='grc' dir='ltr'><strong><em>σεβάσεις</em></strong></span> <span class='ocrx_word' id='word_1_336' title='bbox 1089 4079 1146 4147; x_wconf 84' lang='grc' dir='ltr'><strong>καὶ</strong></span> <span class='ocrx_word' id='word_1_337' title='bbox 1165 4078 1411 4167; x_wconf 72' lang='grc' dir='ltr'><strong><em>ἐπιθειάσεις</em></strong></span> <span class='ocrx_word' id='word_1_338' title='bbox 1431 4089 1503 4172; x_wconf 81' lang='lat' dir='ltr'><strong>Epi·</strong></span> 
     </span>
     <span class='ocr_line' id='line_1_37' title="bbox 316 4180 1504 4270; baseline 0.012 -29"><span class='ocrx_word' id='word_1_339' title='bbox 316 4180 388 4254; x_wconf 87' lang='lat' dir='ltr'><strong>curi,</strong></span> <span class='ocrx_word' id='word_1_340' title='bbox 414 4181 499 4261; x_wconf 88' lang='lat' dir='ltr'><strong>plene</strong></span> <span class='ocrx_word' id='word_1_341' title='bbox 517 4193 550 4244; x_wconf 90' lang='lat' dir='ltr'><strong>ut</strong></span> <span class='ocrx_word' id='word_1_342' title='bbox 568 4182 657 4244; x_wconf 89' lang='lat' dir='ltr'><strong>hodie</strong></span> <span class='ocrx_word' id='word_1_343' title='bbox 671 4182 833 4262; x_wconf 76' lang='lat' dir='ltr'><strong>Regalianis</strong></span> <span class='ocrx_word' id='word_1_344' title='bbox 848 4185 969 4248; x_wconf 87' lang='lat' dir='ltr'><strong>nimiam</strong></span> <span class='ocrx_word' id='word_1_345' title='bbox 985 4186 1071 4249; x_wconf 83' lang='lat' dir='ltr'><strong>divim</strong></span> <span class='ocrx_word' id='word_1_346' title='bbox 1092 4187 1137 4249; x_wconf 91' lang='lat' dir='ltr'><strong>sui</strong></span> <span class='ocrx_word' id='word_1_347' title='bbox 1152 4194 1377 4270; x_wconf 87' lang='lat' dir='ltr'><strong>praeceptoris</strong></span> <span class='ocrx_word' id='word_1_348' title='bbox 1394 4195 1504 4257; x_wconf 86' lang='lat' dir='ltr'><strong>adora·</strong></span> 
     </span>
     <span class='ocr_line' id='line_1_38' title="bbox 315 4282 1506 4380; baseline 0.015 -37"><span class='ocrx_word' id='word_1_349' title='bbox 315 4282 426 4344; x_wconf 85' lang='lat' dir='ltr'><strong>tionem</strong></span> <span class='ocrx_word' id='word_1_350' title='bbox 440 4283 476 4345; x_wconf 91' lang='lat' dir='ltr'><strong>ab</strong></span> <span class='ocrx_word' id='word_1_351' title='bbox 488 4283 658 4347; x_wconf 84' lang='lat' dir='ltr'><strong>adversariis</strong></span> <span class='ocrx_word' id='word_1_352' title='bbox 670 4285 840 4367; x_wconf 81' lang='lat' dir='ltr'><strong>exprobrari</strong></span> <span class='ocrx_word' id='word_1_353' title='bbox 851 4287 991 4352; x_wconf 82' lang='lat' dir='ltr'><strong>videmus.</strong></span> <span class='ocrx_word' id='word_1_354' title='bbox 1016 4286 1246 4376; x_wconf 80' lang='grc' dir='ltr'><strong><em>Σοφιστικούς</em></strong></span> <span class='ocrx_word' id='word_1_355' title='bbox 1257 4302 1373 4359; x_wconf 83' lang='lat' dir='ltr'><strong>autern</strong></span> <span class='ocrx_word' id='word_1_356' title='bbox 1385 4290 1506 4380; x_wconf 72' lang='grc' dir='ltr'><strong><em>λόγους</em></strong></span> 
     </span>
     <span class='ocr_line' id='line_1_39' title="bbox 315 4373 1505 4474; baseline 0.016 -29"><span class='ocrx_word' id='word_1_357' title='bbox 315 4393 345 4446; x_wconf 92' lang='lat' dir='ltr'><strong>et</strong></span> <span class='ocrx_word' id='word_1_358' title='bbox 359 4373 596 4466; x_wconf 70' lang='lat' dir='ltr'><strong>dywvtcccxcdc</strong></span> <span class='ocrx_word' id='word_1_359' title='bbox 606 4388 845 4454; x_wconf 80' lang='lat' dir='ltr'><strong>Academicorum</strong></span> <span class='ocrx_word' id='word_1_360' title='bbox 856 4391 1045 4474; x_wconf 87' lang='lat' dir='ltr'><strong>potissimum</strong></span> <span class='ocrx_word' id='word_1_361' title='bbox 1056 4394 1261 4458; x_wconf 88' lang='lat' dir='ltr'><strong>recentiorum</strong></span> <span class='ocrx_word' id='word_1_362' title='bbox 1275 4405 1309 4460; x_wconf 93' lang='lat' dir='ltr'><strong>et</strong></span> <span class='ocrx_word' id='word_1_363' title='bbox 1322 4400 1505 4464; x_wconf 82' lang='lat' dir='ltr'><strong>Stoicorum</strong></span> 
     </span>
    </p>
   </div>
   <div class='ocr_carea' id='block_1_5' title="bbox 0 0 1594 5136">
    <p class='ocr_par' dir='ltr' id='par_1_8' title="bbox 0 0 1594 5136">
     <span class='ocr_line' id='line_1_40' title="bbox 0 0 1594 5136; baseline 0 0"><span class='ocrx_word' id='word_1_364' title='bbox 0 0 1594 5136; x_wconf 95' lang='lat' dir='ltr'><strong> </strong></span> 
     </span>
    </p>
   </div>
  </div>
 </body>
</html>
