<?xml version="1.0" encoding="UTF-8"?>
<!DOCTYPE html PUBLIC "-//W3C//DTD XHTML 1.0 Transitional//EN"
    "http://www.w3.org/TR/xhtml1/DTD/xhtml1-transitional.dtd">
<html xmlns="http://www.w3.org/1999/xhtml" xml:lang="en" lang="en">
 <head>
  <title>
</title>
<meta http-equiv="Content-Type" content="text/html;charset=utf-8" />
  <meta name='ocr-system' content='tesseract 3.04.00' />
  <meta name='ocr-capabilities' content='ocr_page ocr_carea ocr_par ocr_line ocrx_word'/>
</head>
<body>
  <div class='ocr_page' id='page_1' title='image "./opusculaacademi00schogoog_0487.png"; bbox 0 0 3266 5140; ppageno 0'>
   <div class='ocr_carea' id='block_1_1' title="bbox 708 1366 1002 1512">
    <p class='ocr_par' dir='ltr' id='par_1_1' title="bbox 708 1366 1002 1512">
     <span class='ocr_line' id='line_1_1' title="bbox 708 1366 1002 1512; baseline 0.003 -4"><span class='ocrx_word' id='word_1_1' title='bbox 708 1366 1002 1512; x_wconf 75' lang='lat' dir='ltr'><strong>rademons.</strong></span> 
     </span>
    </p>
   </div>
   <div class='ocr_carea' id='block_1_2' title="bbox 222 1699 1433 4361">
    <p class='ocr_par' dir='ltr' id='par_1_2' title="bbox 224 1699 1432 2514">
     <span class='ocr_line' id='line_1_2' title="bbox 224 1699 1431 1797; baseline 0.002 -21"><span class='ocrx_word' id='word_1_2' title='bbox 224 1726 255 1776; x_wconf 76' lang='lat'><strong>42</strong></span> <span class='ocrx_word' id='word_1_3' title='bbox 366 1699 411 1781; x_wconf 79' lang='lat' dir='ltr'><strong>be</strong></span> <span class='ocrx_word' id='word_1_4' title='bbox 430 1715 585 1778; x_wconf 81' lang='lat' dir='ltr'><strong>mulierum</strong></span> <span class='ocrx_word' id='word_1_5' title='bbox 601 1715 771 1792; x_wconf 83' lang='lat' dir='ltr'><strong>virtutibus,</strong></span> <span class='ocrx_word' id='word_1_6' title='bbox 793 1716 888 1797; x_wconf 90' lang='lat' dir='ltr'><strong>inquit</strong></span> <span class='ocrx_word' id='word_1_7' title='bbox 901 1715 1087 1792; x_wconf 78' lang='lat' dir='ltr'><strong>Plutarchus,</strong></span> <span class='ocrx_word' id='word_1_8' title='bbox 1112 1735 1173 1780; x_wconf 91' lang='lat' dir='ltr'><strong>non</strong></span> <span class='ocrx_word' id='word_1_9' title='bbox 1188 1717 1335 1779; x_wconf 78' lang='lat' dir='ltr'><strong>assentior</strong></span> <span class='ocrx_word' id='word_1_10' title='bbox 1349 1717 1431 1779; x_wconf 77' lang='lat' dir='ltr'><strong>&#39;l&#39;bu-</strong></span> 
     </span>
     <span class='ocr_line' id='line_1_3' title="bbox 277 1817 1431 1901; baseline 0.001 -21"><span class='ocrx_word' id='word_1_11' title='bbox 277 1818 384 1899; x_wconf 80' lang='lat' dir='ltr'><strong>oydidi,</strong></span> <span class='ocrx_word' id='word_1_12' title='bbox 400 1818 449 1899; x_wconf 82' lang='lat' dir='ltr'><strong>qui</strong></span> <span class='ocrx_word' id='word_1_13' title='bbox 469 1837 534 1881; x_wconf 87' lang='lat' dir='ltr'><strong>eam</strong></span> <span class='ocrx_word' id='word_1_14' title='bbox 549 1818 691 1899; x_wconf 83' lang='lat' dir='ltr'><strong>optimam</strong></span> <span class='ocrx_word' id='word_1_15' title='bbox 706 1839 773 1883; x_wconf 87' lang='lat' dir='ltr'><strong>esse</strong></span> <span class='ocrx_word' id='word_1_16' title='bbox 787 1820 940 1883; x_wconf 88' lang='lat' dir='ltr'><strong>mulierem</strong></span> <span class='ocrx_word' id='word_1_17' title='bbox 954 1819 1137 1901; x_wconf 75' lang='lat' dir='ltr'><strong>pronuntiat,</strong></span> <span class='ocrx_word' id='word_1_18' title='bbox 1159 1820 1195 1882; x_wconf 89' lang='lat' dir='ltr'><strong>de</strong></span> <span class='ocrx_word' id='word_1_19' title='bbox 1214 1837 1270 1899; x_wconf 86' lang='lat' dir='ltr'><strong>qua</strong></span> <span class='ocrx_word' id='word_1_20' title='bbox 1286 1817 1359 1883; x_wconf 88' lang='lat' dir='ltr'><strong>loris</strong></span> <span class='ocrx_word' id='word_1_21' title='bbox 1373 1818 1431 1881; x_wconf 86' lang='lat' dir='ltr'><strong>rni-</strong></span> 
     </span>
     <span class='ocr_line' id='line_1_4' title="bbox 275 1918 1431 2003; baseline 0.001 -21"><span class='ocrx_word' id='word_1_22' title='bbox 275 1919 374 1983; x_wconf 87' lang='lat' dir='ltr'><strong>nlmus</strong></span> <span class='ocrx_word' id='word_1_23' title='bbox 388 1921 433 1983; x_wconf 84' lang='lat' dir='ltr'><strong>vel</strong></span> <span class='ocrx_word' id='word_1_24' title='bbox 447 1921 478 1983; x_wconf 88' lang='lat' dir='ltr'><strong>in</strong></span> <span class='ocrx_word' id='word_1_25' title='bbox 492 1921 601 1983; x_wconf 88' lang='lat' dir='ltr'><strong>bonam</strong></span> <span class='ocrx_word' id='word_1_26' title='bbox 615 1920 659 1982; x_wconf 84' lang='lat' dir='ltr'><strong>vel</strong></span> <span class='ocrx_word' id='word_1_27' title='bbox 674 1921 705 1983; x_wconf 94' lang='lat' dir='ltr'><strong>in</strong></span> <span class='ocrx_word' id='word_1_28' title='bbox 720 1922 825 1985; x_wconf 89' lang='lat' dir='ltr'><strong>malam</strong></span> <span class='ocrx_word' id='word_1_29' title='bbox 840 1930 953 2003; x_wconf 81' lang='lat' dir='ltr'><strong>portem</strong></span> <span class='ocrx_word' id='word_1_30' title='bbox 968 1940 1067 1984; x_wconf 89' lang='lat' dir='ltr'><strong>sermo</strong></span> <span class='ocrx_word' id='word_1_31' title='bbox 1082 1922 1129 1997; x_wconf 93' lang='lat' dir='ltr'><strong>sit,</strong></span> <span class='ocrx_word' id='word_1_32' title='bbox 1145 1938 1270 1983; x_wconf 87' lang='lat' dir='ltr'><strong>censens</strong></span> <span class='ocrx_word' id='word_1_33' title='bbox 1280 1918 1431 1995; x_wconf 88' lang='lat' dir='ltr'><strong>nimirum,</strong></span> 
     </span>
     <span class='ocr_line' id='line_1_5' title="bbox 277 2022 1431 2105; baseline 0.001 -21"><span class='ocrx_word' id='word_1_34' title='bbox 277 2031 310 2084; x_wconf 88' lang='lat' dir='ltr'><strong>ut</strong></span> <span class='ocrx_word' id='word_1_35' title='bbox 330 2040 453 2103; x_wconf 89' lang='lat' dir='ltr'><strong>corpus,</strong></span> <span class='ocrx_word' id='word_1_36' title='bbox 472 2022 512 2085; x_wconf 88' lang='lat' dir='ltr'><strong>ita</strong></span> <span class='ocrx_word' id='word_1_37' title='bbox 531 2024 639 2085; x_wconf 87' lang='lat' dir='ltr'><strong>lamam</strong></span> <span class='ocrx_word' id='word_1_38' title='bbox 658 2042 776 2105; x_wconf 85' lang='lat' dir='ltr'><strong>quoqne</strong></span> <span class='ocrx_word' id='word_1_39' title='bbox 793 2024 889 2087; x_wconf 91' lang='lat' dir='ltr'><strong>bonae</strong></span> <span class='ocrx_word' id='word_1_40' title='bbox 907 2022 1037 2085; x_wconf 90' lang='lat' dir='ltr'><strong>mulieris</strong></span> <span class='ocrx_word' id='word_1_41' title='bbox 1052 2023 1195 2085; x_wconf 88' lang='lat' dir='ltr'><strong>inclusam</strong></span> <span class='ocrx_word' id='word_1_42' title='bbox 1209 2041 1276 2085; x_wconf 90' lang='lat' dir='ltr'><strong>esse</strong></span> <span class='ocrx_word' id='word_1_43' title='bbox 1290 2039 1386 2103; x_wconf 88' lang='lat' dir='ltr'><strong>neque</strong></span> <span class='ocrx_word' id='word_1_44' title='bbox 1400 2022 1431 2085; x_wconf 92' lang='lat' dir='ltr'><strong>in</strong></span> 
     </span>
     <span class='ocr_line' id='line_1_6' title="bbox 276 2124 1430 2207; baseline 0.001 -21"><span class='ocrx_word' id='word_1_45' title='bbox 276 2124 428 2205; x_wconf 89' lang='lat' dir='ltr'><strong>publicum</strong></span> <span class='ocrx_word' id='word_1_46' title='bbox 441 2124 562 2207; x_wconf 90' lang='lat' dir='ltr'><strong>prodire</strong></span> <span class='ocrx_word' id='word_1_47' title='bbox 577 2132 721 2205; x_wconf 74' lang='lat' dir='ltr'><strong>oportere.</strong></span> <span class='ocrx_word' id='word_1_48' title='bbox 746 2125 911 2206; x_wconf 80' lang='lat' dir='ltr'><strong>Elegantius</strong></span> <span class='ocrx_word' id='word_1_49' title='bbox 927 2145 997 2188; x_wconf 87' lang='lat' dir='ltr'><strong>sane</strong></span> <span class='ocrx_word' id='word_1_50' title='bbox 1011 2125 1133 2205; x_wconf 79' lang='lat' dir='ltr'><strong>Gorgias</strong></span> <span class='ocrx_word' id='word_1_51' title='bbox 1148 2124 1278 2187; x_wconf 92' lang='lat' dir='ltr'><strong>mulieris</strong></span> <span class='ocrx_word' id='word_1_52' title='bbox 1292 2143 1355 2187; x_wconf 93' lang='lat' dir='ltr'><strong>non</strong></span> <span class='ocrx_word' id='word_1_53' title='bbox 1368 2127 1430 2187; x_wconf 86' lang='lat' dir='ltr'><strong>lor·</strong></span> 
     </span>
     <span class='ocr_line' id='line_1_7' title="bbox 277 2226 1432 2307; baseline 0.001 -19"><span class='ocrx_word' id='word_1_54' title='bbox 277 2245 355 2288; x_wconf 91' lang='lat' dir='ltr'><strong>mam</strong></span> <span class='ocrx_word' id='word_1_55' title='bbox 370 2227 421 2289; x_wconf 89' lang='lat' dir='ltr'><strong>sed</strong></span> <span class='ocrx_word' id='word_1_56' title='bbox 437 2230 543 2289; x_wconf 86' lang='lat' dir='ltr'><strong>lamam</strong></span> <span class='ocrx_word' id='word_1_57' title='bbox 558 2227 657 2289; x_wconf 88' lang='lat' dir='ltr'><strong>multis</strong></span> <span class='ocrx_word' id='word_1_58' title='bbox 672 2236 772 2289; x_wconf 92' lang='lat' dir='ltr'><strong>notam</strong></span> <span class='ocrx_word' id='word_1_59' title='bbox 786 2247 851 2291; x_wconf 90' lang='lat' dir='ltr'><strong>esse</strong></span> <span class='ocrx_word' id='word_1_60' title='bbox 865 2228 952 2303; x_wconf 85' lang='lat' dir='ltr'><strong>iubet,</strong></span> <span class='ocrx_word' id='word_1_61' title='bbox 967 2227 1135 2307; x_wconf 90' lang='lat' dir='ltr'><strong>optimeque</strong></span> <span class='ocrx_word' id='word_1_62' title='bbox 1144 2226 1218 2288; x_wconf 90' lang='lat' dir='ltr'><strong>mibi</strong></span> <span class='ocrx_word' id='word_1_63' title='bbox 1228 2227 1432 2289; x_wconf 86' lang='lat' dir='ltr'><strong>Romanorum</strong></span> 
     </span>
     <span class='ocr_line' id='line_1_8' title="bbox 276 2327 1431 2410; baseline 0.002 -22"><span class='ocrx_word' id='word_1_64' title='bbox 276 2328 322 2389; x_wconf 83' lang='lat' dir='ltr'><strong>lex</strong></span> <span class='ocrx_word' id='word_1_65' title='bbox 337 2327 494 2390; x_wconf 88' lang='lat' dir='ltr'><strong>constituta</strong></span> <span class='ocrx_word' id='word_1_66' title='bbox 508 2346 574 2390; x_wconf 85' lang='lat' dir='ltr'><strong>esse</strong></span> <span class='ocrx_word' id='word_1_67' title='bbox 588 2329 710 2401; x_wconf 77' lang='lat' dir='ltr'><strong>videtin,</strong></span> <span class='ocrx_word' id='word_1_68' title='bbox 726 2346 799 2408; x_wconf 88' lang='lat' dir='ltr'><strong>quae</strong></span> <span class='ocrx_word' id='word_1_69' title='bbox 813 2338 846 2390; x_wconf 92' lang='lat' dir='ltr'><strong>ut</strong></span> <span class='ocrx_word' id='word_1_70' title='bbox 859 2328 938 2401; x_wconf 83' lang='lat' dir='ltr'><strong>viris,</strong></span> <span class='ocrx_word' id='word_1_71' title='bbox 954 2328 994 2391; x_wconf 88' lang='lat' dir='ltr'><strong>ita</strong></span> <span class='ocrx_word' id='word_1_72' title='bbox 1008 2328 1178 2392; x_wconf 88' lang='lat' dir='ltr'><strong>mulieribus</strong></span> <span class='ocrx_word' id='word_1_73' title='bbox 1194 2347 1312 2410; x_wconf 83' lang='lat' dir='ltr'><strong>quoque</strong></span> <span class='ocrx_word' id='word_1_74' title='bbox 1325 2329 1431 2391; x_wconf 90' lang='lat' dir='ltr'><strong>delun·</strong></span> 
     </span>
     <span class='ocr_line' id='line_1_9' title="bbox 276 2428 1245 2514; baseline 0.003 -23"><span class='ocrx_word' id='word_1_75' title='bbox 276 2428 331 2492; x_wconf 88' lang='lat' dir='ltr'><strong>ctis</strong></span> <span class='ocrx_word' id='word_1_76' title='bbox 345 2429 453 2493; x_wconf 90' lang='lat' dir='ltr'><strong>iustam</strong></span> <span class='ocrx_word' id='word_1_77' title='bbox 468 2449 503 2492; x_wconf 83' lang='lat' dir='ltr'><strong>sc</strong></span> <span class='ocrx_word' id='word_1_78' title='bbox 517 2430 642 2493; x_wconf 88' lang='lat' dir='ltr'><strong>debitam</strong></span> <span class='ocrx_word' id='word_1_79' title='bbox 656 2430 851 2493; x_wconf 80' lang='lat' dir='ltr'><strong>laudationem</strong></span> <span class='ocrx_word' id='word_1_80' title='bbox 866 2431 981 2514; x_wconf 87' lang='lat' dir='ltr'><strong>publice</strong></span> <span class='ocrx_word' id='word_1_81' title='bbox 995 2431 1084 2495; x_wconf 81' lang='lat' dir='ltr'><strong>tribui</strong></span> <span class='ocrx_word' id='word_1_82' title='bbox 1098 2432 1187 2495; x_wconf 90' lang='lat' dir='ltr'><strong>iubet.</strong></span> <span class='ocrx_word' id='word_1_83' title='bbox 1203 2467 1245 2476; x_wconf 91' lang='lat'>—</span> 
     </span>
    </p>

    <p class='ocr_par' dir='ltr' id='par_1_3' title="bbox 274 2531 1433 4140">
     <span class='ocr_line' id='line_1_10' title="bbox 361 2531 1431 2613; baseline 0.003 -21"><span class='ocrx_word' id='word_1_84' title='bbox 361 2531 444 2594; x_wconf 87' lang='lat' dir='ltr'><strong>Hane</strong></span> <span class='ocrx_word' id='word_1_85' title='bbox 465 2532 685 2613; x_wconf 83' lang='lat' dir='ltr'><strong>prudentissimi</strong></span> <span class='ocrx_word' id='word_1_86' title='bbox 707 2532 861 2612; x_wconf 86' lang='lat' dir='ltr'><strong>scriptoris</strong></span> <span class='ocrx_word' id='word_1_87' title='bbox 884 2533 1057 2596; x_wconf 87' lang='lat' dir='ltr'><strong>sententiam</strong></span> <span class='ocrx_word' id='word_1_88' title='bbox 1079 2534 1235 2596; x_wconf 87' lang='lat' dir='ltr'><strong>commode</strong></span> <span class='ocrx_word' id='word_1_89' title='bbox 1249 2532 1336 2596; x_wconf 89' lang='lat' dir='ltr'><strong>nobis</strong></span> <span class='ocrx_word' id='word_1_90' title='bbox 1351 2532 1431 2595; x_wconf 81' lang='lat' dir='ltr'><strong>vide-</strong></span> 
     </span>
     <span class='ocr_line' id='line_1_11' title="bbox 277 2633 1431 2717; baseline 0.001 -22"><span class='ocrx_word' id='word_1_91' title='bbox 277 2652 345 2695; x_wconf 88' lang='lat' dir='ltr'><strong>mur</strong></span> <span class='ocrx_word' id='word_1_92' title='bbox 359 2652 503 2714; x_wconf 75' lang='lat' dir='ltr'><strong>usurpare</strong></span> <span class='ocrx_word' id='word_1_93' title='bbox 518 2634 653 2715; x_wconf 89' lang='lat' dir='ltr'><strong>possein</strong></span> <span class='ocrx_word' id='word_1_94' title='bbox 667 2633 829 2696; x_wconf 79' lang='lat' dir='ltr'><strong>indicendis</strong></span> <span class='ocrx_word' id='word_1_95' title='bbox 845 2635 1039 2710; x_wconf 87' lang='lat' dir='ltr'><strong>solemnibus,</strong></span> <span class='ocrx_word' id='word_1_96' title='bbox 1056 2654 1183 2716; x_wconf 90' lang='lat' dir='ltr'><strong>quorum</strong></span> <span class='ocrx_word' id='word_1_97' title='bbox 1196 2655 1265 2717; x_wconf 86' lang='lat' dir='ltr'><strong>pars</strong></span> <span class='ocrx_word' id='word_1_98' title='bbox 1280 2634 1359 2698; x_wconf 90' lang='lat' dir='ltr'><strong>baud</strong></span> <span class='ocrx_word' id='word_1_99' title='bbox 1373 2634 1431 2697; x_wconf 93' lang='lat' dir='ltr'><strong>mi-</strong></span> 
     </span>
     <span class='ocr_line' id='line_1_12' title="bbox 277 2735 1432 2817; baseline 0 -20"><span class='ocrx_word' id='word_1_100' title='bbox 277 2735 357 2798; x_wconf 91' lang='lat' dir='ltr'><strong>nima</strong></span> <span class='ocrx_word' id='word_1_101' title='bbox 376 2736 464 2798; x_wconf 90' lang='lat' dir='ltr'><strong>etiam</strong></span> <span class='ocrx_word' id='word_1_102' title='bbox 486 2737 522 2798; x_wconf 91' lang='lat' dir='ltr'><strong>ad</strong></span> <span class='ocrx_word' id='word_1_103' title='bbox 536 2744 689 2799; x_wconf 87' lang='lat' dir='ltr'><strong>matronae</strong></span> <span class='ocrx_word' id='word_1_104' title='bbox 702 2737 847 2799; x_wconf 85' lang='lat' dir='ltr'><strong>bonorem</strong></span> <span class='ocrx_word' id='word_1_105' title='bbox 862 2736 1065 2799; x_wconf 83' lang='lat' dir='ltr'><strong>celebrandrnn</strong></span> <span class='ocrx_word' id='word_1_106' title='bbox 1081 2736 1204 2817; x_wconf 90' lang='lat' dir='ltr'><strong>pertinet</strong></span> <span class='ocrx_word' id='word_1_107' title='bbox 1218 2735 1333 2799; x_wconf 87' lang='lat' dir='ltr'><strong>virtutis</strong></span> <span class='ocrx_word' id='word_1_108' title='bbox 1348 2735 1432 2798; x_wconf 90' lang='lat' dir='ltr'><strong>laude</strong></span> 
     </span>
     <span class='ocr_line' id='line_1_13' title="bbox 277 2836 1431 2920; baseline 0 -20"><span class='ocrx_word' id='word_1_109' title='bbox 277 2837 385 2920; x_wconf 90' lang='lat' dir='ltr'><strong>pariter</strong></span> <span class='ocrx_word' id='word_1_110' title='bbox 399 2856 434 2901; x_wconf 92' lang='lat' dir='ltr'><strong>ae</strong></span> <span class='ocrx_word' id='word_1_111' title='bbox 446 2837 584 2900; x_wconf 90' lang='lat' dir='ltr'><strong>natalium</strong></span> <span class='ocrx_word' id='word_1_112' title='bbox 599 2836 756 2917; x_wconf 88' lang='lat' dir='ltr'><strong>splendore</strong></span> <span class='ocrx_word' id='word_1_113' title='bbox 769 2838 990 2901; x_wconf 88' lang='lat' dir='ltr'><strong>illustrissimae.</strong></span> <span class='ocrx_word' id='word_1_114' title='bbox 1023 2839 1060 2901; x_wconf 83' lang='lat' dir='ltr'><strong>Et</strong></span> <span class='ocrx_word' id='word_1_115' title='bbox 1074 2857 1145 2902; x_wconf 92' lang='lat' dir='ltr'><strong>sane</strong></span> <span class='ocrx_word' id='word_1_116' title='bbox 1158 2838 1272 2902; x_wconf 88' lang='lat' dir='ltr'><strong>etiamsi</strong></span> <span class='ocrx_word' id='word_1_117' title='bbox 1287 2839 1354 2920; x_wconf 84' lang='lat' dir='ltr'><strong>quis</strong></span> <span class='ocrx_word' id='word_1_118' title='bbox 1368 2856 1431 2901; x_wconf 89' lang='lat' dir='ltr'><strong>rem</strong></span> 
     </span>
     <span class='ocr_line' id='line_1_14' title="bbox 276 2939 1431 3022; baseline -0.001 -20"><span class='ocrx_word' id='word_1_119' title='bbox 276 2939 412 3002; x_wconf 84' lang='lat' dir='ltr'><strong>universe</strong></span> <span class='ocrx_word' id='word_1_120' title='bbox 436 2948 571 3020; x_wconf 88' lang='lat' dir='ltr'><strong>spectans</strong></span> <span class='ocrx_word' id='word_1_121' title='bbox 590 2940 636 3001; x_wconf 87' lang='lat' dir='ltr'><strong>uix</strong></span> <span class='ocrx_word' id='word_1_122' title='bbox 655 2939 865 3021; x_wconf 85' lang='lat' dir='ltr'><strong>improbaverit</strong></span> <span class='ocrx_word' id='word_1_123' title='bbox 879 2941 1053 3022; x_wconf 77' lang='lat' dir='ltr'><strong>Thucydidis</strong></span> <span class='ocrx_word' id='word_1_124' title='bbox 1072 2941 1227 3015; x_wconf 88' lang='lat' dir='ltr'><strong>iudicium,</strong></span> <span class='ocrx_word' id='word_1_125' title='bbox 1252 2948 1355 3021; x_wconf 85' lang='lat' dir='ltr'><strong>utpote</strong></span> <span class='ocrx_word' id='word_1_126' title='bbox 1374 2940 1431 3020; x_wconf 91' lang='lat' dir='ltr'><strong>ipsi</strong></span> 
     </span>
     <span class='ocr_line' id='line_1_15' title="bbox 276 3041 1430 3122; baseline -0.002 -17"><span class='ocrx_word' id='word_1_127' title='bbox 276 3050 396 3107; x_wconf 87' lang='lat' dir='ltr'><strong>naturae</strong></span> <span class='ocrx_word' id='word_1_128' title='bbox 414 3051 657 3115; x_wconf 86' lang='lat' dir='ltr'><strong>consentaneum,</strong></span> <span class='ocrx_word' id='word_1_129' title='bbox 677 3061 751 3122; x_wconf 91' lang='lat' dir='ltr'><strong>quae</strong></span> <span class='ocrx_word' id='word_1_130' title='bbox 771 3060 862 3122; x_wconf 89' lang='lat' dir='ltr'><strong>quum</strong></span> <span class='ocrx_word' id='word_1_131' title='bbox 878 3042 964 3104; x_wconf 86' lang='lat' dir='ltr'><strong>ritem</strong></span> <span class='ocrx_word' id='word_1_132' title='bbox 981 3042 1134 3105; x_wconf 89' lang='lat' dir='ltr'><strong>mulierum</strong></span> <span class='ocrx_word' id='word_1_133' title='bbox 1150 3061 1267 3105; x_wconf 88' lang='lat' dir='ltr'><strong>omnem</strong></span> <span class='ocrx_word' id='word_1_134' title='bbox 1284 3062 1300 3104; x_wconf 93' lang='lat' dir='ltr'><strong>a</strong></span> <span class='ocrx_word' id='word_1_135' title='bbox 1315 3041 1430 3122; x_wconf 89' lang='lat' dir='ltr'><strong>publico</strong></span> 
     </span>
     <span class='ocr_line' id='line_1_16' title="bbox 275 3143 1431 3224; baseline -0.002 -17"><span class='ocrx_word' id='word_1_136' title='bbox 275 3153 419 3207; x_wconf 87' lang='lat' dir='ltr'><strong>remotam</strong></span> <span class='ocrx_word' id='word_1_137' title='bbox 435 3145 541 3207; x_wconf 89' lang='lat' dir='ltr'><strong>domus</strong></span> <span class='ocrx_word' id='word_1_138' title='bbox 556 3163 590 3206; x_wconf 88' lang='lat' dir='ltr'><strong>ae</strong></span> <span class='ocrx_word' id='word_1_139' title='bbox 604 3143 728 3206; x_wconf 83' lang='lat' dir='ltr'><strong>familiae</strong></span> <span class='ocrx_word' id='word_1_140' title='bbox 742 3143 850 3207; x_wconf 87' lang='lat' dir='ltr'><strong>linibus</strong></span> <span class='ocrx_word' id='word_1_141' title='bbox 864 3144 1023 3218; x_wconf 86' lang='lat' dir='ltr'><strong>incluserit,</strong></span> <span class='ocrx_word' id='word_1_142' title='bbox 1037 3145 1151 3207; x_wconf 89' lang='lat' dir='ltr'><strong>laudem</strong></span> <span class='ocrx_word' id='word_1_143' title='bbox 1167 3163 1284 3224; x_wconf 87' lang='lat' dir='ltr'><strong>quoque</strong></span> <span class='ocrx_word' id='word_1_144' title='bbox 1298 3162 1360 3206; x_wconf 94' lang='lat' dir='ltr'><strong>non</strong></span> <span class='ocrx_word' id='word_1_145' title='bbox 1374 3162 1431 3224; x_wconf 90' lang='lat' dir='ltr'><strong>pu·</strong></span> 
     </span>
     <span class='ocr_line' id='line_1_17' title="bbox 276 3245 1433 3326; baseline -0.001 -17"><span class='ocrx_word' id='word_1_146' title='bbox 276 3246 395 3320; x_wconf 87' lang='lat' dir='ltr'><strong>blicam,</strong></span> <span class='ocrx_word' id='word_1_147' title='bbox 414 3246 465 3307; x_wconf 87' lang='lat' dir='ltr'><strong>sed</strong></span> <span class='ocrx_word' id='word_1_148' title='bbox 480 3245 621 3326; x_wconf 85' lang='lat' dir='ltr'><strong>privatam</strong></span> <span class='ocrx_word' id='word_1_149' title='bbox 636 3253 665 3307; x_wconf 92' lang='lat' dir='ltr'><strong>et</strong></span> <span class='ocrx_word' id='word_1_150' title='bbox 679 3245 870 3308; x_wconf 88' lang='lat' dir='ltr'><strong>domesticam</strong></span> <span class='ocrx_word' id='word_1_151' title='bbox 886 3266 952 3309; x_wconf 87' lang='lat' dir='ltr'><strong>esse</strong></span> <span class='ocrx_word' id='word_1_152' title='bbox 966 3247 1071 3322; x_wconf 80' lang='lat' dir='ltr'><strong>voluit3</strong></span> <span class='ocrx_word' id='word_1_153' title='bbox 1092 3255 1267 3309; x_wconf 83' lang='lat' dir='ltr'><strong>nontamen</strong></span> <span class='ocrx_word' id='word_1_154' title='bbox 1283 3246 1359 3309; x_wconf 90' lang='lat' dir='ltr'><strong>cadit</strong></span> <span class='ocrx_word' id='word_1_155' title='bbox 1373 3248 1433 3308; x_wconf 93' lang='lat' dir='ltr'><strong>boc</strong></span> 
     </span>
     <span class='ocr_line' id='line_1_18' title="bbox 276 3346 1431 3428; baseline -0.001 -18"><span class='ocrx_word' id='word_1_156' title='bbox 276 3346 444 3420; x_wconf 87' lang='lat' dir='ltr'><strong>nisiineas,</strong></span> <span class='ocrx_word' id='word_1_157' title='bbox 457 3347 564 3428; x_wconf 90' lang='lat' dir='ltr'><strong>quibus</strong></span> <span class='ocrx_word' id='word_1_158' title='bbox 579 3348 707 3428; x_wconf 84' lang='lat' dir='ltr'><strong>privatae</strong></span> <span class='ocrx_word' id='word_1_159' title='bbox 721 3347 898 3410; x_wconf 88' lang='lat' dir='ltr'><strong>conditionis</strong></span> <span class='ocrx_word' id='word_1_160' title='bbox 913 3357 1022 3410; x_wconf 84' lang='lat' dir='ltr'><strong>sortem</strong></span> <span class='ocrx_word' id='word_1_161' title='bbox 1037 3349 1155 3411; x_wconf 80' lang='lat' dir='ltr'><strong>tortum</strong></span> <span class='ocrx_word' id='word_1_162' title='bbox 1170 3347 1342 3428; x_wconf 54' lang='lat' dir='ltr'><strong>assignarim</strong></span> <span class='ocrx_word' id='word_1_163' title='bbox 1357 3366 1431 3426; x_wconf 87' lang='lat' dir='ltr'><strong>quas</strong></span> 
     </span>
     <span class='ocr_line' id='line_1_19' title="bbox 275 3448 1430 3529; baseline 0 -17"><span class='ocrx_word' id='word_1_164' title='bbox 275 3457 371 3512; x_wconf 84' lang='lat' dir='ltr'><strong>autem</strong></span> <span class='ocrx_word' id='word_1_165' title='bbox 386 3448 416 3510; x_wconf 94' lang='lat' dir='ltr'><strong>in</strong></span> <span class='ocrx_word' id='word_1_166' title='bbox 431 3448 590 3510; x_wconf 83' lang='lat' dir='ltr'><strong>excelsiore</strong></span> <span class='ocrx_word' id='word_1_167' title='bbox 604 3448 731 3529; x_wconf 87' lang='lat' dir='ltr'><strong>quodam</strong></span> <span class='ocrx_word' id='word_1_168' title='bbox 747 3449 822 3523; x_wconf 90' lang='lat' dir='ltr'><strong>loco,</strong></span> <span class='ocrx_word' id='word_1_169' title='bbox 837 3449 868 3512; x_wconf 92' lang='lat' dir='ltr'><strong>in</strong></span> <span class='ocrx_word' id='word_1_170' title='bbox 883 3467 984 3529; x_wconf 76' lang='lat' dir='ltr'><strong>regum</strong></span> <span class='ocrx_word' id='word_1_171' title='bbox 995 3467 1029 3511; x_wconf 92' lang='lat' dir='ltr'><strong>ac</strong></span> <span class='ocrx_word' id='word_1_172' title='bbox 1040 3449 1207 3529; x_wconf 87' lang='lat' dir='ltr'><strong>principum</strong></span> <span class='ocrx_word' id='word_1_173' title='bbox 1219 3449 1356 3512; x_wconf 86' lang='lat' dir='ltr'><strong>domibus</strong></span> <span class='ocrx_word' id='word_1_174' title='bbox 1370 3451 1430 3512; x_wconf 89' lang='lat' dir='ltr'><strong>col-</strong></span> 
     </span>
     <span class='ocr_line' id='line_1_20' title="bbox 275 3549 1430 3630; baseline 0 -17"><span class='ocrx_word' id='word_1_175' title='bbox 275 3550 395 3625; x_wconf 87' lang='lat' dir='ltr'><strong>locavit,</strong></span> <span class='ocrx_word' id='word_1_176' title='bbox 408 3551 515 3613; x_wconf 84' lang='lat' dir='ltr'><strong>barum</strong></span> <span class='ocrx_word' id='word_1_177' title='bbox 532 3550 645 3614; x_wconf 89' lang='lat' dir='ltr'><strong>etiamsi</strong></span> <span class='ocrx_word' id='word_1_178' title='bbox 660 3568 766 3630; x_wconf 81' lang='lat' dir='ltr'><strong>genere</strong></span> <span class='ocrx_word' id='word_1_179' title='bbox 780 3569 842 3613; x_wconf 91' lang='lat' dir='ltr'><strong>non</strong></span> <span class='ocrx_word' id='word_1_180' title='bbox 858 3550 995 3622; x_wconf 85' lang='lat' dir='ltr'><strong>diversas,</strong></span> <span class='ocrx_word' id='word_1_181' title='bbox 1009 3549 1183 3611; x_wconf 82' lang='lat' dir='ltr'><strong>illustriores</strong></span> <span class='ocrx_word' id='word_1_182' title='bbox 1197 3558 1295 3612; x_wconf 68' lang='lat' dir='ltr'><strong>umen</strong></span> <span class='ocrx_word' id='word_1_183' title='bbox 1309 3550 1430 3613; x_wconf 84' lang='lat' dir='ltr'><strong>virtutes</strong></span> 
     </span>
     <span class='ocr_line' id='line_1_21' title="bbox 275 3650 1430 3733; baseline 0 -19"><span class='ocrx_word' id='word_1_184' title='bbox 275 3661 304 3715; x_wconf 90' lang='lat' dir='ltr'><strong>et</strong></span> <span class='ocrx_word' id='word_1_185' title='bbox 325 3652 528 3716; x_wconf 87' lang='lat' dir='ltr'><strong>celebratiores</strong></span> <span class='ocrx_word' id='word_1_186' title='bbox 550 3671 615 3715; x_wconf 88' lang='lat' dir='ltr'><strong>esse</strong></span> <span class='ocrx_word' id='word_1_187' title='bbox 630 3660 755 3733; x_wconf 89' lang='lat' dir='ltr'><strong>oportet</strong></span> <span class='ocrx_word' id='word_1_188' title='bbox 799 3652 873 3714; x_wconf 91' lang='lat' dir='ltr'><strong>Nam</strong></span> <span class='ocrx_word' id='word_1_189' title='bbox 889 3669 980 3732; x_wconf 89' lang='lat' dir='ltr'><strong>quum</strong></span> <span class='ocrx_word' id='word_1_190' title='bbox 994 3650 1076 3731; x_wconf 89' lang='lat' dir='ltr'><strong>ipsae</strong></span> <span class='ocrx_word' id='word_1_191' title='bbox 1090 3650 1257 3732; x_wconf 85' lang='lat' dir='ltr'><strong>principum</strong></span> <span class='ocrx_word' id='word_1_192' title='bbox 1272 3651 1379 3715; x_wconf 89' lang='lat' dir='ltr'><strong>domus</strong></span> <span class='ocrx_word' id='word_1_193' title='bbox 1394 3652 1430 3714; x_wconf 89' lang='lat' dir='ltr'><strong>ad</strong></span> 
     </span>
     <span class='ocr_line' id='line_1_22' title="bbox 274 3752 1431 3836; baseline -0.002 -19"><span class='ocrx_word' id='word_1_194' title='bbox 274 3773 339 3817; x_wconf 90' lang='lat' dir='ltr'><strong>rem</strong></span> <span class='ocrx_word' id='word_1_195' title='bbox 358 3753 503 3836; x_wconf 86' lang='lat' dir='ltr'><strong>publicam</strong></span> <span class='ocrx_word' id='word_1_196' title='bbox 523 3754 742 3834; x_wconf 81' lang='lat' dir='ltr'><strong>quodammodo</strong></span> <span class='ocrx_word' id='word_1_197' title='bbox 762 3754 940 3834; x_wconf 83' lang='lat' dir='ltr'><strong>pertineant,</strong></span> <span class='ocrx_word' id='word_1_198' title='bbox 963 3753 1041 3815; x_wconf 93' lang='lat' dir='ltr'><strong>unde</strong></span> <span class='ocrx_word' id='word_1_199' title='bbox 1060 3753 1090 3815; x_wconf 91' lang='lat' dir='ltr'><strong>in</strong></span> <span class='ocrx_word' id='word_1_200' title='bbox 1104 3753 1271 3816; x_wconf 87' lang='lat' dir='ltr'><strong>universam</strong></span> <span class='ocrx_word' id='word_1_201' title='bbox 1287 3752 1431 3816; x_wconf 84' lang='lat' dir='ltr'><strong>civitatem</strong></span> 
     </span>
     <span class='ocr_line' id='line_1_23' title="bbox 275 3855 1432 3937; baseline 0.002 -21"><span class='ocrx_word' id='word_1_202' title='bbox 275 3857 318 3918; x_wconf 85' lang='lat' dir='ltr'><strong>vel</strong></span> <span class='ocrx_word' id='word_1_203' title='bbox 333 3856 406 3919; x_wconf 90' lang='lat' dir='ltr'><strong>boni</strong></span> <span class='ocrx_word' id='word_1_204' title='bbox 421 3857 464 3918; x_wconf 87' lang='lat' dir='ltr'><strong>vel</strong></span> <span class='ocrx_word' id='word_1_205' title='bbox 478 3855 545 3918; x_wconf 89' lang='lat' dir='ltr'><strong>mali</strong></span> <span class='ocrx_word' id='word_1_206' title='bbox 559 3856 719 3936; x_wconf 87' lang='lat' dir='ltr'><strong>plurimum</strong></span> <span class='ocrx_word' id='word_1_207' title='bbox 734 3856 886 3931; x_wconf 88' lang='lat' dir='ltr'><strong>redundet,</strong></span> <span class='ocrx_word' id='word_1_208' title='bbox 901 3857 940 3918; x_wconf 84' lang='lat' dir='ltr'><strong>ita&#39;</strong></span> <span class='ocrx_word' id='word_1_209' title='bbox 954 3855 1074 3918; x_wconf 86' lang='lat' dir='ltr'><strong>virtutes</strong></span> <span class='ocrx_word' id='word_1_210' title='bbox 1090 3873 1207 3937; x_wconf 86' lang='lat' dir='ltr'><strong>quoque</strong></span> <span class='ocrx_word' id='word_1_211' title='bbox 1223 3863 1253 3917; x_wconf 87' lang='lat' dir='ltr'><strong>et</strong></span> <span class='ocrx_word' id='word_1_212' title='bbox 1266 3855 1343 3929; x_wconf 81' lang='lat' dir='ltr'><strong>vitia,</strong></span> <span class='ocrx_word' id='word_1_213' title='bbox 1358 3875 1432 3937; x_wconf 92' lang='lat' dir='ltr'><strong>quae</strong></span> 
     </span>
     <span class='ocr_line' id='line_1_24' title="bbox 274 3955 1431 4039; baseline -0.002 -18"><span class='ocrx_word' id='word_1_214' title='bbox 274 3959 306 4021; x_wconf 91' lang='lat' dir='ltr'><strong>in</strong></span> <span class='ocrx_word' id='word_1_215' title='bbox 326 3958 389 4020; x_wconf 89' lang='lat' dir='ltr'><strong>aliis</strong></span> <span class='ocrx_word' id='word_1_216' title='bbox 410 3957 520 4037; x_wconf 83' lang='lat' dir='ltr'><strong>privata</strong></span> <span class='ocrx_word' id='word_1_217' title='bbox 540 3966 623 4032; x_wconf 89' lang='lat' dir='ltr'><strong>sunt,</strong></span> <span class='ocrx_word' id='word_1_218' title='bbox 651 3977 742 4038; x_wconf 87' lang='lat' dir='ltr'><strong>qaum</strong></span> <span class='ocrx_word' id='word_1_219' title='bbox 756 3957 788 4020; x_wconf 92' lang='lat' dir='ltr'><strong>in</strong></span> <span class='ocrx_word' id='word_1_220' title='bbox 802 3957 934 4039; x_wconf 83' lang='lat' dir='ltr'><strong>principe</strong></span> <span class='ocrx_word' id='word_1_221' title='bbox 948 3957 1068 4020; x_wconf 91' lang='lat' dir='ltr'><strong>muliere</strong></span> <span class='ocrx_word' id='word_1_222' title='bbox 1079 3956 1221 4030; x_wconf 85' lang='lat' dir='ltr'><strong>existunt,</strong></span> <span class='ocrx_word' id='word_1_223' title='bbox 1248 3955 1338 4019; x_wconf 88' lang='lat' dir='ltr'><strong>totius</strong></span> <span class='ocrx_word' id='word_1_224' title='bbox 1353 3957 1384 4019; x_wconf 91' lang='lat' dir='ltr'><strong>in</strong></span> <span class='ocrx_word' id='word_1_225' title='bbox 1399 3974 1431 4019; x_wconf 90' lang='lat' dir='ltr'><strong>se</strong></span> 
     </span>
     <span class='ocr_line' id='line_1_25' title="bbox 275 4058 1431 4140; baseline -0.003 -16"><span class='ocrx_word' id='word_1_226' title='bbox 275 4059 397 4124; x_wconf 86' lang='lat' dir='ltr'><strong>civitatis</strong></span> <span class='ocrx_word' id='word_1_227' title='bbox 414 4059 515 4122; x_wconf 86' lang='lat' dir='ltr'><strong>oeulos</strong></span> <span class='ocrx_word' id='word_1_228' title='bbox 530 4067 716 4134; x_wconf 84' lang='lat' dir='ltr'><strong>convertunt,</strong></span> <span class='ocrx_word' id='word_1_229' title='bbox 741 4067 771 4120; x_wconf 91' lang='lat' dir='ltr'><strong>et</strong></span> <span class='ocrx_word' id='word_1_230' title='bbox 785 4079 844 4140; x_wconf 92' lang='lat' dir='ltr'><strong>quo</strong></span> <span class='ocrx_word' id='word_1_231' title='bbox 859 4060 889 4122; x_wconf 93' lang='lat' dir='ltr'><strong>in</strong></span> <span class='ocrx_word' id='word_1_232' title='bbox 905 4059 1063 4123; x_wconf 80' lang='lat' dir='ltr'><strong>excelsiore</strong></span> <span class='ocrx_word' id='word_1_233' title='bbox 1077 4059 1142 4120; x_wconf 86' lang='lat' dir='ltr'><strong>loco</strong></span> <span class='ocrx_word' id='word_1_234' title='bbox 1157 4058 1267 4140; x_wconf 77' lang='lat' dir='ltr'><strong>posite,</strong></span> <span class='ocrx_word' id='word_1_235' title='bbox 1293 4077 1329 4120; x_wconf 89' lang='lat' dir='ltr'><strong>eo</strong></span> <span class='ocrx_word' id='word_1_236' title='bbox 1345 4058 1431 4121; x_wconf 81' lang='lat' dir='ltr'><strong>etiem</strong></span> 
     </span>
    </p>

    <p class='ocr_par' dir='ltr' id='par_1_4' title="bbox 222 4158 1431 4361">
     <span class='ocr_line' id='line_1_26' title="bbox 222 4158 1431 4240; baseline -0.005 -13"><span class='ocrx_word' id='word_1_237' title='bbox 222 4175 255 4227; x_wconf 79' lang='lat' dir='ltr'><strong>la</strong></span> <span class='ocrx_word' id='word_1_238' title='bbox 275 4162 432 4227; x_wconf 88' lang='lat' dir='ltr'><strong>illustriora</strong></span> <span class='ocrx_word' id='word_1_239' title='bbox 453 4170 483 4223; x_wconf 88' lang='lat' dir='ltr'><strong>et</strong></span> <span class='ocrx_word' id='word_1_240' title='bbox 504 4160 708 4240; x_wconf 87' lang='lat' dir='ltr'><strong>conspectiora</strong></span> <span class='ocrx_word' id='word_1_241' title='bbox 729 4160 813 4223; x_wconf 88' lang='lat' dir='ltr'><strong>liunt.</strong></span> <span class='ocrx_word' id='word_1_242' title='bbox 857 4161 972 4235; x_wconf 86' lang='lat' dir='ltr'><strong>Quodsi</strong></span> <span class='ocrx_word' id='word_1_243' title='bbox 995 4161 1136 4224; x_wconf 87' lang='lat' dir='ltr'><strong>accedunt</strong></span> <span class='ocrx_word' id='word_1_244' title='bbox 1149 4159 1186 4223; x_wconf 92' lang='lat' dir='ltr'><strong>ad</strong></span> <span class='ocrx_word' id='word_1_245' title='bbox 1199 4161 1272 4222; x_wconf 85' lang='lat' dir='ltr'><strong>baec</strong></span> <span class='ocrx_word' id='word_1_246' title='bbox 1286 4158 1431 4222; x_wconf 90' lang='lat' dir='ltr'><strong>eiusmodi</strong></span> 
     </span>
     <span class='ocr_line' id='line_1_27' title="bbox 273 4244 1429 4361; baseline -0.005 -33"><span class='ocrx_word' id='word_1_247' title='bbox 273 4274 407 4347; x_wconf 84' lang='lat' dir='ltr'><strong>tempora</strong></span> <span class='ocrx_word' id='word_1_248' title='bbox 427 4271 456 4326; x_wconf 89' lang='lat' dir='ltr'><strong>et</strong></span> <span class='ocrx_word' id='word_1_249' title='bbox 474 4264 606 4325; x_wconf 86' lang='lat' dir='ltr'><strong>lortunee</strong></span> <span class='ocrx_word' id='word_1_250' title='bbox 624 4281 723 4337; x_wconf 89' lang='lat' dir='ltr'><strong>casus,</strong></span> <span class='ocrx_word' id='word_1_251' title='bbox 748 4262 877 4361; x_wconf 74' lang='lat' dir='ltr'><strong>qui&#39;non</strong></span> <span class='ocrx_word' id='word_1_252' title='bbox 897 4263 1021 4342; x_wconf 79' lang='lat' dir='ltr'><strong>volgaris</strong></span> <span class='ocrx_word' id='word_1_253' title='bbox 1041 4263 1192 4327; x_wconf 81' lang='lat' dir='ltr'><strong>cuiusdam</strong></span> <span class='ocrx_word' id='word_1_254' title='bbox 1208 4271 1236 4325; x_wconf 92' lang='lat' dir='ltr'><strong>et</strong></span> <span class='ocrx_word' id='word_1_255' title='bbox 1251 4244 1429 4335; x_wconf 84' lang='lat' dir='ltr'><strong>eommunis,</strong></span> 
     </span>
    </p>
   </div>
   <div class='ocr_carea' id='block_1_3' title="bbox 0 0 1638 5140">
    <p class='ocr_par' dir='ltr' id='par_1_5' title="bbox 0 0 1638 5140">
     <span class='ocr_line' id='line_1_28' title="bbox 0 0 1638 5140; baseline 0 1"><span class='ocrx_word' id='word_1_256' title='bbox 0 0 1638 5140; x_wconf 95' lang='lat' dir='ltr'><strong> </strong></span> 
     </span>
    </p>
   </div>
  </div>
 </body>
</html>
