<?xml version="1.0" encoding="UTF-8"?>
<!DOCTYPE html PUBLIC "-//W3C//DTD XHTML 1.0 Transitional//EN"
    "http://www.w3.org/TR/xhtml1/DTD/xhtml1-transitional.dtd">
<html xmlns="http://www.w3.org/1999/xhtml" xml:lang="en" lang="en">
 <head>
  <title>
</title>
<meta http-equiv="Content-Type" content="text/html;charset=utf-8" />
  <meta name='ocr-system' content='tesseract 3.04.00' />
  <meta name='ocr-capabilities' content='ocr_page ocr_carea ocr_par ocr_line ocrx_word'/>
</head>
<body>
  <div class='ocr_page' id='page_1' title='image "./opusculaacademi00schogoog_0597.png"; bbox 0 0 3284 5152; ppageno 0'>
   <div class='ocr_carea' id='block_1_1' title="bbox 805 476 954 575">
    <p class='ocr_par' dir='ltr' id='par_1_1' title="bbox 805 476 954 575">
     <span class='ocr_line' id='line_1_1' title="bbox 805 476 954 575; baseline 0 -36"><span class='ocrx_word' id='word_1_1' title='bbox 805 476 954 575; x_wconf 35' lang='lat' dir='ltr'>*qo-—</span> 
     </span>
    </p>
   </div>
   <div class='ocr_carea' id='block_1_2' title="bbox 237 664 1467 3508">
    <p class='ocr_par' dir='ltr' id='par_1_2' title="bbox 237 664 1467 3320">
     <span class='ocr_line' id='line_1_2' title="bbox 300 664 1464 753; baseline -0.005 -20"><span class='ocrx_word' id='word_1_2' title='bbox 300 670 400 752; x_wconf 87' lang='lat' dir='ltr'>ticipio</span> <span class='ocrx_word' id='word_1_3' title='bbox 421 667 542 753; x_wconf 79' lang='grc' dir='ltr'><strong><em>χωρῶν.</em></strong></span> <span class='ocrx_word' id='word_1_4' title='bbox 572 667 683 731; x_wconf 87' lang='lat' dir='ltr'>Similis</span> <span class='ocrx_word' id='word_1_5' title='bbox 697 668 773 731; x_wconf 83' lang='lat' dir='ltr'>ratio</span> <span class='ocrx_word' id='word_1_6' title='bbox 787 685 814 729; x_wconf 80' lang='lat' dir='ltr'>r.</span> <span class='ocrx_word' id='word_1_7' title='bbox 832 665 892 729; x_wconf 76' lang='lat'>158</span> <span class='ocrx_word' id='word_1_8' title='bbox 908 665 1028 745; x_wconf 80' lang='grc'>(156).“</span> <span class='ocrx_word' id='word_1_9' title='bbox 1057 664 1116 727; x_wconf 89' lang='lat' dir='ltr'>Sed</span> <span class='ocrx_word' id='word_1_10' title='bbox 1131 665 1204 727; x_wconf 89' lang='lat' dir='ltr'>mihi</span> <span class='ocrx_word' id='word_1_11' title='bbox 1216 665 1293 727; x_wconf 85' lang='lat' dir='ltr'>retio</span> <span class='ocrx_word' id='word_1_12' title='bbox 1306 664 1464 746; x_wconf 81' lang='lat' dir='ltr'>haudque-</span> 
     </span>
     <span class='ocr_line' id='line_1_3' title="bbox 300 767 1462 855; baseline -0.004 -19"><span class='ocrx_word' id='word_1_13' title='bbox 300 791 388 855; x_wconf 82' lang='lat' dir='ltr'><strong>quam</strong></span> <span class='ocrx_word' id='word_1_14' title='bbox 409 771 513 835; x_wconf 86' lang='lat' dir='ltr'>similis</span> <span class='ocrx_word' id='word_1_15' title='bbox 533 789 598 834; x_wconf 86' lang='lat' dir='ltr'>esse</span> <span class='ocrx_word' id='word_1_16' title='bbox 612 771 741 847; x_wconf 81' lang='lat' dir='ltr'>ridetur,</span> <span class='ocrx_word' id='word_1_17' title='bbox 763 770 872 852; x_wconf 84' lang='lat' dir='ltr'>quippe</span> <span class='ocrx_word' id='word_1_18' title='bbox 886 786 978 850; x_wconf 88' lang='lat' dir='ltr'>quum</span> <span class='ocrx_word' id='word_1_19' title='bbox 993 767 1042 831; x_wconf 90' lang='lat' dir='ltr'>illo</span> <span class='ocrx_word' id='word_1_20' title='bbox 1057 767 1122 830; x_wconf 92' lang='lat' dir='ltr'>loco</span> <span class='ocrx_word' id='word_1_21' title='bbox 1134 767 1269 850; x_wconf 75' lang='lat' dir='ltr'>syllepsis</span> <span class='ocrx_word' id='word_1_22' title='bbox 1278 767 1462 849; x_wconf 74' lang='lat' dir='ltr'>ngnoscmds</span> 
     </span>
     <span class='ocr_line' id='line_1_4' title="bbox 298 867 1459 953; baseline -0.003 -16"><span class='ocrx_word' id='word_1_23' title='bbox 298 876 351 952; x_wconf 89' lang='lat' dir='ltr'>sit,</span> <span class='ocrx_word' id='word_1_24' title='bbox 371 874 430 937; x_wconf 90' lang='lat' dir='ltr'>hoc</span> <span class='ocrx_word' id='word_1_25' title='bbox 450 880 549 938; x_wconf 85' lang='lat' dir='ltr'>autem</span> <span class='ocrx_word' id='word_1_26' title='bbox 569 875 635 937; x_wconf 88' lang='lat' dir='ltr'>loco</span> <span class='ocrx_word' id='word_1_27' title='bbox 654 892 717 937; x_wconf 91' lang='lat' dir='ltr'>non</span> <span class='ocrx_word' id='word_1_28' title='bbox 735 872 884 936; x_wconf 81' lang='lat' dir='ltr'>subaudiri</span> <span class='ocrx_word' id='word_1_29' title='bbox 902 871 981 935; x_wconf 80' lang='lat' dir='ltr'>eliud</span> <span class='ocrx_word' id='word_1_30' title='bbox 1002 871 1124 935; x_wconf 86' lang='lat' dir='ltr'>verbum</span> <span class='ocrx_word' id='word_1_31' title='bbox 1138 890 1155 933; x_wconf 92' lang='lat' dir='ltr'>e</span> <span class='ocrx_word' id='word_1_32' title='bbox 1169 871 1321 953; x_wconf 73' lang='lat' dir='ltr'>participio</span> <span class='ocrx_word' id='word_1_33' title='bbox 1336 867 1459 952; x_wconf 79' lang='grc' dir='ltr'><strong><em>χωρῶν,</em></strong></span> 
     </span>
     <span class='ocr_line' id='line_1_5' title="bbox 298 967 1459 1061; baseline -0.004 -20"><span class='ocrx_word' id='word_1_34' title='bbox 298 979 350 1041; x_wconf 88' lang='lat' dir='ltr'>sed</span> <span class='ocrx_word' id='word_1_35' title='bbox 371 978 428 1041; x_wconf 91' lang='lat' dir='ltr'>hoc</span> <span class='ocrx_word' id='word_1_36' title='bbox 446 978 545 1061; x_wconf 87' lang='lat' dir='ltr'>ipsum</span> <span class='ocrx_word' id='word_1_37' title='bbox 566 978 657 1041; x_wconf 91' lang='lat' dir='ltr'>semel</span> <span class='ocrx_word' id='word_1_38' title='bbox 676 977 810 1040; x_wconf 80' lang='lat' dir='ltr'>obsolute</span> <span class='ocrx_word' id='word_1_39' title='bbox 823 976 963 1057; x_wconf 83' lang='lat' dir='ltr'>positum,</span> <span class='ocrx_word' id='word_1_40' title='bbox 979 993 1106 1038; x_wconf 85' lang='lat' dir='ltr'>—nam</span> <span class='ocrx_word' id='word_1_41' title='bbox 1121 968 1155 1037; x_wconf 83' lang='grc' dir='ltr'><strong><em>δν</em></strong></span> <span class='ocrx_word' id='word_1_42' title='bbox 1170 967 1277 1051; x_wconf 74' lang='grc' dir='ltr'><strong><em>δίναις</em></strong></span> <span class='ocrx_word' id='word_1_43' title='bbox 1291 993 1361 1037; x_wconf 91' lang='lat' dir='ltr'>cum</span> <span class='ocrx_word' id='word_1_44' title='bbox 1376 992 1459 1036; x_wconf 81' lang='grc' dir='ltr'><strong><em>παι-</em></strong></span> 
     </span>
     <span class='ocr_line' id='line_1_6' title="bbox 299 1074 1461 1165; baseline -0.003 -22"><span class='ocrx_word' id='word_1_45' title='bbox 299 1074 429 1165; x_wconf 78' lang='grc' dir='ltr'><strong><em>δούργει</em></strong></span> <span class='ocrx_word' id='word_1_46' title='bbox 444 1082 601 1144; x_wconf 82' lang='lat' dir='ltr'>cohaerere</span> <span class='ocrx_word' id='word_1_47' title='bbox 615 1087 745 1163; x_wconf 79' lang='lat' dir='ltr'>apparet,</span> <span class='ocrx_word' id='word_1_48' title='bbox 756 1114 800 1127; x_wconf 88' lang='lat'>-</span> <span class='ocrx_word' id='word_1_49' title='bbox 809 1096 880 1142; x_wconf 81' lang='lat' dir='ltr'>mox</span> <span class='ocrx_word' id='word_1_50' title='bbox 889 1083 989 1141; x_wconf 80' lang='lat' dir='ltr'>autem</span> <span class='ocrx_word' id='word_1_51' title='bbox 1001 1096 1068 1141; x_wconf 85' lang='lat' dir='ltr'>cum</span> <span class='ocrx_word' id='word_1_52' title='bbox 1081 1078 1246 1141; x_wconf 83' lang='lat' dir='ltr'>aeonsotivo</span> <span class='ocrx_word' id='word_1_53' title='bbox 1257 1082 1461 1140; x_wconf 82' lang='lat' dir='ltr'>constructum</span> 
     </span>
     <span class='ocr_line' id='line_1_7' title="bbox 298 1180 1460 1265; baseline -0.004 -18"><span class='ocrx_word' id='word_1_54' title='bbox 298 1190 402 1265; x_wconf 85' lang='lat' dir='ltr'>putero</span> <span class='ocrx_word' id='word_1_55' title='bbox 425 1183 589 1247; x_wconf 83' lang='lat' dir='ltr'>iubeamur.</span> <span class='ocrx_word' id='word_1_56' title='bbox 627 1183 660 1246; x_wconf 94' lang='lat' dir='ltr'>ld</span> <span class='ocrx_word' id='word_1_57' title='bbox 685 1184 855 1265; x_wconf 76' lang='lat' dir='ltr'>Euripidem</span> <span class='ocrx_word' id='word_1_58' title='bbox 879 1180 1007 1244; x_wconf 76' lang='lat' dir='ltr'>noluisse</span> <span class='ocrx_word' id='word_1_59' title='bbox 1033 1198 1095 1244; x_wconf 90' lang='lat' dir='ltr'>non</span> <span class='ocrx_word' id='word_1_60' title='bbox 1119 1182 1248 1244; x_wconf 78' lang='lat' dir='ltr'>adducor</span> <span class='ocrx_word' id='word_1_61' title='bbox 1270 1188 1305 1243; x_wconf 84' lang='lat' dir='ltr'>ut</span> <span class='ocrx_word' id='word_1_62' title='bbox 1330 1181 1460 1244; x_wconf 82' lang='lat' dir='ltr'>credam.</span> 
     </span>
     <span class='ocr_line' id='line_1_8' title="bbox 299 1279 1464 1367; baseline -0.002 -20"><span class='ocrx_word' id='word_1_63' title='bbox 299 1285 497 1349; x_wconf 82' lang='lat' dir='ltr'>Kircbbotiius</span> <span class='ocrx_word' id='word_1_64' title='bbox 513 1304 548 1349; x_wconf 85' lang='lat' dir='ltr'>en</span> <span class='ocrx_word' id='word_1_65' title='bbox 563 1302 623 1348; x_wconf 91' lang='lat' dir='ltr'>uno</span> <span class='ocrx_word' id='word_1_66' title='bbox 639 1285 740 1349; x_wconf 93' lang='lat' dir='ltr'>codice</span> <span class='ocrx_word' id='word_1_67' title='bbox 755 1279 865 1359; x_wconf 79' lang='grc' dir='ltr'><strong><em>δίναις</em></strong></span> <span class='ocrx_word' id='word_1_68' title='bbox 879 1285 997 1367; x_wconf 79' lang='lat' dir='ltr'>scripsit</span> <span class='ocrx_word' id='word_1_69' title='bbox 1007 1285 1071 1347; x_wconf 89' lang='lat' dir='ltr'>sine</span> <span class='ocrx_word' id='word_1_70' title='bbox 1081 1284 1308 1366; x_wconf 75' lang='lat' dir='ltr'>praepositione,</span> <span class='ocrx_word' id='word_1_71' title='bbox 1324 1283 1376 1347; x_wconf 88' lang='lat' dir='ltr'>sed</span> <span class='ocrx_word' id='word_1_72' title='bbox 1387 1300 1464 1346; x_wconf 88' lang='lat' dir='ltr'>con·</span> 
     </span>
     <span class='ocr_line' id='line_1_9' title="bbox 298 1379 1461 1478; baseline -0.001 -27"><span class='ocrx_word' id='word_1_73' title='bbox 298 1390 463 1478; x_wconf 78' lang='lat' dir='ltr'>structione</span> <span class='ocrx_word' id='word_1_74' title='bbox 472 1390 583 1472; x_wconf 84' lang='lat' dir='ltr'>puriter</span> <span class='ocrx_word' id='word_1_75' title='bbox 591 1387 786 1477; x_wconf 80' lang='lat' dir='ltr'>improbabili.</span> <span class='ocrx_word' id='word_1_76' title='bbox 806 1388 953 1451; x_wconf 81' lang='lat' dir='ltr'>Nauckius</span> <span class='ocrx_word' id='word_1_77' title='bbox 965 1380 1125 1462; x_wconf 83' lang='grc' dir='ltr'><strong><em>δίναςτοὶς</em></strong></span> <span class='ocrx_word' id='word_1_78' title='bbox 1133 1379 1300 1473; x_wconf 73' lang='grc' dir='ltr'><strong><em>Ἀλφειοῦ,</em></strong></span> <span class='ocrx_word' id='word_1_79' title='bbox 1312 1391 1461 1450; x_wconf 80' lang='lat' dir='ltr'>structure</span> 
     </span>
     <span class='ocr_line' id='line_1_10' title="bbox 300 1489 1460 1572; baseline 0.001 -20"><span class='ocrx_word' id='word_1_80' title='bbox 300 1491 419 1572; x_wconf 88' lang='lat' dir='ltr'>quidem</span> <span class='ocrx_word' id='word_1_81' title='bbox 440 1491 673 1572; x_wconf 84' lang='lat' dir='ltr'>expeditissime,</span> <span class='ocrx_word' id='word_1_82' title='bbox 693 1492 745 1555; x_wconf 88' lang='lat' dir='ltr'>sed</span> <span class='ocrx_word' id='word_1_83' title='bbox 759 1491 840 1554; x_wconf 84' lang='lat' dir='ltr'>nulle</span> <span class='ocrx_word' id='word_1_84' title='bbox 855 1491 990 1554; x_wconf 91' lang='lat' dir='ltr'>codicum</span> <span class='ocrx_word' id='word_1_85' title='bbox 1004 1492 1188 1555; x_wconf 69' lang='lat' dir='ltr'>auctoritate.</span> <span class='ocrx_word' id='word_1_86' title='bbox 1216 1489 1292 1565; x_wconf 85' lang='lat' dir='ltr'>Quid</span> <span class='ocrx_word' id='word_1_87' title='bbox 1308 1491 1412 1572; x_wconf 78' lang='lat' dir='ltr'>igitur,</span> <span class='ocrx_word' id='word_1_88' title='bbox 1433 1489 1460 1553; x_wconf 88' lang='lat' dir='ltr'>si</span> 
     </span>
     <span class='ocr_line' id='line_1_11' title="bbox 299 1592 1461 1678; baseline -0.002 -20"><span class='ocrx_word' id='word_1_89' title='bbox 299 1592 380 1674; x_wconf 83' lang='lat' dir='ltr'>quis,</span> <span class='ocrx_word' id='word_1_90' title='bbox 400 1594 504 1658; x_wconf 90' lang='lat' dir='ltr'>ceteris</span> <span class='ocrx_word' id='word_1_91' title='bbox 519 1603 553 1657; x_wconf 89' lang='lat' dir='ltr'>ut</span> <span class='ocrx_word' id='word_1_92' title='bbox 567 1594 683 1678; x_wconf 68' lang='lat' dir='ltr'>venipeta</span> <span class='ocrx_word' id='word_1_93' title='bbox 697 1601 767 1659; x_wconf 89' lang='lat' dir='ltr'>sunt</span> <span class='ocrx_word' id='word_1_94' title='bbox 780 1595 917 1670; x_wconf 80' lang='lat' dir='ltr'>servatis,</span> <span class='ocrx_word' id='word_1_95' title='bbox 937 1595 969 1657; x_wconf 93' lang='lat' dir='ltr'>in</span> <span class='ocrx_word' id='word_1_96' title='bbox 983 1600 1136 1676; x_wconf 77' lang='lat' dir='ltr'>postremo</span> <span class='ocrx_word' id='word_1_97' title='bbox 1151 1611 1238 1657; x_wconf 86' lang='lat' dir='ltr'>versu</span> <span class='ocrx_word' id='word_1_98' title='bbox 1251 1593 1366 1657; x_wconf 79' lang='lat' dir='ltr'>duabus</span> <span class='ocrx_word' id='word_1_99' title='bbox 1380 1593 1461 1656; x_wconf 87' lang='lat' dir='ltr'>litte-</span> 
     </span>
     <span class='ocr_line' id='line_1_12' title="bbox 297 1686 1462 1781; baseline -0.001 -22"><span class='ocrx_word' id='word_1_100' title='bbox 297 1696 371 1759; x_wconf 86' lang='lat' dir='ltr'>rolis</span> <span class='ocrx_word' id='word_1_101' title='bbox 386 1696 492 1760; x_wconf 85' lang='lat' dir='ltr'>additis</span> <span class='ocrx_word' id='word_1_102' title='bbox 505 1686 529 1781; x_wconf 72' lang='grc' dir='ltr'><em>ἢ</em></span> <span class='ocrx_word' id='word_1_103' title='bbox 542 1691 650 1775; x_wconf 79' lang='grc' dir='ltr'><strong><em>νάπος</em></strong></span> <span class='ocrx_word' id='word_1_104' title='bbox 664 1689 717 1761; x_wconf 77' lang='grc' dir='ltr'>δι’</span> <span class='ocrx_word' id='word_1_105' title='bbox 729 1689 892 1777; x_wconf 74' lang='grc' dir='ltr'><strong><em>’Ίσδμιον</em></strong></span> <span class='ocrx_word' id='word_1_106' title='bbox 905 1697 1095 1760; x_wconf 88' lang='lat' dir='ltr'>scribendum</span> <span class='ocrx_word' id='word_1_107' title='bbox 1108 1695 1210 1760; x_wconf 74' lang='lat' dir='ltr'>diost?</span> <span class='ocrx_word' id='word_1_108' title='bbox 1230 1696 1295 1761; x_wconf 87' lang='lat' dir='ltr'>Hoc</span> <span class='ocrx_word' id='word_1_109' title='bbox 1306 1697 1388 1760; x_wconf 88' lang='lat' dir='ltr'>enim</span> <span class='ocrx_word' id='word_1_110' title='bbox 1398 1713 1462 1759; x_wconf 88' lang='lat' dir='ltr'>non</span> 
     </span>
     <span class='ocr_line' id='line_1_13' title="bbox 299 1793 1462 1884; baseline 0.001 -22"><span class='ocrx_word' id='word_1_111' title='bbox 299 1798 397 1862; x_wconf 87' lang='lat' dir='ltr'>minus</span> <span class='ocrx_word' id='word_1_112' title='bbox 416 1806 497 1863; x_wconf 86' lang='lat' dir='ltr'>recte</span> <span class='ocrx_word' id='word_1_113' title='bbox 516 1818 606 1882; x_wconf 85' lang='lat' dir='ltr'>quam</span> <span class='ocrx_word' id='word_1_114' title='bbox 628 1794 663 1865; x_wconf 75' lang='lat' dir='ltr'>de</span> <span class='ocrx_word' id='word_1_115' title='bbox 683 1797 789 1876; x_wconf 79' lang='grc' dir='ltr'><strong><em>δίναις</em></strong></span> <span class='ocrx_word' id='word_1_116' title='bbox 810 1818 879 1864; x_wconf 90' lang='lat' dir='ltr'>cum</span> <span class='ocrx_word' id='word_1_117' title='bbox 899 1793 1101 1884; x_wconf 74' lang='grc' dir='ltr'><strong><em>παιδούργει</em></strong></span> <span class='ocrx_word' id='word_1_118' title='bbox 1120 1800 1253 1863; x_wconf 81' lang='lat' dir='ltr'>construi</span> <span class='ocrx_word' id='word_1_119' title='bbox 1266 1818 1354 1881; x_wconf 87' lang='lat' dir='ltr'>posse</span> <span class='ocrx_word' id='word_1_120' title='bbox 1369 1817 1462 1881; x_wconf 80' lang='lat' dir='ltr'>eppe-</span> 
     </span>
     <span class='ocr_line' id='line_1_14' title="bbox 298 1901 1462 1985; baseline 0 -21"><span class='ocrx_word' id='word_1_121' title='bbox 298 1904 358 1964; x_wconf 89' lang='lat' dir='ltr'>ret¹</span> <span class='ocrx_word' id='word_1_122' title='bbox 368 1904 408 1983; x_wconf 70' lang='grc' dir='ltr'>ο).</span> <span class='ocrx_word' id='word_1_123' title='bbox 430 1903 596 1968; x_wconf 71' lang='lat' dir='ltr'>Versiculos</span> <span class='ocrx_word' id='word_1_124' title='bbox 612 1904 699 1968; x_wconf 90' lang='lat' dir='ltr'>buius</span> <span class='ocrx_word' id='word_1_125' title='bbox 714 1920 871 1967; x_wconf 85' lang='lat' dir='ltr'>mensurae</span> <span class='ocrx_word' id='word_1_126' title='bbox 886 1923 950 1971; x_wconf 61' lang='lat' dir='ltr'>-ss</span> <span class='ocrx_word' id='word_1_127' title='bbox 966 1947 1011 1968; x_wconf 60' lang='lat'>„-</span> <span class='ocrx_word' id='word_1_128' title='bbox 1028 1921 1073 1968; x_wconf 55' lang='lat'>22</span> <span class='ocrx_word' id='word_1_129' title='bbox 1086 1908 1213 1985; x_wconf 87' lang='lat' dir='ltr'>eptusnc</span> <span class='ocrx_word' id='word_1_130' title='bbox 1223 1902 1262 1965; x_wconf 90' lang='lat' dir='ltr'>sit</span> <span class='ocrx_word' id='word_1_131' title='bbox 1272 1902 1319 1965; x_wconf 87' lang='lat' dir='ltr'>his</span> <span class='ocrx_word' id='word_1_132' title='bbox 1329 1901 1462 1965; x_wconf 86' lang='lat' dir='ltr'>numeris</span> 
     </span>
     <span class='ocr_line' id='line_1_15' title="bbox 299 2004 1462 2087; baseline 0.001 -21"><span class='ocrx_word' id='word_1_133' title='bbox 299 2020 338 2066; x_wconf 84' lang='lat' dir='ltr'>un</span> <span class='ocrx_word' id='word_1_134' title='bbox 357 2004 484 2079; x_wconf 81' lang='lat' dir='ltr'>alienus,</span> <span class='ocrx_word' id='word_1_135' title='bbox 506 2013 586 2069; x_wconf 85' lang='lat' dir='ltr'>certo</span> <span class='ocrx_word' id='word_1_136' title='bbox 607 2006 759 2070; x_wconf 74' lang='lat' dir='ltr'>diiudicari</span> <span class='ocrx_word' id='word_1_137' title='bbox 773 2014 837 2069; x_wconf 81' lang='lat' dir='ltr'>mm</span> <span class='ocrx_word' id='word_1_138' title='bbox 852 2007 974 2070; x_wconf 88' lang='lat' dir='ltr'>demum</span> <span class='ocrx_word' id='word_1_139' title='bbox 988 2004 1110 2087; x_wconf 86' lang='lat' dir='ltr'>poterit,</span> <span class='ocrx_word' id='word_1_140' title='bbox 1132 2004 1157 2067; x_wconf 91' lang='lat' dir='ltr'>si</span> <span class='ocrx_word' id='word_1_141' title='bbox 1172 2005 1209 2067; x_wconf 89' lang='lat' dir='ltr'>de</span> <span class='ocrx_word' id='word_1_142' title='bbox 1224 2005 1359 2068; x_wconf 84' lang='lat' dir='ltr'>universe</span> <span class='ocrx_word' id='word_1_143' title='bbox 1371 2006 1462 2067; x_wconf 84' lang='lat' dir='ltr'>huius</span> 
     </span>
     <span class='ocr_line' id='line_1_16' title="bbox 299 2107 1463 2193; baseline -0.001 -22"><span class='ocrx_word' id='word_1_144' title='bbox 299 2107 403 2171; x_wconf 74' lang='lat' dir='ltr'>cantici</span> <span class='ocrx_word' id='word_1_145' title='bbox 417 2108 632 2190; x_wconf 86' lang='lat' dir='ltr'>compositione</span> <span class='ocrx_word' id='word_1_146' title='bbox 646 2110 821 2193; x_wconf 73' lang='lat' dir='ltr'>rhythmice,</span> <span class='ocrx_word' id='word_1_147' title='bbox 837 2109 905 2171; x_wconf 89' lang='lat' dir='ltr'>inde</span> <span class='ocrx_word' id='word_1_148' title='bbox 919 2126 937 2171; x_wconf 82' lang='lat' dir='ltr'>s</span> <span class='ocrx_word' id='word_1_149' title='bbox 950 2126 977 2170; x_wconf 85' lang='lat' dir='ltr'>v.</span> <span class='ocrx_word' id='word_1_150' title='bbox 997 2108 1065 2178; x_wconf 82' lang='lat'><strong>154,</strong></span> <span class='ocrx_word' id='word_1_151' title='bbox 1080 2107 1153 2169; x_wconf 80' lang='lat' dir='ltr'>eatis</span> <span class='ocrx_word' id='word_1_152' title='bbox 1164 2108 1339 2181; x_wconf 85' lang='lat' dir='ltr'>constiterit,</span> <span class='ocrx_word' id='word_1_153' title='bbox 1355 2109 1392 2170; x_wconf 91' lang='lat' dir='ltr'>de</span> <span class='ocrx_word' id='word_1_154' title='bbox 1404 2126 1463 2188; x_wconf 82' lang='lat' dir='ltr'>que</span> 
     </span>
     <span class='ocr_line' id='line_1_17' title="bbox 298 2207 1463 2294; baseline 0.001 -23"><span class='ocrx_word' id='word_1_155' title='bbox 298 2207 371 2272; x_wconf 84' lang='lat' dir='ltr'>ulios</span> <span class='ocrx_word' id='word_1_156' title='bbox 386 2209 469 2273; x_wconf 78' lang='lat' dir='ltr'>aliter</span> <span class='ocrx_word' id='word_1_157' title='bbox 482 2210 609 2274; x_wconf 81' lang='lat' dir='ltr'>iudicare</span> <span class='ocrx_word' id='word_1_158' title='bbox 624 2212 708 2275; x_wconf 86' lang='lat' dir='ltr'>video</span> <span class='ocrx_word' id='word_1_159' title='bbox 718 2213 884 2294; x_wconf 85' lang='lat' dir='ltr'>etpostbuc</span> <span class='ocrx_word' id='word_1_160' title='bbox 895 2228 1013 2292; x_wconf 91' lang='lat' dir='ltr'>quoque</span> <span class='ocrx_word' id='word_1_161' title='bbox 1024 2209 1203 2273; x_wconf 70' lang='lat' dir='ltr'>intimemus</span> <span class='ocrx_word' id='word_1_162' title='bbox 1216 2229 1283 2274; x_wconf 88' lang='lat' dir='ltr'>esse</span> <span class='ocrx_word' id='word_1_163' title='bbox 1294 2210 1365 2274; x_wconf 88' lang='lat' dir='ltr'>scio.</span> <span class='ocrx_word' id='word_1_164' title='bbox 1386 2209 1463 2273; x_wconf 85' lang='lat' dir='ltr'>lbnd</span> 
     </span>
     <span class='ocr_line' id='line_1_18' title="bbox 300 2311 1465 2397; baseline -0.001 -21"><span class='ocrx_word' id='word_1_165' title='bbox 300 2311 422 2394; x_wconf 89' lang='lat' dir='ltr'>quidem</span> <span class='ocrx_word' id='word_1_166' title='bbox 441 2314 594 2377; x_wconf 88' lang='lat' dir='ltr'>neminem</span> <span class='ocrx_word' id='word_1_167' title='bbox 613 2315 703 2397; x_wconf 75' lang='lat' dir='ltr'>fugit,</span> <span class='ocrx_word' id='word_1_168' title='bbox 722 2332 863 2378; x_wconf 73' lang='lat' dir='ltr'>umerum</span> <span class='ocrx_word' id='word_1_169' title='bbox 885 2313 998 2395; x_wconf 82' lang='lat' dir='ltr'>aliquot</span> <span class='ocrx_word' id='word_1_170' title='bbox 1015 2312 1157 2393; x_wconf 84' lang='lat' dir='ltr'>similium</span> <span class='ocrx_word' id='word_1_171' title='bbox 1171 2313 1291 2395; x_wconf 83' lang='lat' dir='ltr'>peribus</span> <span class='ocrx_word' id='word_1_172' title='bbox 1305 2312 1465 2377; x_wconf 73' lang='lat' dir='ltr'>intervallis</span> 
     </span>
     <span class='ocr_line' id='line_1_19' title="bbox 237 2415 1462 2505; baseline 0.001 -28"><span class='ocrx_word' id='word_1_173' title='bbox 237 2498 245 2505; x_wconf 21' lang='grc' dir='ltr'>υ</span> <span class='ocrx_word' id='word_1_174' title='bbox 299 2416 507 2498; x_wconf 82' lang='lat' dir='ltr'>repetitionem</span> <span class='ocrx_word' id='word_1_175' title='bbox 520 2417 605 2481; x_wconf 79' lang='lat' dir='ltr'>troile</span> <span class='ocrx_word' id='word_1_176' title='bbox 620 2418 785 2500; x_wconf 84' lang='lat' dir='ltr'>strophiceo</span> <span class='ocrx_word' id='word_1_177' title='bbox 800 2416 1007 2498; x_wconf 76' lang='lat' dir='ltr'>descriptionis</span> <span class='ocrx_word' id='word_1_178' title='bbox 1021 2415 1219 2496; x_wconf 82' lang='lat' dir='ltr'>suspicionem</span> <span class='ocrx_word' id='word_1_179' title='bbox 1233 2433 1354 2480; x_wconf 85' lang='lat' dir='ltr'>movere</span> <span class='ocrx_word' id='word_1_180' title='bbox 1364 2433 1462 2498; x_wconf 87' lang='lat' dir='ltr'>posse,</span> 
     </span>
     <span class='ocr_line' id='line_1_20' title="bbox 302 2518 1463 2602; baseline 0.002 -22"><span class='ocrx_word' id='word_1_181' title='bbox 302 2524 333 2581; x_wconf 86' lang='lat' dir='ltr'>ot</span> <span class='ocrx_word' id='word_1_182' title='bbox 346 2518 530 2601; x_wconf 65' lang='lat' dir='ltr'>mumque,</span> <span class='ocrx_word' id='word_1_183' title='bbox 544 2524 579 2583; x_wconf 90' lang='lat' dir='ltr'>ut</span> <span class='ocrx_word' id='word_1_184' title='bbox 592 2526 639 2582; x_wconf 89' lang='lat' dir='ltr'>est</span> <span class='ocrx_word' id='word_1_185' title='bbox 651 2520 696 2582; x_wconf 80' lang='lat' dir='ltr'>vir</span> <span class='ocrx_word' id='word_1_186' title='bbox 709 2520 810 2595; x_wconf 80' lang='lat' dir='ltr'>fortis,</span> <span class='ocrx_word' id='word_1_187' title='bbox 825 2519 964 2584; x_wconf 74' lang='lat' dir='ltr'>facillimo</span> <span class='ocrx_word' id='word_1_188' title='bbox 979 2519 1098 2601; x_wconf 78' lang='lat' dir='ltr'>negotio</span> <span class='ocrx_word' id='word_1_189' title='bbox 1112 2519 1221 2602; x_wconf 84' lang='lat' dir='ltr'>partim</span> <span class='ocrx_word' id='word_1_190' title='bbox 1236 2519 1340 2583; x_wconf 80' lang='lat' dir='ltr'>additis</span> <span class='ocrx_word' id='word_1_191' title='bbox 1355 2520 1463 2601; x_wconf 76' lang='lat' dir='ltr'>purtim</span> 
     </span>
     <span class='ocr_line' id='line_1_21' title="bbox 302 2620 1463 2704; baseline 0.001 -21"><span class='ocrx_word' id='word_1_192' title='bbox 302 2620 406 2684; x_wconf 82' lang='lat' dir='ltr'>deletis</span> <span class='ocrx_word' id='word_1_193' title='bbox 414 2622 524 2702; x_wconf 76' lang='lat' dir='ltr'>partim</span> <span class='ocrx_word' id='word_1_194' title='bbox 534 2623 656 2686; x_wconf 82' lang='lat' dir='ltr'>mutetis</span> <span class='ocrx_word' id='word_1_195' title='bbox 667 2623 768 2704; x_wconf 81' lang='lat' dir='ltr'>prucis</span> <span class='ocrx_word' id='word_1_196' title='bbox 779 2622 955 2704; x_wconf 82' lang='lat' dir='ltr'>quibusdem</span> <span class='ocrx_word' id='word_1_197' title='bbox 965 2622 1114 2685; x_wconf 76' lang='lat' dir='ltr'>vocubulis</span> <span class='ocrx_word' id='word_1_198' title='bbox 1124 2622 1307 2687; x_wconf 77' lang='lat' dir='ltr'>tolerabilem</span> <span class='ocrx_word' id='word_1_199' title='bbox 1316 2622 1463 2704; x_wconf 83' lang='lat' dir='ltr'>quendem</span> 
     </span>
     <span class='ocr_line' id='line_1_22' title="bbox 301 2724 1463 2806; baseline 0.002 -21"><span class='ocrx_word' id='word_1_200' title='bbox 301 2724 526 2805; x_wconf 84' lang='lat' dir='ltr'>responsionem</span> <span class='ocrx_word' id='word_1_201' title='bbox 552 2724 733 2806; x_wconf 84' lang='lat' dir='ltr'>strophicem</span> <span class='ocrx_word' id='word_1_202' title='bbox 760 2725 924 2805; x_wconf 69' lang='lat' dir='ltr'>effectu).</span> <span class='ocrx_word' id='word_1_203' title='bbox 954 2725 1013 2799; x_wconf 81' lang='lat' dir='ltr'>Qui</span> <span class='ocrx_word' id='word_1_204' title='bbox 1032 2732 1134 2788; x_wconf 84' lang='lat' dir='ltr'>nutem</span> <span class='ocrx_word' id='word_1_205' title='bbox 1155 2726 1254 2788; x_wconf 87' lang='lat' dir='ltr'>minus</span> <span class='ocrx_word' id='word_1_206' title='bbox 1273 2725 1344 2788; x_wconf 86' lang='lat' dir='ltr'>iorti</span> <span class='ocrx_word' id='word_1_207' title='bbox 1363 2725 1463 2788; x_wconf 83' lang='lat' dir='ltr'>enimc</span> 
     </span>
     <span class='ocr_line' id='line_1_23' title="bbox 301 2825 1464 2911; baseline 0.003 -23"><span class='ocrx_word' id='word_1_208' title='bbox 301 2832 380 2899; x_wconf 85' lang='lat' dir='ltr'>sunt,</span> <span class='ocrx_word' id='word_1_209' title='bbox 403 2825 503 2890; x_wconf 81' lang='lat' dir='ltr'>audire</span> <span class='ocrx_word' id='word_1_210' title='bbox 524 2825 650 2890; x_wconf 79' lang='lat' dir='ltr'>fortasse</span> <span class='ocrx_word' id='word_1_211' title='bbox 664 2829 775 2892; x_wconf 79' lang='lat' dir='ltr'>malent</span> <span class='ocrx_word' id='word_1_212' title='bbox 788 2829 966 2911; x_wconf 89' lang='lat' dir='ltr'>prudentem</span> <span class='ocrx_word' id='word_1_213' title='bbox 980 2827 1140 2890; x_wconf 84' lang='lat' dir='ltr'>Hermanni</span> <span class='ocrx_word' id='word_1_214' title='bbox 1155 2828 1192 2890; x_wconf 89' lang='lat' dir='ltr'>de</span> <span class='ocrx_word' id='word_1_215' title='bbox 1205 2827 1377 2891; x_wconf 82' lang='lat' dir='ltr'>buirrsrnodi</span> <span class='ocrx_word' id='word_1_216' title='bbox 1391 2827 1464 2891; x_wconf 89' lang='lat' dir='ltr'>locis</span> 
     </span>
     <span class='ocr_line' id='line_1_24' title="bbox 302 2929 1464 3013; baseline 0 -21"><span class='ocrx_word' id='word_1_217' title='bbox 302 2929 550 3003; x_wconf 81' lang='lat' dir='ltr'>admonitionem,</span> <span class='ocrx_word' id='word_1_218' title='bbox 567 2929 660 2992; x_wconf 84' lang='lat' dir='ltr'>Elem.</span> <span class='ocrx_word' id='word_1_219' title='bbox 676 2931 767 2995; x_wconf 84' lang='lat' dir='ltr'>doctr.</span> <span class='ocrx_word' id='word_1_220' title='bbox 783 2938 870 2994; x_wconf 88' lang='lat' dir='ltr'>metr.</span> <span class='ocrx_word' id='word_1_221' title='bbox 885 2949 915 3013; x_wconf 91' lang='lat' dir='ltr'>p.</span> <span class='ocrx_word' id='word_1_222' title='bbox 931 2931 1003 2993; x_wconf 81' lang='lat'><strong>747.</strong></span> <span class='ocrx_word' id='word_1_223' title='bbox 1033 2930 1071 2993; x_wconf 86' lang='lat' dir='ltr'>Et</span> <span class='ocrx_word' id='word_1_224' title='bbox 1085 2948 1138 2993; x_wconf 90' lang='lat' dir='ltr'>eos</span> <span class='ocrx_word' id='word_1_225' title='bbox 1153 2950 1282 3013; x_wconf 88' lang='lat' dir='ltr'>quoque,</span> <span class='ocrx_word' id='word_1_226' title='bbox 1298 2929 1350 3012; x_wconf 89' lang='lat' dir='ltr'>qui</span> <span class='ocrx_word' id='word_1_227' title='bbox 1362 2929 1464 3012; x_wconf 82' lang='lat' dir='ltr'>paucis</span> 
     </span>
     <span class='ocr_line' id='line_1_25' title="bbox 302 3018 1467 3099; baseline 0 -4"><span class='ocrx_word' id='word_1_228' title='bbox 302 3031 409 3096; x_wconf 77' lang='lat' dir='ltr'>abhinc</span> <span class='ocrx_word' id='word_1_229' title='bbox 433 3031 519 3095; x_wconf 77' lang='lat' dir='ltr'>annis</span> <span class='ocrx_word' id='word_1_230' title='bbox 545 3031 654 3096; x_wconf 87' lang='lat' dir='ltr'>librum</span> <span class='ocrx_word' id='word_1_231' title='bbox 677 3033 758 3097; x_wconf 84' lang='lat' dir='ltr'>houd</span> <span class='ocrx_word' id='word_1_232' title='bbox 782 3053 854 3097; x_wconf 86' lang='lat' dir='ltr'>sune</span> <span class='ocrx_word' id='word_1_233' title='bbox 874 3018 1124 3097; x_wconf 79' lang='lat' dir='ltr'>contemnendum</span> <span class='ocrx_word' id='word_1_234' title='bbox 1145 3033 1182 3097; x_wconf 90' lang='lat' dir='ltr'>de</span> <span class='ocrx_word' id='word_1_235' title='bbox 1201 3035 1381 3099; x_wconf 75' lang='lat' dir='ltr'>Graecorum</span> <span class='ocrx_word' id='word_1_236' title='bbox 1401 3040 1467 3097; x_wconf 79' lang='lat' dir='ltr'>erte</span> 
     </span>
     <span class='ocr_line' id='line_1_26' title="bbox 302 3134 1466 3218; baseline -0.001 -18"><span class='ocrx_word' id='word_1_237' title='bbox 302 3134 423 3200; x_wconf 78' lang='lat' dir='ltr'>metrice</span> <span class='ocrx_word' id='word_1_238' title='bbox 437 3134 629 3217; x_wconf 70' lang='lat' dir='ltr'>scripserunt,</span> <span class='ocrx_word' id='word_1_239' title='bbox 644 3135 858 3200; x_wconf 77' lang='lat' dir='ltr'>Rossbachium</span> <span class='ocrx_word' id='word_1_240' title='bbox 873 3142 904 3199; x_wconf 89' lang='lat' dir='ltr'>et</span> <span class='ocrx_word' id='word_1_241' title='bbox 913 3135 1128 3218; x_wconf 84' lang='lat' dir='ltr'>Westpbulium</span> <span class='ocrx_word' id='word_1_242' title='bbox 1143 3156 1172 3218; x_wconf 90' lang='lat' dir='ltr'>p.</span> <span class='ocrx_word' id='word_1_243' title='bbox 1191 3137 1261 3212; x_wconf 76' lang='lat'><strong>124,</strong></span> <span class='ocrx_word' id='word_1_244' title='bbox 1277 3136 1313 3199; x_wconf 90' lang='lat' dir='ltr'>de</span> <span class='ocrx_word' id='word_1_245' title='bbox 1324 3136 1466 3200; x_wconf 80' lang='lat' dir='ltr'>antistro-</span> 
     </span>
     <span class='ocr_line' id='line_1_27' title="bbox 282 3236 1088 3320; baseline 0 -19"><span class='ocrx_word' id='word_1_246' title='bbox 282 3302 286 3307; x_wconf 81' lang='grc'>,</span> <span class='ocrx_word' id='word_1_247' title='bbox 303 3238 389 3320; x_wconf 78' lang='lat' dir='ltr'>phion</span> <span class='ocrx_word' id='word_1_248' title='bbox 404 3236 492 3301; x_wconf 85' lang='lat' dir='ltr'>buius</span> <span class='ocrx_word' id='word_1_249' title='bbox 507 3238 600 3319; x_wconf 87' lang='lat' dir='ltr'>pertis</span> <span class='ocrx_word' id='word_1_250' title='bbox 615 3239 830 3320; x_wconf 77' lang='lat' dir='ltr'>compositione</span> <span class='ocrx_word' id='word_1_251' title='bbox 844 3239 980 3303; x_wconf 81' lang='lat' dir='ltr'>dubitare</span> <span class='ocrx_word' id='word_1_252' title='bbox 994 3239 1088 3302; x_wconf 85' lang='lat' dir='ltr'>video.</span> 
     </span>
    </p>

    <p class='ocr_par' dir='ltr' id='par_1_3' title="bbox 303 3339 1465 3508">
     <span class='ocr_line' id='line_1_28' title="bbox 386 3339 1465 3425; baseline 0.004 -23"><span class='ocrx_word' id='word_1_253' title='bbox 386 3340 465 3403; x_wconf 81' lang='lat' dir='ltr'>lleee</span> <span class='ocrx_word' id='word_1_254' title='bbox 478 3339 630 3404; x_wconf 73' lang='lat' dir='ltr'>hactenns.</span> <span class='ocrx_word' id='word_1_255' title='bbox 656 3340 718 3407; x_wconf 84' lang='lat' dir='ltr'>loro</span> <span class='ocrx_word' id='word_1_256' title='bbox 732 3342 846 3407; x_wconf 87' lang='lat' dir='ltr'>veroid</span> <span class='ocrx_word' id='word_1_257' title='bbox 860 3360 989 3425; x_wconf 71' lang='lat' dir='ltr'>egemus</span> <span class='ocrx_word' id='word_1_258' title='bbox 1005 3341 1089 3407; x_wconf 82' lang='lat' dir='ltr'>curius</span> <span class='ocrx_word' id='word_1_259' title='bbox 1103 3358 1190 3406; x_wconf 83' lang='lat' dir='ltr'>reuse</span> <span class='ocrx_word' id='word_1_260' title='bbox 1205 3340 1262 3407; x_wconf 89' lang='lat' dir='ltr'>boc</span> <span class='ocrx_word' id='word_1_261' title='bbox 1276 3345 1465 3425; x_wconf 71' lang='lat' dir='ltr'>mogrsmme</span> 
     </span>
     <span class='ocr_line' id='line_1_29' title="bbox 303 3440 675 3508; baseline -0.008 -1"><span class='ocrx_word' id='word_1_262' title='bbox 303 3442 390 3507; x_wconf 88' lang='lat' dir='ltr'>nobis</span> <span class='ocrx_word' id='word_1_263' title='bbox 403 3440 595 3508; x_wconf 82' lang='lat' dir='ltr'>scribendum</span> <span class='ocrx_word' id='word_1_264' title='bbox 608 3443 675 3508; x_wconf 78' lang='lat' dir='ltr'>ruit.</span> 
     </span>
    </p>
   </div>
   <div class='ocr_carea' id='block_1_3' title="bbox 302 3710 1493 4562">
    <p class='ocr_par' dir='ltr' id='par_1_4' title="bbox 302 3710 1493 4385">
     <span class='ocr_line' id='line_1_30' title="bbox 372 3710 1465 3787; baseline 0.004 -20"><span class='ocrx_word' id='word_1_265' title='bbox 372 3714 415 3782; x_wconf 81' lang='lat' dir='ltr'>lo)</span> <span class='ocrx_word' id='word_1_266' title='bbox 433 3713 506 3770; x_wconf 75' lang='lat' dir='ltr'>dont.</span> <span class='ocrx_word' id='word_1_267' title='bbox 522 3715 623 3771; x_wconf 80' lang='lat' dir='ltr'>Pindur.</span> <span class='ocrx_word' id='word_1_268' title='bbox 641 3717 728 3772; x_wconf 74' lang='lat' dir='ltr'>lethus.</span> <span class='ocrx_word' id='word_1_269' title='bbox 746 3718 791 3774; x_wconf 84' lang='lat' dir='ltr'>vll</span> <span class='ocrx_word' id='word_1_270' title='bbox 807 3718 896 3785; x_wconf 78' lang='lat' dir='ltr'>(vul),</span> <span class='ocrx_word' id='word_1_271' title='bbox 910 3718 959 3771; x_wconf 79' lang='lat'>1³5</span> <span class='ocrx_word' id='word_1_272' title='bbox 972 3718 1039 3785; x_wconf 73' lang='lat' dir='ltr'>(dits</span> <span class='ocrx_word' id='word_1_273' title='bbox 1057 3710 1087 3779; x_wconf 77' lang='grc' dir='ltr'>δι</span> <span class='ocrx_word' id='word_1_274' title='bbox 1101 3712 1238 3787; x_wconf 61' lang='grc' dir='ltr'><strong><em>Ἴσθμιον</em></strong></span> <span class='ocrx_word' id='word_1_275' title='bbox 1248 3713 1287 3773; x_wconf 82' lang='grc' dir='ltr'><strong><em>δν</em></strong></span> <span class='ocrx_word' id='word_1_276' title='bbox 1297 3715 1390 3778; x_wconf 76' lang='grc' dir='ltr'><strong><em>νάπος</em></strong></span> <span class='ocrx_word' id='word_1_277' title='bbox 1401 3721 1465 3774; x_wconf 82' lang='grc' dir='ltr'>Δω-</span> 
     </span>
     <span class='ocr_line' id='line_1_31' title="bbox 303 3794 1466 3874; baseline 0.003 -21"><span class='ocrx_word' id='word_1_278' title='bbox 303 3799 372 3873; x_wconf 79' lang='grc' dir='ltr'><strong><em>ρίαν</em></strong></span> <span class='ocrx_word' id='word_1_279' title='bbox 387 3794 468 3871; x_wconf 56' lang='lat' dir='ltr'>dispe</span> <span class='ocrx_word' id='word_1_280' title='bbox 486 3801 610 3856; x_wconf 75' lang='grc' dir='ltr'><strong><em>σελίνων.</em></strong></span> <span class='ocrx_word' id='word_1_281' title='bbox 634 3804 728 3857; x_wconf 81' lang='lat' dir='ltr'>llrdenn</span> <span class='ocrx_word' id='word_1_282' title='bbox 743 3805 898 3874; x_wconf 74' lang='lat' dir='ltr'>praepositio</span> <span class='ocrx_word' id='word_1_283' title='bbox 915 3805 1073 3858; x_wconf 74' lang='lat' dir='ltr'>resumenda</span> <span class='ocrx_word' id='word_1_284' title='bbox 1091 3804 1194 3857; x_wconf 83' lang='lat' dir='ltr'>videtur</span> <span class='ocrx_word' id='word_1_285' title='bbox 1208 3803 1284 3874; x_wconf 80' lang='lat' dir='ltr'>Pytb.</span> <span class='ocrx_word' id='word_1_286' title='bbox 1296 3804 1328 3871; x_wconf 88' lang='lat' dir='ltr'>V,</span> <span class='ocrx_word' id='word_1_287' title='bbox 1343 3805 1390 3857; x_wconf 75' lang='lat'>107</span> <span class='ocrx_word' id='word_1_288' title='bbox 1402 3805 1466 3872; x_wconf 77' lang='lat' dir='ltr'>(to),</span> 
     </span>
     <span class='ocr_line' id='line_1_32' title="bbox 303 3885 1462 3960; baseline 0.005 -22"><span class='ocrx_word' id='word_1_289' title='bbox 303 3887 348 3939; x_wconf 90' lang='lat' dir='ltr'>nbi</span> <span class='ocrx_word' id='word_1_290' title='bbox 361 3903 407 3956; x_wconf 88' lang='lat' dir='ltr'>pro</span> <span class='ocrx_word' id='word_1_291' title='bbox 421 3902 452 3939; x_wconf 91' lang='lat' dir='ltr'>eo</span> <span class='ocrx_word' id='word_1_292' title='bbox 465 3889 530 3956; x_wconf 88' lang='lat' dir='ltr'>quod</span> <span class='ocrx_word' id='word_1_293' title='bbox 543 3890 620 3955; x_wconf 73' lang='lat' dir='ltr'>vulgo</span> <span class='ocrx_word' id='word_1_294' title='bbox 632 3886 920 3955; x_wconf 56' lang='lat' dir='ltr'>scribitnrsgssdnollos·</span> <span class='ocrx_word' id='word_1_295' title='bbox 930 3889 990 3959; x_wconf 75' lang='grc' dir='ltr'>τεᾷ,</span> <span class='ocrx_word' id='word_1_296' title='bbox 1005 3888 1011 3958; x_wconf 83' lang='grc' dir='ltr'>Ι</span> <span class='ocrx_word' id='word_1_297' title='bbox 1025 3885 1156 3959; x_wconf 63' lang='grc' dir='ltr'><strong><em>Καρνῆΐ,</em></strong></span> <span class='ocrx_word' id='word_1_298' title='bbox 1169 3886 1199 3944; x_wconf 77' lang='grc' dir='ltr'><strong><em>ἐν</em></strong></span> <span class='ocrx_word' id='word_1_299' title='bbox 1210 3887 1287 3941; x_wconf 76' lang='grc' dir='ltr'><strong><em>δαιτὶ</em></strong></span> <span class='ocrx_word' id='word_1_300' title='bbox 1298 3892 1445 3960; x_wconf 75' lang='grc' dir='ltr'><strong><em>σεβίζομεν</em></strong></span> <span class='ocrx_word' id='word_1_301' title='bbox 1456 3893 1462 3954; x_wconf 89' lang='grc' dir='ltr'>Ι</span> 
     </span>
     <span class='ocr_line' id='line_1_33' title="bbox 302 3968 1463 4047; baseline 0.002 -22"><span class='ocrx_word' id='word_1_302' title='bbox 302 3968 436 4041; x_wconf 71' lang='grc' dir='ltr'><strong><em>Κυράνας</em></strong></span> <span class='ocrx_word' id='word_1_303' title='bbox 450 3968 640 4044; x_wconf 74' lang='grc' dir='ltr'><strong><em>ἀγακτιμέναν</em></strong></span> <span class='ocrx_word' id='word_1_304' title='bbox 659 3971 758 4040; x_wconf 74' lang='grc' dir='ltr'><strong><em>πόλιν,</em></strong></span> <span class='ocrx_word' id='word_1_305' title='bbox 775 3974 934 4027; x_wconf 86' lang='lat' dir='ltr'>scribendum</span> <span class='ocrx_word' id='word_1_306' title='bbox 950 3975 1072 4028; x_wconf 76' lang='lat' dir='ltr'>coniicios</span> <span class='ocrx_word' id='word_1_307' title='bbox 1090 3970 1240 4040; x_wconf 74' lang='grc' dir='ltr'><strong><em>Ἄπολλον,</em></strong></span> <span class='ocrx_word' id='word_1_308' title='bbox 1255 3973 1304 4028; x_wconf 70' lang='grc' dir='ltr'>σεδ</span> <span class='ocrx_word' id='word_1_309' title='bbox 1319 3974 1325 4044; x_wconf 82' lang='grc' dir='ltr'>Ι</span> <span class='ocrx_word' id='word_1_310' title='bbox 1340 3970 1463 4047; x_wconf 71' lang='grc' dir='ltr'><strong><em>Χαρνῆῖ·</em></strong></span> 
     </span>
     <span class='ocr_line' id='line_1_34' title="bbox 303 4054 1493 4131; baseline 0 -17"><span class='ocrx_word' id='word_1_311' title='bbox 303 4055 334 4114; x_wconf 73' lang='grc' dir='ltr'><strong><em>δν</em></strong></span> <span class='ocrx_word' id='word_1_312' title='bbox 345 4055 422 4111; x_wconf 72' lang='grc' dir='ltr'><strong><em>δαιτὶ</em></strong></span> <span class='ocrx_word' id='word_1_313' title='bbox 432 4059 578 4131; x_wconf 70' lang='grc' dir='ltr'><strong><em>σεβίζομεν</em></strong></span> <span class='ocrx_word' id='word_1_314' title='bbox 592 4059 597 4125; x_wconf 89' lang='grc' dir='ltr'>Ι</span> <span class='ocrx_word' id='word_1_315' title='bbox 612 4056 744 4127; x_wconf 71' lang='grc' dir='ltr'><strong><em>Κυράνας</em></strong></span> <span class='ocrx_word' id='word_1_316' title='bbox 755 4054 801 4113; x_wconf 75' lang='lat' dir='ltr'>dv&#39;</span> <span class='ocrx_word' id='word_1_317' title='bbox 816 4055 981 4131; x_wconf 76' lang='grc' dir='ltr'><strong><em>οδιιτιμένον</em></strong></span> <span class='ocrx_word' id='word_1_318' title='bbox 992 4056 1087 4116; x_wconf 73' lang='grc' dir='ltr'><strong><em>πόλιν.</em></strong></span> <span class='ocrx_word' id='word_1_319' title='bbox 1109 4059 1214 4113; x_wconf 77' lang='lat' dir='ltr'>Rectius</span> <span class='ocrx_word' id='word_1_320' title='bbox 1225 4058 1318 4114; x_wconf 69' lang='lat' dir='ltr'>festum</span> <span class='ocrx_word' id='word_1_321' title='bbox 1329 4062 1370 4114; x_wconf 80' lang='lat' dir='ltr'>dei</span> <span class='ocrx_word' id='word_1_322' title='bbox 1381 4060 1465 4130; x_wconf 77' lang='lat' dir='ltr'>spelte</span> <span class='ocrx_word' id='word_1_323' title='bbox 1487 4090 1493 4101; x_wconf 93' lang='lat'>·</span> 
     </span>
     <span class='ocr_line' id='line_1_35' title="bbox 303 4143 1466 4218; baseline 0.001 -19"><span class='ocrx_word' id='word_1_324' title='bbox 303 4143 425 4212; x_wconf 64' lang='lat' dir='ltr'>reltprose</span> <span class='ocrx_word' id='word_1_325' title='bbox 434 4145 562 4198; x_wconf 84' lang='lat' dir='ltr'>eelebrsri</span> <span class='ocrx_word' id='word_1_326' title='bbox 574 4145 753 4212; x_wconf 71' lang='grc' dir='ltr'>(σιριῑεοδιιδ</span> <span class='ocrx_word' id='word_1_327' title='bbox 765 4145 868 4213; x_wconf 80' lang='lat' dir='ltr'>dicitnr,</span> <span class='ocrx_word' id='word_1_328' title='bbox 879 4162 954 4215; x_wconf 74' lang='lat' dir='ltr'>quen</span> <span class='ocrx_word' id='word_1_329' title='bbox 964 4147 1034 4213; x_wconf 83' lang='lat' dir='ltr'>urbs,</span> <span class='ocrx_word' id='word_1_330' title='bbox 1046 4162 1127 4216; x_wconf 72' lang='lat' dir='ltr'>neque</span> <span class='ocrx_word' id='word_1_331' title='bbox 1138 4143 1327 4218; x_wconf 66' lang='grc' dir='ltr'><strong><em>ἅγαιιτῳενσς</em></strong></span> <span class='ocrx_word' id='word_1_332' title='bbox 1334 4148 1466 4217; x_wconf 75' lang='lat' dir='ltr'>epitheton</span> 
     </span>
     <span class='ocr_line' id='line_1_36' title="bbox 302 4228 1467 4303; baseline 0 -16"><span class='ocrx_word' id='word_1_333' title='bbox 302 4238 348 4287; x_wconf 76' lang='lat' dir='ltr'>sut</span> <span class='ocrx_word' id='word_1_334' title='bbox 357 4231 421 4284; x_wconf 85' lang='lat' dir='ltr'>nlibl</span> <span class='ocrx_word' id='word_1_335' title='bbox 431 4240 580 4301; x_wconf 83' lang='lat' dir='ltr'>usurpntrnn</span> <span class='ocrx_word' id='word_1_336' title='bbox 589 4237 637 4284; x_wconf 83' lang='lat' dir='ltr'>sut</span> <span class='ocrx_word' id='word_1_337' title='bbox 646 4231 726 4301; x_wconf 81' lang='lat' dir='ltr'>ipsun</span> <span class='ocrx_word' id='word_1_338' title='bbox 738 4247 784 4301; x_wconf 87' lang='lat' dir='ltr'>per</span> <span class='ocrx_word' id='word_1_339' title='bbox 795 4248 824 4285; x_wconf 91' lang='lat' dir='ltr'>se</span> <span class='ocrx_word' id='word_1_340' title='bbox 836 4232 911 4287; x_wconf 80' lang='lat' dir='ltr'>uelde</span> <span class='ocrx_word' id='word_1_341' title='bbox 921 4232 1051 4303; x_wconf 74' lang='lat' dir='ltr'>prebebile</span> <span class='ocrx_word' id='word_1_342' title='bbox 1062 4241 1112 4288; x_wconf 87' lang='lat' dir='ltr'>est.</span> <span class='ocrx_word' id='word_1_343' title='bbox 1132 4233 1238 4288; x_wconf 85' lang='lat' dir='ltr'>Brevem</span> <span class='ocrx_word' id='word_1_344' title='bbox 1248 4228 1358 4288; x_wconf 67' lang='lat' dir='ltr'>bound</span> <span class='ocrx_word' id='word_1_345' title='bbox 1369 4234 1467 4289; x_wconf 80' lang='lat' dir='ltr'>esltnn</span> 
     </span>
     <span class='ocr_line' id='line_1_37' title="bbox 302 4312 907 4385; baseline 0.003 -15"><span class='ocrx_word' id='word_1_346' title='bbox 302 4312 373 4385; x_wconf 73' lang='grc' dir='ltr'><strong><em>(σεδ)</em></strong></span> <span class='ocrx_word' id='word_1_347' title='bbox 384 4317 497 4371; x_wconf 82' lang='lat' dir='ltr'>tuebitur</span> <span class='ocrx_word' id='word_1_348' title='bbox 509 4317 620 4370; x_wconf 78' lang='lat' dir='ltr'>eiusdem</span> <span class='ocrx_word' id='word_1_349' title='bbox 631 4317 749 4372; x_wconf 71' lang='lat' dir='ltr'>urmiuis</span> <span class='ocrx_word' id='word_1_350' title='bbox 761 4333 853 4373; x_wconf 82' lang='lat' dir='ltr'>versus</span> <span class='ocrx_word' id='word_1_351' title='bbox 865 4319 907 4372; x_wconf 73' lang='lat' dir='ltr'>db.</span> 
     </span>
    </p>

    <p class='ocr_par' dir='ltr' id='par_1_5' title="bbox 302 4402 1465 4562">
     <span class='ocr_line' id='line_1_38' title="bbox 372 4402 1465 4477; baseline 0.001 -20"><span class='ocrx_word' id='word_1_352' title='bbox 372 4402 415 4470; x_wconf 86' lang='lat' dir='ltr'>ll)</span> <span class='ocrx_word' id='word_1_353' title='bbox 431 4402 571 4457; x_wconf 75' lang='lat' dir='ltr'>anbstuso</span> <span class='ocrx_word' id='word_1_354' title='bbox 583 4403 609 4457; x_wconf 86' lang='lat' dir='ltr'>lu</span> <span class='ocrx_word' id='word_1_355' title='bbox 620 4402 660 4458; x_wconf 85' lang='lat' dir='ltr'>lsie</span> <span class='ocrx_word' id='word_1_356' title='bbox 671 4404 789 4459; x_wconf 78' lang='lat' dir='ltr'>versibus</span> <span class='ocrx_word' id='word_1_357' title='bbox 800 4412 908 4459; x_wconf 85' lang='lat' dir='ltr'>metrum</span> <span class='ocrx_word' id='word_1_358' title='bbox 919 4406 996 4459; x_wconf 80' lang='lat' dir='ltr'>etism</span> <span class='ocrx_word' id='word_1_359' title='bbox 1007 4402 1193 4477; x_wconf 69' lang='lat' dir='ltr'>antiquioribus</span> <span class='ocrx_word' id='word_1_360' title='bbox 1205 4405 1354 4477; x_wconf 73' lang='lat' dir='ltr'>qobmdnn</span> <span class='ocrx_word' id='word_1_361' title='bbox 1366 4404 1465 4459; x_wconf 79' lang='lat' dir='ltr'>criticis</span> 
     </span>
     <span class='ocr_line' id='line_1_39' title="bbox 302 4486 1316 4562; baseline 0.006 -20"><span class='ocrx_word' id='word_1_362' title='bbox 302 4486 385 4542; x_wconf 72' lang='lat' dir='ltr'>visun</span> <span class='ocrx_word' id='word_1_363' title='bbox 397 4500 455 4542; x_wconf 84' lang='lat' dir='ltr'>sese</span> <span class='ocrx_word' id='word_1_364' title='bbox 466 4488 642 4544; x_wconf 74' lang='lat' dir='ltr'>uunmntlones</span> <span class='ocrx_word' id='word_1_365' title='bbox 654 4488 829 4545; x_wconf 78' lang='lat' dir='ltr'>demonstrent</span> <span class='ocrx_word' id='word_1_366' title='bbox 840 4489 867 4545; x_wconf 90' lang='lat' dir='ltr'>ln</span> <span class='ocrx_word' id='word_1_367' title='bbox 879 4490 951 4545; x_wconf 82' lang='lat' dir='ltr'>codd.</span> <span class='ocrx_word' id='word_1_368' title='bbox 963 4491 1116 4562; x_wconf 76' lang='lat' dir='ltr'>udsorlptss,</span> <span class='ocrx_word' id='word_1_369' title='bbox 1128 4492 1194 4561; x_wconf 78' lang='lat' dir='ltr'>opud</span> <span class='ocrx_word' id='word_1_370' title='bbox 1205 4490 1316 4548; x_wconf 70' lang='lat' dir='ltr'>lllxiun.</span> 
     </span>
    </p>
   </div>
   <div class='ocr_carea' id='block_1_4' title="bbox 0 0 1650 5152">
    <p class='ocr_par' dir='ltr' id='par_1_6' title="bbox 0 0 1650 5152">
     <span class='ocr_line' id='line_1_40' title="bbox 0 0 1650 5152; baseline 0 0"><span class='ocrx_word' id='word_1_371' title='bbox 0 0 1650 5152; x_wconf 95' lang='lat' dir='ltr'> </span> 
     </span>
    </p>
   </div>
  </div>
 </body>
</html>
