3154 5138
678 493 740 558 315

127 684 264 747 notiones
288 684 416 748 deorum
440 702 490 747 eae
507 690 589 757 sunt,
613 700 684 763 quas
710 687 760 742 ant
783 679 957 761 religionum
977 699 1035 744 usu
1059 689 1110 744 aut
1134 692 1289 762 poetarum

128 787 276 850 anditione
292 795 427 869 acceptas
441 785 620 849 imbibimus.

210 890 282 971 Cap.
302 890 364 965 XV,
384 890 434 953 39.
455 905 744 967 communemque
763 904 881 949 rerum
901 894 1061 950 naturam
1085 888 1289 951 nniversam

130 1004 230 1075 atque
254 994 374 1056 omnia
401 992 720 1056 continentem-
764 989 828 1051 lloc
850 990 882 1051 in
904 989 970 1052 loco
995 1008 1119 1071 prorsus
1142 991 1290 1055 assentior

128 1096 300 1159 lleindortio
315 1095 502 1158 scribendum
518 1113 585 1157 esse
598 1091 939 1171 universitatemque
954 1093 1070 1155 omnia
1085 1103 1187 1169 cont,
1203 1093 1287 1158 cuius

6 1190 7 1193 ’
129 1198 342 1261 emendationis
356 1198 431 1260 ratio
447 1216 538 1279 mum
554 1196 590 1258 ab
610 1195 678 1276 ipso
696 1195 869 1276 planissime
887 1195 1020 1275 exposita
1038 1195 1090 1270 sit,
1112 1196 1182 1258 nolo
1203 1196 1289 1277 qnid-

129 1319 215 1381 qnam
230 1300 353 1374 addere:
372 1299 428 1362 nisi
443 1301 503 1363 boc
516 1306 614 1362 tamen
629 1297 784 1360 dicendum
806 1305 863 1372 est,
883 1297 961 1377 qnod
981 1316 1073 1360 unum
1092 1297 1131 1360 illi
1149 1301 1289 1362 emenda-

129 1402 202 1465 tioni
215 1403 351 1465 lfoserus
366 1403 521 1483 opposuit,
540 1401 698 1464 vernonum
712 1400 772 1462 fere
787 1399 949 1462 eorundem
963 1409 1034 1480 post
1047 1400 1135 1463 breve
1153 1400 1289 1464 interval·

128 1507 190 1568 lum
204 1504 397 1585 repetionem
411 1504 480 1567 buic
492 1504 592 1585 ipsum
607 1503 665 1565 iam
675 1501 877 1564 Heindoriium
890 1502 1056 1564 occurrisse
1069 1503 1288 1584 respondendo,

6 1642 7 1647 κ
129 1615 274 1689 qnantum
289 1607 359 1669 satis
374 1625 439 1670 esse
453 1606 576 1688 sapienti
589 1614 713 1687 poterat

6 1686 7 1723 ³
215 1709 285 1771 Non
299 1709 399 1772 minus
413 1718 490 1772 certa
504 1709 708 1772 emendatione
722 1725 785 1788 esp.
797 1705 884 1781 XVll,
900 1707 941 1767 45
956 1724 1012 1787 pro
1028 1707 1140 1787 vulgata
1151 1708 1289 1772 lectione:

6 1830 7 1833 ¹
127 1812 190 1874 sed
210 1811 253 1874 ad
273 1813 364 1874 banc
383 1812 663 1875 confirmandam
683 1809 890 1892 opinionem
912 1808 1070 1888 anquirit
1093 1811 1233 1873 animus
1257 1820 1291 1873 et

127 1915 280 1975 formam
300 1922 335 1975 et
352 1913 457 1975 vitam
477 1922 510 1976 et
527 1915 704 1978 actionem
723 1912 856 1974 mentis
876 1919 981 1992 atque
1005 1911 1235 1990 agitationem
1255 1913 1290 1974 in

127 2016 486 2079 deo-rescribendum
512 2026 558 2080 est
582 2017 674 2078 ritae
699 2013 878 2077 actionem
903 2012 1100 2093 mentisque
1118 2014 1289 2093 agitatio-

127 2138 219 2181 nem:
239 2137 328 2200 quam
347 2119 581 2183 emendationem
596 2126 768 2199 occupatam
788 2114 872 2177 video
889 2114 1022 2177 alleierc
1041 2115 1078 2178 ed
1092 2114 1122 2178 C.
1138 2116 1175 2178 de
1189 2116 1245 2180 Off.
1264 2118 1291 2193 1,

128 2224 157 2295 5,
174 2222 215 2282 17
222 2242 230 2295 ;
251 2222 381 2284 rationes
396 2230 493 2285 autem
509 2222 571 2284 eius
587 2232 646 2283 tam
661 2226 778 2300 apertae
793 2224 872 2291 sunt,
888 2226 921 2278 ut
935 2214 977 2277 eis
991 2216 1168 2297 explicandis
1183 2237 1290 2300 super-

127 2324 224 2386 sederi
239 2342 331 2404 posse
345 2334 457 2405 putem.

214 2425 284 2506 cap.
301 2425 400 2502 lllllll,
416 2426 466 2488 te.
480 2426 658 2508 Epicurus
673 2433 803 2498 autem,
819 2422 878 2504 qui
893 2441 949 2485 res
965 2423 1122 2486 occultas
1138 2432 1171 2486 et
1184 2424 1288 2504 peni·

128 2536 186 2591 tus
203 2528 347 2591 abditas
361 2546 433 2591 non
447 2529 551 2591 modo
571 2528 702 2591 viderit
720 2526 852 2601 auimo,
872 2525 933 2586 sed
955 2524 1060 2587 etiam
1079 2525 1133 2587 sic
1151 2533 1289 2600 tractet,

128 2639 168 2693 nt
181 2649 292 2693 manu
308 2649 373 2693 nos
388 2631 506 2707 ducat,
524 2631 629 2695 docet
644 2649 715 2693 cam
731 2648 811 2692 esee
824 2628 891 2689 rim
911 2636 945 2689 et
958 2636 1118 2691 naturam
1134 2628 1289 2705 deorum,

129 2733 409 2813 etprimumnon
422 2729 1289 2812 sensusedmentecernatur,necsoliditateqna·

128 2835 207 2897 dam
226 2852 292 2895 neo
311 2835 352 2896 ad
371 2853 570 2911 numerum,
597 2846 698 2910 ntea,
723 2853 810 2915 quae
829 2831 887 2894 ille
910 2840 1060 2913 propter
1079 2833 1288 2896 firmitatem

127 2930 339 3020 στερέμνια
352 2937 519 3019 appellat,
535 2938 595 3001 sed
611 2936 827 3017 imaginibus
842 2933 1085 2997 similitudine
1100 2944 1134 2999 et
1148 2935 1288 2999 transi·

127 3039 227 3101 tione
240 3039 437 3120 perceptis:
451 3059 554 3120 quum
569 3040 710 3103 infinita
723 3038 987 3101 simillimorum
1002 3037 1288 3121 imaginumspe·

127 3141 200 3202 cies
216 3159 257 3202 ex
273 3140 594 3205 innumerabilibus
608 3142 804 3206 individuis
820 3140 1043 3204 existatetad
1056 3141 1289 3216 deosaffluat‚

126 3262 204 3307 cum
223 3243 386 3305 maximis
406 3244 651 3326 voluptatibus
667 3247 702 3308 in
720 3264 780 3307 eas
799 3242 972 3323 imagines
992 3253 1143 3308 mentem
1167 3246 1288 3310 inten-

5 3384 7 3429 :
127 3356 199 3409 tam
223 3345 442 3427 infixamque
463 3357 624 3411 nostram
648 3346 925 3427 intelligentiam
952 3366 1094 3428 capere,
1125 3367 1214 3430 quae
1241 3350 1290 3412 sit

125 3449 232 3512 beata
246 3457 371 3511 natura
386 3458 420 3512 et
435 3459 588 3514 aeterna.
603 3486 646 3497 —
674 3449 787 3513 Locum
803 3451 882 3512 lrnnc
896 3450 1028 3512 omniurn
1045 3449 1246 3514 difficillimum
1261 3461 1290 3515 et

128 3552 214 3615 onius
227 3560 335 3614 certam
347 3552 544 3634 omnibusque
553 3553 684 3616 numeris
696 3552 861 3615 absolutam
871 3552 1138 3634 interpretationem
1149 3552 1196 3615 rix
1207 3552 1290 3634 quia·

127 3672 229 3736 quarn,
244 3672 300 3734 ego
316 3663 393 3717 certe
408 3655 466 3717 boo
476 3663 611 3736 tempore
625 3674 794 3738 proponere
806 3673 867 3718 non
882 3672 1017 3738 possum,
1034 3654 1128 3735 aliqua
1142 3664 1241 3718 tamen
1254 3675 1290 3719 ex

126 3765 213 3838 parte
232 3756 450 3820 emendandum
469 3778 536 3821 esse
556 3775 671 3820 censeo.
706 3759 898 3839 deprimam
924 3755 1041 3837 quidem
1066 3755 1221 3820 delendum
1245 3765 1291 3821 est

127 3861 193 3923 sine
208 3858 298 3922 dubio
313 3857 415 3922 inutile
429 3860 657 3923 additamentum
676 3879 742 3923 nos
764 3861 881 3933 ducat,
900 3877 961 3921 non
980 3859 1094 3922 aliunde
1113 3858 1182 3922 illud
1202 3878 1290 3941 quam

127 3981 164 4025 ex
176 3960 364 4024 ldrrariornm
379 3979 478 4024 errore
493 3971 609 4037 natum,
631 3982 757 4044 quornm
774 3961 891 4043 aliquis,
912 3980 1001 4042 quum
1017 3980 1072 4044 pro
1093 3962 1196 4026 docet
1215 3963 1290 4026 sori·

127 4063 241 4146 psisset
259 4063 375 4139 ducat,
394 4082 428 4127 ac
441 4064 546 4129 deinde
560 4084 577 4128 a
593 4075 758 4128 consotore
772 4064 842 4127 illud
864 4064 987 4127 alterum
1006 4063 1037 4126 in
1056 4064 1186 4144 margine
1203 4076 1290 4129 nota·

127 4177 193 4229 tum
207 4174 295 4240 esset,
310 4165 415 4228 accidit
429 4185 513 4243 mox,
529 4178 561 4232 nt
574 4168 605 4230 in
620 4176 757 4232 mntexm
773 4175 929 4249 utrarmqne
946 4175 1118 4247 poneretur:
1134 4167 1165 4230 in
1181 4166 1292 4249 aliquot

125 4276 226 4331 antem
242 4267 393 4331 codicibus
408 4268 532 4332 doceat
545 4271 654 4347 solnm,
669 4290 732 4335 non
746 4272 866 4345 ducat,
882 4270 1026 4350 scriptum
1040 4278 1094 4345 est,
1108 4270 1191 4333 cuius
1206 4286 1290 4332 erro·

124 4370 168 4433 ris
187 4389 265 4451 quae
282 4388 371 4432 cansa
389 4369 488 4445 fuerit,
513 4374 596 4437 facile
614 4375 790 4456 intelligitur.
824 4373 993 4436 Pronomen
1014 4372 1140 4452 denique
1162 4389 1230 4433 nos
1255 4389 1290 4433 ea

124 4472 227 4555 pautu's
243 4471 420 4553 quibusdam
435 4473 582 4539 codicibus
596 4479 726 4558 primum
740 4497 757 4539 a
772 4475 910 4538 Turnebo
925 4485 954 4536 et
965 4474 1117 4548 bembino,
1132 4473 1236 4535 dmnde
1251 4471 1288 4534 ab
