3222 5148
663 350 814 450 Q

159 542 282 623 stirpom
301 539 536 625 pronominaleua
559 559 625 604 esse
644 542 813 616 credamus,
834 544 848 603 i
865 539 1012 616 vocalem,
1036 540 1114 604 undo
1132 541 1163 603 in
1178 541 1320 604 sanserita

158 643 281 726 aliisque
300 644 407 725 linguis
428 645 558 724 cognatis
574 646 752 725 pronomina
766 652 829 707 orta
845 663 908 705 esse
919 643 1061 706 videmus.
1093 644 1136 706 Ex
1150 644 1207 707 hac
1220 645 1317 726 igitur,

159 765 227 808 eum
243 746 420 826 aspiratione
435 746 574 826 gutturali
588 746 744 829 additaque
759 748 966 810 terminatione
982 748 1101 819 dentali‚
1122 758 1143 822 t,
1159 766 1233 829 quae
1248 748 1319 813 alias

159 866 278 931 quoque
297 850 410 910 neutris
429 849 641 929 pronominum
661 852 782 931 propria
803 859 862 925 est,
884 850 1015 912 extitisse
1031 851 1099 924 ihc,
1115 850 1191 912 ioht
1205 858 1235 912 et
1249 869 1317 913 cum

158 952 313 1031 negatione
333 969 376 1013 ne
395 950 466 1024 ibt,
491 968 533 1012 no
556 951 647 1026 icht,
668 953 778 1015 nicht.
813 954 847 1015 ln
869 952 959 1015 altera
979 961 1078 1016 autem
1101 953 1197 1015 forma
1219 954 1317 1029 wiht,

158 1055 255 1117 vaiht
277 1055 433 1138 praelixam
455 1053 588 1116 videmus
607 1054 741 1117 labialem
762 1057 983 1131 semivocalem,
1006 1056 1129 1118 eandem
1151 1074 1225 1136 quae
1247 1056 1317 1119 alias

157 1157 244 1219 etiarn
260 1174 327 1218 oum
344 1156 521 1235 aspiratione
536 1166 687 1236 comparet
701 1158 731 1218 in
749 1159 825 1221 wha
840 1158 997 1231 aethna,
1012 1158 1316 1240 significationemque

156 1257 245 1321 habet
263 1259 353 1320 modo
373 1258 556 1321 indefinitam
571 1261 660 1322 modo
676 1261 923 1342 interrogativam.
954 1261 997 1322 Er
1010 1261 1065 1323 hac
1079 1261 1167 1341 igitur
1181 1268 1211 1323 et
1225 1261 1316 1324 altero

156 1361 207 1423 illo
227 1361 295 1434 iht,
317 1361 392 1423 ioht
412 1363 531 1440 prodire
553 1370 715 1442 potuerunt
730 1364 889 1437 va·ih-t‚
910 1364 1011 1437 wiht,
1033 1371 1146 1428 etcum
1162 1366 1316 1446 negatione

156 1464 335 1540 ni·vaiht,
351 1465 509 1526 ni-wiht.
541 1464 746 1529 Coniecturam
762 1467 838 1529 hano
853 1485 918 1529 esso
931 1467 1041 1542 fateor3
1057 1485 1156 1529 verant
1167 1475 1316 1549 praestare

154 1584 216 1629 non
231 1565 342 1640 ausim3
362 1567 439 1629 haud
456 1566 613 1629 absurdam
628 1576 728 1630 tamen
743 1588 808 1631 esse
822 1587 919 1650 spero.
950 1570 1053 1651 Neque
1067 1570 1140 1633 illud
1154 1570 1315 1633 verendum

154 1688 220 1732 esse
241 1669 354 1749 putavi,
378 1687 471 1749 quum
492 1670 522 1730 in
541 1669 615 1732 libro
638 1672 674 1733 de
694 1680 782 1752 partt.
804 1680 877 1735 orat.
898 1693 927 1757 p.
947 1674 1016 1735 155.
1033 1673 1136 1749 wiht,
1159 1673 1315 1736 wichten

153 1771 303 1833 indefinito
319 1770 375 1833 iht
393 1771 469 1834 ieht
486 1791 555 1835 cum
566 1773 662 1836 labiali
677 1776 804 1855 praefixo
820 1784 919 1838 ortum
935 1775 1026 1838 videri
1041 1775 1178 1849 dicerem,
1195 1777 1314 1857 nequis

154 1874 227 1937 mihi
251 1874 311 1937 hoc
333 1876 494 1954 praefixum
520 1874 556 1935 do
578 1876 669 1937 nihilo
691 1878 775 1958 quasi
795 1877 947 1939 advolasse
967 1878 1062 1940 risum
1082 1897 1148 1939 esse
1171 1878 1312 1940 crederet.

152 1979 276 2041 Factum
303 1984 403 2039 umen
427 1977 484 2038 hoc
509 1984 555 2038 est
578 1998 596 2040 a
615 1978 714 2041 Leorm
733 1979 859 2059 hisvero,
886 1979 936 2060 qui
955 1979 1025 2041 illud
1048 1999 1167 2061 quoque
1187 1981 1313 2044 ioculare

153 2081 270 2156 adiecit,
298 2081 402 2143 eodem
423 2079 487 2142 iure
506 2098 542 2142 er
563 2099 613 2153 eo,
639 2081 717 2162 quod
737 2091 896 2155 estesse,
923 2081 1019 2145 labiali
1039 2084 1134 2145 littera
1156 2083 1314 2147 accedente

152 2203 273 2247 vvesen
289 2193 387 2246 ortrtm
404 2183 460 2245 dici
475 2201 573 2262 posse.
595 2181 712 2246 hlallem
728 2184 917 2266 abstinuisset
928 2185 994 2248 ioco
1005 2194 1066 2248 tam
1077 2186 1200 2260 insulso,
1216 2204 1313 2268 nequa

152 2287 325 2353 cavillatoria
346 2287 445 2367 potius
465 2285 584 2367 maligni
603 2305 691 2367 quam
713 2288 844 2350 censoris
864 2288 957 2350 severi
978 2306 1136 2372 personam
1159 2289 1312 2352 induisset

152 2392 337 2472 Quamquam
352 2389 443 2452 etiam
457 2389 507 2451 ubi
519 2406 673 2451 censorem
684 2409 726 2463 se,
742 2407 802 2451 nou
814 2389 1016 2463 ioculatorem,
1032 2390 1202 2465 viderivult,
1217 2391 1311 2453 nimia

153 2495 282 2576 quadam
297 2491 474 2556 confidentia
488 2500 519 2552 et
533 2492 698 2572 arrogantia
712 2498 897 2554 transversus
909 2493 954 2572 agi
964 2492 1049 2565 solet,
1065 2492 1250 2575 nimiumque
1264 2494 1312 2556 sib

150 2598 270 2680 placens
291 2604 322 2659 et
340 2613 405 2657 sese
425 2611 520 2657 unum
540 2611 624 2655 verae
645 2594 780 2657 methodi
801 2601 970 2675 compotem
992 2614 1057 2657 esse
1078 2596 1204 2671 iactans,
1231 2597 1311 2671 alios,

152 2719 227 2780 quos
247 2718 264 2760 a
282 2718 314 2761 se
335 2696 491 2760 dissentire
511 2696 605 2770 videt,
625 2696 733 2759 erroris
753 2705 784 2760 et
805 2697 934 2760 inscitiae
955 2715 1091 2759 accusare
1107 2699 1311 2781 potiusquam

149 2799 314 2865 rationibus
329 2800 501 2863 convincere
516 2808 605 2871 amat,
625 2800 741 2863 oracula
756 2819 810 2863 sua
826 2801 908 2880 quasi
923 2800 960 2863 de
975 2800 1090 2881 tripode
1105 2803 1310 2880 pronuntians.

148 2904 238 2985 Atqui
257 2902 352 2982 tripus
371 2902 418 2963 ille
437 2919 497 2963 non
514 2902 656 2983 Apollinis
672 2911 730 2976 est,
752 2912 831 2967 certo
846 2922 907 2966 non
922 2905 994 2977 eius,
1011 2922 1101 2985 quem
1118 2913 1229 2967 veteres
1243 2913 1311 2969 tan·

149 3026 239 3089 quana
260 3005 420 3068 veridicum
442 3004 595 3077 colebant,
616 3004 666 3066 sed
687 3005 760 3067 alius
780 3006 906 3069 fortasse
928 3006 1078 3069 cuiusdam
1097 3006 1231 3086 Sphuri
1250 3008 1311 3070 sive

149 3110 288 3191 Spurii,
304 3127 393 3189 quem
405 3108 467 3187 ipse
479 3107 583 3170 alicubi
595 3126 649 3191 pro
660 3108 793 3191 Apolline
805 3110 890 3172 nohis
902 3110 1052 3173 venditare
1064 3118 1187 3172 conatus
1199 3111 1308 3187 est²⁷).

146 3214 240 3276 Huius
262 3212 350 3292 igitur
364 3210 463 3293 Spurii
477 3210 504 3272 si
518 3211 693 3292 prophetam
708 3230 740 3274 se
755 3212 857 3276 haberi
872 3214 1016 3295 postulat,
1038 3214 1174 3294 equidem
1188 3230 1248 3276 non
1262 3212 1309 3275 in-

145 3317 327 3482 arogast&
343 3418 656 3503 crypnrswarataa
671 3419 735 3482 ran.
749 3418 808 3481 tur.
823 3382 1031 3482 nooccuxv.

145 3536 348 3548 -u-—n-

145 3587 238 3651 aciam‚
256 3584 307 3637 alio
324 3587 447 3639 vocabulo
459 3588 519 3640 hinc
531 3589 646 3641 derivato
661 3589 789 3641 obiicitur.
825 3586 898 3654 (Nam
910 3587 981 3652 goth.
1000 3585 1309 3655 lhma(spiritus)d1vor-

145 3687 188 3726 sac
201 3672 289 3740 stirpis
302 3687 359 3722 esse
370 3676 493 3739 apparet).
516 3673 655 3741 Populares
668 3683 751 3727 antem
765 3672 847 3724 nostri
858 3681 902 3724 ant
914 3673 992 3738 ioht,
1007 3673 1136 3723 ichtons
1149 3673 1244 3736 dicunt,
1256 3680 1308 3738 aut,

144 3761 167 3812 oi
183 3758 281 3826 mando
298 3773 432 3808 consonam
449 3768 613 3826 praeponunt,
631 3776 680 3810 non
699 3767 739 3811 est
750 3757 795 3810 ilia
808 3758 908 3809 labialis
920 3772 954 3822 w,
966 3758 1011 3809 scd
1023 3765 1130 3822 cognata
1143 3774 1198 3809 curn
1210 3758 1219 3808 i
1231 3758 1308 3809 sami·

143 3844 239 3896 vocalia
249 3843 270 3909 j,
282 3859 338 3893 nam
347 3843 358 3909 j
367 3842 487 3895 ichtans
501 3846 565 3896 satis
578 3861 654 3911 saepo
666 3846 762 3910 audias,
775 3859 898 3911 nunqnam
910 3844 1080 3895 wiobtans.
1101 3841 1156 3896 Nec
1168 3843 1240 3895 video
1253 3860 1307 3909 cnr,

142 3931 243 3983 etiarnsi
256 3930 342 3983 codem
355 3943 440 3993 semu,
452 3945 501 3996 quo
515 3931 620 3994 nicht,
632 3930 693 3982 olim
706 3932 782 3983 ctiam
794 3932 824 3981 ni
837 3931 913 3981 wiht
925 3929 1066 3993 dicebatur,
1077 3928 1139 3980 illud
1151 3930 1210 3980 hinc
1221 3930 1306 3997 potins

143 4033 215 4083 quam
233 4032 247 4068 a
265 4013 373 4083 simplici
390 4030 425 4065 nc
443 4015 511 4067 ioht
524 4015 602 4077 (avoc.
615 4015 696 4080 lehc)
709 4024 793 4068 ortum
805 4023 958 4080 statuamus,
975 4031 1054 4082 nequo
1067 4031 1238 4084 comparemus
1251 4030 1307 4067 oum

142 4102 246 4154 zendioo
259 4102 362 4168 no-id,
374 4101 527 4153 sanseritieo
541 4098 597 4152 adt
609 4116 641 4152 en
654 4101 752 4165 raa-it,
764 4101 794 4152 de
806 4101 895 4168 quibua
908 4100 959 4152 vid.
969 4101 1046 4169 Bopp.
1058 4116 1097 4165 gr.
1110 4100 1134 4167 l.
1144 4100 1202 4153 360.
1213 4114 1238 4164 p.
1249 4099 1307 4152 162.

142 4196 169 4241 et
180 4187 206 4255 ὅ.
219 4187 276 4239 371.
288 4205 312 4255 p.
329 4187 385 4239 179.

210 4273 252 4341 at)
272 4274 331 4327 Vid.
344 4273 375 4327 L.
388 4273 492 4344 Meyer,
504 4273 622 4340 Roitriipo
634 4288 681 4325 zur
693 4272 792 4326 'a'lteron
804 4273 978 4341 griechischen
992 4270 1154 4341 llqthologia
1165 4287 1190 4337 p.
1203 4269 1245 4329 25.
