3284 5152
354 1689 779 1787 ANIMADVERSIONES
810 1685 1150 1785 nloufflducte

260 2043 421 2106 Consilium
444 2052 506 2106 erat
528 2042 580 2107 diu
604 2042 802 2105 intermissam
827 2036 1001 2119 Euripidese
1020 2036 1099 2099 lonis
1117 2036 1333 2101 enarrationem

175 2146 232 2209 hoe
244 2153 379 2227 tempore
395 2162 559 2219 resumere,
582 2152 612 2206 et
632 2142 883 2226 quemadmodum
903 2140 998 2203 tribus
1018 2142 1245 2221 programmatis
1264 2155 1333 2201 ann.

175 2246 374 2321 eumenis,
392 2246 565 2311 MDCCCLX
585 2254 616 2309 et
634 2243 821 2307 nuceum
840 2243 927 2307 editis
949 2242 1106 2325 prologum
1126 2242 1191 2305 eius
1209 2242 1335 2316 fabulae,

176 2351 305 2433 primum
318 2352 464 2414 mutierem
476 2357 507 2414 et
522 2349 604 2414 olori
618 2347 762 2430 paredum
777 2345 960 2428 interpretati
974 2364 1092 2420 sumus,
1111 2344 1154 2407 sio
1174 2364 1254 2412 nune
1273 2348 1334 2430 pri-

176 2471 260 2516 mum
274 2452 440 2533 episodium
455 2459 644 2536 pertrectare,
661 2452 741 2533 quod
757 2457 802 2512 est
816 2469 832 2513 a
846 2469 872 2511 r.
889 2448 951 2513 237
966 2450 1001 2510 ad
1022 2450 1101 2526 4513
1121 2450 1172 2513 sed
1193 2449 1335 2512 interces-

176 2563 280 2618 serunt
289 2572 394 2618 rursus
409 2553 478 2617 huie
492 2553 614 2617 oonsilio
630 2553 724 2617 variae
738 2571 850 2626 enneae,
867 2570 940 2633 quas
951 2570 1185 2617 commemorare
1198 2552 1258 2615 hoe
1272 2550 1337 2613 loeo

177 2656 250 2720 nihil
266 2675 342 2739 opus
357 2661 411 2718 esl.
441 2655 543 2736 ltaque
557 2673 595 2718 ne
609 2673 732 2738 prorsus
746 2663 847 2719 tamen
862 2654 926 2718 sine
940 2654 1039 2736 aliquo
1058 2661 1165 2718 nostro
1184 2653 1337 2735 prooemio

176 2758 225 2821 hie
238 2758 324 2821 index
339 2757 506 2820 seltolarum
517 2757 657 2839 prodiret,
672 2776 846 2840 expromere
860 2757 976 2821 notulas
991 2760 1133 2840 quasdam
1148 2757 1338 2820 diorllrolieas

177 2859 335 2924 susumus
349 2859 459 2923 dudum
476 2860 505 2921 in
520 2859 714 2923 oonieotaneis
728 2859 838 2923 nostris
852 2858 1066 2935 delitescentes,
1082 2877 1142 2924 non
1157 2877 1260 2923 omnes
1274 2857 1337 2921 lor·

178 2970 257 3026 tasse
270 2962 457 3035 reieetaneas,
473 2970 538 3036 aut,
552 2963 578 3024 si
595 2962 667 3025 nihil
686 2961 778 3036 alind,
801 2961 919 3044 pagellis
937 2962 1040 3043 sallem
1061 2962 1173 3045 aliquot
1192 2959 1339 3046 periturae

178 3064 295 3127 chartae
309 3064 466 3147 implendis
481 3065 663 3128 sulleeturas.
694 3065 814 3128 initium
830 3069 881 3128 llet
894 3064 931 3126 ab
945 3063 1026 3128 lonis
1041 3065 1116 3138 loeo,
1128 3065 1159 3128 in
1174 3062 1261 3148 primi
1277 3070 1338 3126 sta·

179 3165 246 3229 simi
260 3166 365 3248 epodo,
378 3186 404 3228 v.
421 3165 483 3230 498
499 3166 574 3246 (512
589 3167 714 3246 Herm),
728 3166 780 3230 nbi
794 3167 942 3249 nymphae
956 3166 1125 3248 lqrsulides
1144 3165 1250 3230 saltere
1272 3173 1339 3228 ants

179 3266 323 3330 llinerrse
337 3268 440 3331 sedem
456 3269 593 3332 dicuntur

580 3362 741 3454 συρίγγων

381 3462 437 3534 ὑπ’
460 3464 576 3548 αἰόλας
597 3464 693 3550 ἰαχᾶς

383 3564 500 3654 ὕμνων,
523 3565 603 3637 ὅταν
625 3564 756 3650 muoso

381 3669 522 3758 σαρίζῃς,
545 3661 573 3738 ὦ
594 3668 677 3751 Πάν,

385 3774 473 3839 τοῖσι
496 3775 567 3852 σοῖς
589 3770 623 3840 ἐν
645 3769 784 3861 ἄκραις.

187 3877 265 3941 llaeo
278 3877 330 3959 qui
343 3894 414 3941 sans
428 3897 492 3942 esse
502 3879 689 3943 erediderunt
699 3899 760 3944 non
771 3880 949 3963 quaesivisse
960 3880 1104 3955 ridentur,
1115 3898 1174 3961 quo
1184 3880 1248 3945 iore
1258 3881 1343 3944 listu-

190 4074 287 4164 i'psos
302 4086 464 4148 earmina
478 4092 593 4147 tantum
609 4085 704 4147 vocari
719 4086 822 4149 solent.
854 4085 946 4160 Unus,
963 4087 1043 4167 quod
1057 4086 1163 4159 seiam,
1179 4085 1346 4148 Badhamus

186 4194 359 4269 corruptum
374 4189 472 4251 loeum
487 4206 555 4250 esse
569 4186 789 4264 animsdsertit3
804 4189 856 4252 sed
869 4208 943 4271 quae
957 4189 993 4252 ab
1008 4209 1044 4252 eo
1053 4189 1229 4274 proponitur
1242 4204 1348 4251 emen·

188 4286 278 4359 datio,
293 4288 453 4368 ποίμναις
462 4308 517 4372 pro
532 4282 650 4370 ipsos,
673 4289 785 4351 nemini
804 4290 887 4353 laoile
905 4291 1085 4371 probabitur.
1123 4290 1267 4372 Equidem
1286 4307 1348 4352 non

187 4387 290 4452 dubito
303 4389 376 4471 quin
389 4390 515 4472 μίμνων
525 4391 713 4455 scribendum
724 4391 772 4465 sit,
787 4399 907 4466 mutata,
924 4398 957 4455 ut
969 4411 1022 4476 par
1032 4400 1087 4469 est,
1099 4393 1347 4476 interpunctione.

191 4489 347 4652 Palem
363 4491 424 4573 ipse
439 4511 507 4557 mm
522 4492 659 4577 nymphis
669 4493 775 4558 saltare
789 4492 904 4569 solitus,
920 4489 1079 4581 Νύμφαις
1101 4484 1230 4658 {zadic
1253 4485 1349 4581 ὀρχη-
