3190 5136
843 433 903 496 160

778 519 858 528 -..-.

293 620 389 700 posita
404 629 474 683 sunt
484 621 611 701 arripere
625 618 726 707 nolint,
739 617 857 698 longius
872 624 985 680 remota
1000 625 1150 698 quaerent,
1169 617 1281 682 scilicet
1294 617 1458 700 sagacitatis

291 722 407 785 laudem
422 743 457 785 ex
472 723 519 785 his
534 721 675 784 maiorem
691 721 757 782 lore
772 720 837 782 rati.
1526 734 1531 739 ·

375 826 529 907 Aliquanto
549 825 616 905 plus
636 823 743 904 negotii
762 823 912 885 lacessunt
931 822 1046 903 priores
1061 823 1226 904 tragoediae
1240 832 1340 905 partes
1355 823 1456 886 indes

289 929 402 1009 parodo
423 929 505 991 chori
524 947 618 1008 usque
637 928 672 990 ad
693 933 828 1006 quartum
848 945 872 986 s.
888 925 1067 989 Cassandrae
1086 927 1267 1008 episodium‚
1292 919 1325 987 in
1344 926 1455 1007 quibus

289 1040 406 1111 praeter
423 1031 546 1093 leviores
566 1030 708 1112 quasdam
730 1028 913 1109 corruptelas
931 1047 992 1090 non
1011 1047 1103 1109 pauca
1128 1037 1187 1092 tam
1207 1030 1333 1110 graviter
1351 1030 1454 1091 affecta

288 1141 367 1207 sunt,
394 1134 425 1195 in
436 1133 546 1195 melicis
561 1132 742 1214 praesertim,
756 1138 790 1193 ut
804 1130 929 1193 decerta
945 1140 1031 1212 atquo
1045 1131 1225 1195 indubitabili
1239 1132 1453 1207 emendatione,

287 1235 344 1296 nisi
359 1236 476 1316 quando
487 1235 621 1298 moderes
632 1235 749 1297 codices
760 1233 868 1314 reperti
877 1234 992 1309 fuerint,
1006 1234 1222 1316 desperandum
1235 1235 1451 1300 essevideatur.

286 1337 385 1400 Dicam
399 1357 479 1400 nunc
492 1357 554 1400 non
570 1338 686 1420 quidem
702 1338 738 1399 de
753 1336 902 1410 omnibus,
917 1336 968 1398 sed
980 1337 1017 1399 de
1027 1337 1202 1419 praecipuis,
1217 1357 1356 1401 versuum
1368 1337 1452 1401 ordi-

285 1458 353 1501 nem
369 1458 504 1521 sequens.
536 1441 636 1521 ltaque
650 1440 680 1501 in
695 1438 885 1519 anapaesticis
900 1457 925 1500 r.
942 1437 983 1499 97
1000 1457 1064 1521 sqq.
1079 1439 1130 1502 ubi
1145 1439 1255 1503 chorus
1264 1439 1449 1521 Clytaemne-

286 1551 377 1605 stram
392 1542 562 1624 alloquitur:

486 1655 609 1726 τούτων
630 1651 739 1738 λέξασ’
763 1651 784 1723 ὅ
803 1679 839 1721 υι
860 1654 918 1721 καί
940 1653 1079 1723 δυνατόν

484 1759 542 1827 καί
562 1756 665 1844 θέμις
687 1752 788 1824 αἰνεῖν

485 1856 596 1927 παίων
616 1884 653 1927 τε
675 1860 767 1945 γενοῦ
786 1857 888 1947 τῆσδε
908 1853 1074 1949 μερίμνης,

283 2004 345 2047 non
354 1986 487 2048 offendor
501 1985 636 2065 equidem
650 1981 786 2045 liberiore
801 1981 959 2044 verborum
971 1989 1126 2056 structura,
1142 2002 1197 2063 qua
1212 1992 1328 2064 praeter
1341 2002 1446 2047 neces-

283 2089 398 2150 sitatem
413 2082 451 2150 cd
465 2086 605 2168 particula
620 2085 718 2147 addita
733 2087 826 2162 osv),
849 2084 901 2145 sed
916 2083 1091 2146 infinitimm
1106 2085 1186 2146 illum
1207 2077 1309 2148 αἰνεῖν
1322 2105 1445 2167 permu-

233 2203 263 2253 ιιι
283 2190 403 2252 tandum
429 2208 494 2252 esse
519 2189 565 2251 aio
591 2206 658 2249 cum
677 2187 766 2248 verbo
789 2187 871 2248 finito
892 2177 986 2249 αἰνεῖ.
1031 2187 1174 2249 Tolerunt
1195 2188 1369 2252 infinitivum
1393 2190 1446 2270 qui

284 2283 386 2353 αἰνεῖν
400 2289 477 2352 idem
498 2288 576 2369 quod
592 2282 711 2369 λέγειν,
739 2281 858 2371 δηλοῦν
876 2287 987 2368 aliaque
1005 2286 1152 2351 indicandi
1172 2291 1259 2353 verba
1279 2291 1446 2371 significare

279 2411 369 2472 posse
383 2392 581 2463 crediderumt,
601 2389 680 2471 quod
696 2389 767 2450 mibi
789 2408 874 2451 secus
890 2388 1097 2463 emendetur,
1115 2410 1245 2472 quaeque
1259 2392 1295 2454 ad
1310 2392 1445 2473 proban-

277 2494 343 2555 dam
359 2493 445 2556 istam
460 2491 633 2555 sententiam
649 2493 781 2565 aderunt
797 2490 895 2553 omnia
910 2490 1016 2553 diversi
1031 2492 1143 2571 generis
1158 2500 1236 2555 sunt.
1263 2493 1347 2556 Velut
1361 2496 1442 2575 quod

277 2616 292 2658 a
308 2596 463 2659 illausenio
479 2593 592 2668 citatur,
606 2595 659 2672 dg.
673 2613 700 2653 v.
719 2592 809 2667 1449,
825 2579 848 2677 ἦ
861 2587 1017 2675 μέγαν-
1033 2586 1173 2673 δαίμονα
1187 2589 1244 2657 καὶ
1258 2589 1444 2682 βαρύμηνιν

276 2691 391 2777 αἰνεῖς,
409 2698 475 2761 licet
493 2696 638 2777 potuisset
653 2695 739 2757 etiam
754 2688 860 2776 λέγεις
875 2695 944 2770 δῖοί,
960 2705 1056 2759 tamen
1073 2688 1175 2772 αἰνεῖς
1188 2698 1339 2761 fortiorem
1354 2698 1444 2762 habet

275 2799 512 2881 praedicandi
531 2798 698 2872 notionem,
719 2816 793 2878 quae
812 2797 841 2859 in
862 2797 952 2860 altero
972 2817 1035 2860 non
1049 2799 1135 2861 inest.
1178 2800 1308 2881 Cboeph.
1323 2820 1349 2864 r.
1368 2802 1441 2877 187,

275 2898 340 2986 ἐγώ
358 2895 389 2965 δ’
407 2894 502 2976 ὅπως
514 2896 573 2979 μὲν
590 2891 740 2985 ἰίιτικρυς
753 2891 831 2961 coid’·
846 2892 965 2962 αἰνέσω
979 2936 1022 2946 -
1036 2911 1082 2964 est
1096 2901 1116 2963 i.
1130 2922 1158 2982 q.
1174 2904 1381 2983 approbem,
1403 2907 1443 2968 de

276 3006 442 3067 coniectura
463 3010 529 3064 ante
548 3001 711 3081 proposita.
754 3000 797 3062 lb.
818 3021 844 3062 v.
860 3001 923 3065 276
938 3002 1124 3066 Hermannus
1143 3014 1223 3067 recte
1243 3007 1363 3088 scripsit
1375 3004 1442 3084 τάς

276 3098 310 3168 δ’
337 3098 454 3169 αἰνῶν
479 3097 607 3177 νόσους,
628 3092 728 3163 αἰνῶν
754 3109 851 3164 autem
876 3112 999 3167 nonest
1024 3105 1194 3187 simpliciter
1218 3108 1355 3185 dicens,
1384 3113 1441 3174 sed

274 3207 508 3278 denuntians,
524 3202 748 3283 praedicens.
781 3203 814 3265 ln
830 3203 939 3268 incerta
955 3207 1048 3270 tabida
1064 3209 1098 3269 tr.
1116 3208 1187 3271 305.
1204 3203 1296 3291 γένος
1308 3207 1369 3292 μὲν
1383 3204 1440 3276 αἰ·

273 3309 338 3371 νεῖν
352 3296 709 3388 &opobalsamumque
723 3296 946 3385 Αἰθιοπίδος
960 3307 1026 3395 γῆς,
1046 3312 1151 3373 eodem
1167 3331 1258 3376 sensu
1273 3306 1375 3377 αἰνεῖν
1390 3316 1440 3378 di-

273 3422 352 3473 ctum
367 3418 426 3481 est,
447 3427 506 3488 quo
528 3395 686 3484 εἰίχεσθαι
701 3408 778 3488 apud
794 3408 966 3473 Homerum.
1010 3413 1141 3494 Choeph.
1157 3434 1183 3477 v.
1200 3416 1276 3491 549,
1297 3409 1379 3479 αἰνῶ
1399 3414 1442 3482 δὲ

271 3507 428 3595 κρύπτειν
437 3504 541 3572 τοῖσδε
552 3501 722 3592 συνθήκας
733 3504 829 3589 ἐμοῖς,
842 3522 887 3574 est
897 3514 916 3575 i.
934 3534 961 3594 q.
974 3517 1139 3599 παραινῶ,
1157 3516 1274 3595 iubeo,
1293 3522 1439 3583 suadeo·

271 3613 520 3694 quemadmodum
536 3610 637 3691 Suppl.
654 3631 679 3673 v.
698 3615 766 3688 165,
783 3607 866 3678 αἰνῶ
880 3610 1025 3702 φυλάξαι
1038 3607 1114 3698 edr‘pt'
1129 3610 1194 3705 ἔπη
1210 3616 1439 3702 δελτουμένας

271 3725 299 3778 et
311 3717 404 3797 Soph.
420 3716 493 3779 Phil.
512 3699 648 3789 1380,d
666 3710 774 3779 δεινὸν
789 3704 880 3780 αἰνον
895 3710 1035 3796 αἰνέσας,
1050 3713 1085 3782 τί
1098 3714 1166 3808 φῄς
1180 3740 1280 3801 norm
1303 3724 1440 3807 Denique

1584 3056 1590 3095 1

339 3993 362 4057 ’1)
381 3992 418 4044 lle
429 3992 476 4044 bac
491 3991 649 4043 anacolutiia
666 3993 729 4044 satis
743 3993 775 4044 ab
787 3993 928 4048 llsmsnno
943 3996 1037 4049 dictum
1053 4005 1106 4063 est,
1125 3998 1242 4051 strideo
1254 4000 1437 4056 Doederlim

270 4094 379 4146 qaoque,
396 4077 437 4144 qui
449 4077 499 4129 alia
511 4093 559 4128 non
571 4091 651 4144 pauca
667 4078 781 4145 exempla
799 4079 989 4148 interpretando
1002 4084 1123 4147 removit,
1140 4085 1198 4136 huic
1209 4086 1265 4138 loco
1277 4090 1436 4156 pepercisse,

269 4163 351 4215 Lecta
364 4162 436 4214 llom.
448 4178 515 4230 spec.
527 4161 561 4227 ll,
576 4177 601 4228 p.
619 4161 643 4212 9.
678 4162 790 4214 Naekius
806 4166 838 4217 nd
850 4165 937 4218 Vater.
962 4166 1016 4219 Cat
1028 4185 1052 4236 p.
1065 4168 1116 4219 299
1133 4171 1207 4221 etiam
1220 4171 1299 4223 latina
1311 4176 1437 4240 quaeum

269 4250 342 4300 buius
353 4249 455 4314 poneris
467 4247 581 4314 exempla
593 4246 680 4312 babet,
696 4247 720 4298 iu
733 4248 822 4314 quibus
834 4248 1005 4317 Vergilianum
1017 4253 1079 4305 illud
1091 4254 1155 4306 Aen.
1167 4253 1218 4319 tx,
1230 4256 1292 4307 tot:
1314 4256 1411 4326 Suspi
1420 4287 1435 4299 ·

268 4335 357 4385 ciens
372 4334 468 4385 altem
485 4332 588 4383 lunam
606 4338 638 4382 et
655 4331 699 4382 sie
716 4347 792 4384 voce
808 4343 969 4402 precetur,
990 4337 1150 4390 ubideletsm
1162 4339 1194 4390 ab
1206 4338 1304 4409 doymo
1316 4343 1435 4410 copulam

1581 3264 1588 3305 l

1581 3366 1587 3407 Ι

1578 3468 1586 3513 l

1579 3556 1585 3615 1

1578 3674 1584 3721 Ι

1577 3776 1583 3823 1

1575 3864 1582 3925 1

1575 3982 1581 4029 1

1574 4086 1580 4149 1

1574 4188 1579 4251 1

1575 4278 1578 4353 1

268 4419 414 4485 Wagaerus
426 4425 454 4471 et
465 4434 545 4486 nuper
555 4416 687 4469 Paldanrus
701 4426 789 4470 noster
800 4420 975 4473 restituerunt
1573 4356 1577 4495 1
