3164 5138
1 4275 2 4320 l

1 4323 5 4374 l

677 486 722 559 bb

114 676 230 747 propter
247 670 396 732 maiorem
425 692 497 735 cum
518 674 601 737 lliade
626 690 655 740 et
674 680 805 763 Odyssea
831 690 1049 759 similitudinem
1076 701 1104 763 in
1132 703 1279 777 Homerici

116 770 239 831 nominis
256 773 430 835 societatem
448 777 573 848 venisse,
587 784 759 859 praesertim
775 789 800 848 si
815 790 851 851 ab
866 793 969 860 iisdem
981 801 1086 879 quibus
1100 806 1172 869 haec
1186 810 1275 891 rhap-

114 872 192 933 sodis
207 874 323 937 recitari
344 877 491 940 solebant.
529 880 571 941 Sit
590 885 732 946 sancita:
753 891 891 957 nolumus
910 900 988 962 enim
1008 907 1183 970 contendere
1198 912 1230 975 in
1245 933 1276 975 re

114 984 170 1035 tam
185 976 329 1038 obscura:
349 980 408 1040 hoc
427 988 524 1042 tamen
541 994 675 1062 apertum
690 997 748 1061 est,
765 991 851 1055 istam
868 999 1088 1068 similitudinem
1103 1028 1163 1073 non
1179 1017 1275 1076 conti-

113 1094 170 1137 nuo
186 1078 230 1138 sic
250 1079 453 1159 accipiendam
473 1103 552 1159 csse,
572 1096 604 1149 ut
622 1089 710 1151 etiam
730 1095 902 1161 artificiosae
918 1109 1143 1187 compositionis
1163 1124 1193 1177 et
1208 1119 1274 1185 uni·

111 1179 177 1238 tatis
200 1179 291 1242 laude
314 1183 362 1244 illa
386 1186 515 1248 carmina
536 1190 670 1268 proxime
690 1194 725 1254 ad
744 1195 839 1259 Iliadis
859 1212 887 1264 et
906 1205 1052 1287 Odysseae
1066 1221 1272 1292 praestantiam

111 1282 274 1343 accesisse
289 1293 460 1349 statuantur.
504 1291 577 1352 Nam
592 1293 707 1356 etiamsi
722 1301 835 1362 suntin
850 1303 885 1365 iis
902 1326 1028 1387 quorum
1048 1314 1147 1395 ipsum
1163 1339 1271 1385 nomen

109 1384 319 1448 demonstrare
336 1388 485 1463 ridentur,
505 1402 618 1456 versata
638 1414 672 1459 ea
692 1418 833 1465 essenon
848 1409 938 1470 modo
962 1414 991 1474 in
1011 1435 1071 1479 uuo
1088 1420 1195 1496 beroe,
1218 1427 1270 1488 sed

109 1486 137 1547 in
156 1506 217 1549 una
238 1490 357 1551 actione
375 1494 525 1571 primaria,
543 1498 620 1559 velut
635 1500 785 1566 Oechaliae
804 1510 947 1573 excidium
968 1516 997 1577 in
1012 1518 1135 1584 Rerctde
1150 1525 1270 1608 eiusque

1 1625 2 1630 κ
108 1600 211 1653 contra
226 1592 373 1673 Eurytum
399 1596 488 1668 bello,
515 1612 584 1661 sunt
604 1608 699 1664 tamen
719 1624 823 1670 rursus
843 1612 908 1689 alia,
935 1636 1008 1697 quae
1027 1622 1132 1687 diversi
1153 1631 1267 1707 generis

107 1693 197 1755 luisse
212 1713 276 1757 non
292 1697 457 1761 coniectura
476 1702 526 1762 sed
542 1713 621 1765 certo
637 1706 805 1771 testimonio
825 1712 1027 1797 intelligamus.
1065 1724 1168 1806 Cypria
1187 1731 1265 1793 enim
1285 1743 1299 1792 7

1 1781 2 1850 Ῠ
105 1804 132 1856 ct
150 1816 275 1876 parvam
295 1799 412 1863 lliadem
431 1802 601 1867 Aristoteles
621 1807 785 1874 Homericis
805 1820 982 1884 carminibus
1003 1829 1128 1906 opponit
1146 1844 1268 1913 propter

1 1963 2 1976 ρ
106 1898 162 1961 hoc
186 1901 305 1982 ipsum,
337 1904 416 1982 quod
442 1906 478 1966 ad
508 1907 647 1971 unitatem
673 1914 795 1977 actionis
825 1920 922 1983 minus
948 1927 1078 1990 sollerter
1104 1938 1268 2014 composita

106 2003 222 2077 inerint,
237 2005 432 2083 quamobrem
447 2008 473 2068 si
493 2016 590 2072 tamen
605 2012 735 2076 Homero
750 2018 820 2081 haec
835 2042 852 2083 a
866 2025 965 2088 multis
984 2047 1046 2092 non
1063 2035 1160 2097 minus
1176 2056 1264 2118 quam

105 2104 257 2166 Oechaliae
277 2107 422 2170 excidium
437 2110 691 2189 adscribebantur,
708 2123 904 2186 concedamus
920 2147 1040 2193 necesse
1056 2144 1110 2210 est,
1126 2139 1154 2199 id
1171 2160 1264 2221 prop-

1 2217 2 2274 ι
106 2208 388 2288 toraliasquasdam
405 2231 491 2291 quam
504 2218 730 2295 compositionis
743 2222 862 2286 virtutes
879 2230 940 2290 lieri
958 2235 1100 2310 potuisse.
1131 2243 1264 2314 Quidest

105 2308 204 2388 igitur,
224 2329 280 2373 eur
293 2313 324 2373 in
340 2312 492 2377 Oechaliae
506 2318 617 2379 excidio
633 2320 708 2382 hanc
729 2328 827 2404 potius
843 2350 931 2409 quam
946 2334 1015 2397 alias
1038 2350 1181 2419 spectatas
1197 2367 1264 2409 esse

1 2399 2 2440 l
104 2410 261 2475 dicamus?
276 2450 318 2459 —
333 2417 469 2478 Proiecto
495 2419 538 2480 sic
559 2440 591 2482 se
609 2442 657 2483 res
676 2425 775 2501 babet,
797 2440 830 2491 ut
848 2433 927 2495 nullo
949 2436 1012 2499 iure
1032 2443 1165 2525 nullaque
1184 2459 1262 2513 certa

104 2514 214 2575 ratione
229 2518 366 2579 concludi
386 2521 496 2598 possit,
517 2532 627 2586 veteres
642 2526 707 2588 illos
723 2529 754 2591 in
768 2534 955 2599 aestimandis
971 2545 1148 2610 carminibus
1169 2553 1259 2632 epicis

102 2615 291 2699 llomeroque
303 2629 352 2682 aut
363 2622 563 2687 adscribendis
575 2636 624 2689 aut
635 2629 833 2696 abiudicandis
849 2637 925 2701 illam
937 2644 1125 2720 potissimum
1142 2653 1259 2717 unitatis

102 2736 236 2782 normam
249 2722 427 2815 adhibuisse,
442 2727 479 2788 ad
494 2746 582 2807 quam
597 2739 629 2792 ut
645 2733 750 2796 luerint
765 2736 821 2799 iam
838 2748 898 2802 tum
910 2743 974 2804 llias
990 2756 1018 2808 et
1030 2748 1160 2829 Odyssea
1175 2774 1258 2817 com·

1 2839 2 2904 3
100 2823 1259 2924 positae,nontameneamautanimadversamabipsispoetisHomerumaemu-

100 2923 241 3001 lantibus,
269 2935 319 2989 aut
343 2928 442 3009 utique
468 2936 663 2997 necessariam
691 2939 727 3001 ad
750 2942 863 3008 laudem
886 2952 1048 3015 carminum
1075 2956 1164 3020 risam
1193 2981 1259 3022 esse

1 3076 6 3109 ξ
99 3038 227 3108 apparet.
275 3030 313 3091 Ut
338 3032 457 3108 luerint,
477 3035 610 3115 iuquam,
636 3039 694 3101 iam
713 3050 776 3104 tum
791 3046 856 3109 Ilias
877 3058 906 3111 et
920 3052 1049 3135 Odyssea
1070 3060 1112 3121 sic
1132 3081 1257 3144 compo-

2 3176 6 3189 .
98 3130 182 3191 sitae:
200 3149 272 3193 nam
293 3133 351 3194 hoc
364 3134 461 3215 ipsum
482 3137 707 3221 haudquaquam
727 3147 796 3209 satis
812 3162 946 3216 constare
960 3160 1026 3239 quis
1042 3162 1156 3225 nescit?
1200 3166 1257 3230 Sed

97 3232 202 3295 dehac
217 3235 389 3314 quaestione
404 3239 487 3301 alias:
503 3259 582 3304 nunc
601 3251 713 3307 tautum
730 3250 891 3317 Aristotelis
907 3260 992 3323 verba
1008 3264 1104 3342 paullo
1119 3269 1257 3331 attentius

96 3335 360 3401 considerabimus.

176 3438 207 3499 ls
222 3438 328 3519 igitur,
342 3445 403 3504 hrt.
423 3453 500 3524 poet.
516 3465 578 3527 cap.
596 3448 629 3521 8,
653 3454 766 3530 peccari
785 3475 801 3517 a
821 3462 918 3523 multis
936 3465 1022 3528 docet
1041 3468 1071 3531 in
1092 3474 1253 3537 carminum

92 3541 312 3620 compositione
326 3554 494 3626 propterca,
514 3551 594 3629 quod
609 3553 678 3632 quid
694 3557 730 3618 ad
745 3559 884 3624 unitatem
905 3566 1017 3630 labulae
1032 3574 1174 3651 pertineat
1192 3597 1253 3640 non

1 3694 2 3721 ,
91 3652 281 3723 perspectum
307 3646 439 3710 habeant
488 3649 617 3728 Μῦθος
644 3647 677 3716 d'
704 3653 794 3721 ἐστὶν
820 3651 879 3742 εἷς,
906 3667 1012 3749 inquit,
1040 3667 1111 3753 οὐχ,
1140 3673 1254 3763 ὥσπερ

89 3741 177 3820 τινὲς
193 3737 332 3825 οἴονται,
356 3743 413 3810 ἐὰν
433 3747 512 3835 περὶ
535 3747 593 3815 ἕνα
613 3745 651 3840 ᾗ
675 3758 783 3823 πολλὰ
805 3761 866 3851 ydp
880 3765 939 3832 καὶ
961 3763 1086 3859 ἄπειρα
1099 3775 1148 3862 τῷ
1169 3776 1253 3861 γένει

89 3840 281 3926 συμβαίνει,
313 3842 443 3938 (ὥσπερ
473 3852 572 3918 ποτέ
601 3853 658 3919 καὶ
688 3848 826 3926 ἄλλοτε
855 3863 990 3953 (poclm)
1021 3870 1060 3954 ἐξ
1088 3863 1132 3941 ὧν
1158 3874 1252 3945 ἐνίων

90 3940 186 4013 οὐδέν
206 3944 300 4013 ἔστιν
322 3947 371 4014 ἓν·
394 3946 478 4015 οὕτω
502 3952 618 4020 δὲκαὶ
641 3954 781 4044 πράξεις
802 3958 874 4042 ἑνὸς
888 3969 1014 4037 πολλαί
1034 3971 1127 4060 εἰσιν,
1150 3977 1187 4061 ἐξ
1208 3973 1254 4049 dv

88 4044 149 4130 μία
171 4043 313 4133 οὐδεμία
334 4049 461 4137 γίνεται
483 4054 611 4141 πρᾶξις.
650 4060 707 4126 διὸ
728 4062 851 4146 πάντες
872 4067 1021 4141 ἐοίκασιν
1043 4076 1250 4171 ἁμαρτάνειν,

1 4233 2 4246 ¹
91 4146 163 4218 liuor
190 4154 258 4219 τοῖν
284 4156 434 4243 ποιητῶν
457 4150 664 4249 Ἡρακληΐὸα
685 4164 743 4230 καὶ
772 4171 925 4260 Θησηΐδα
951 4177 1008 4243 καὶ
1036 4181 1078 4248 τοὶ
1105 4188 1250 4253 τοιαῦτα

90 4253 264 4344 ποιήματα
285 4256 530 4347 πεποιήκασιν·
553 4258 682 4331 οἴονται
704 4267 778 4355 γὰρ,
806 4269 882 4339 ἐπεὶ
905 4267 953 4356 εἷς
973 4271 1012 4368 ἦν
1034 4280 1053 4349 ὁ
1072 4282 1250 4376 Ἡρακλῆς,

92 4348 146 4420 ἕνα
169 4358 226 4426 καὶ
251 4358 312 4427 τὸν
333 4360 446 4444 μῦθον
467 4354 554 4431 εἶναι
575 4366 764 4456 προσήκειν.
808 4379 841 4440 ln
860 4385 1063 4451 constituenda
1083 4391 1172 4452 huius
1187 4393 1245 4453 loci

90 4456 207 4526 hodone
221 4463 429 4534 hermannum
440 4468 585 4538 hactenus
601 4484 742 4555 sequutus
757 4498 833 4557 sum,
848 4492 881 4546 ut
895 4488 982 4550 verba
997 4493 1112 4572 uncipis
1127 4494 1249 4570 inclusa,

126 4564 174 4632 tlt
1033 4593 1053 4654 3
