3276 5144
689 475 840 575 ...Q-

184 663 457 728 visisuntindnn.
474 662 976 745 v1,25‚n:ngrtppinaaequi
996 662 1210 745 impatiens,
1224 662 1342 726 domi·

184 767 295 830 nandi
329 766 447 840 avida,
477 766 652 829 virilibus
684 767 783 829 curis
815 765 1038 829 feminarum
1064 766 1154 828 vitia
1178 773 1341 829 exuerat

185 871 291 952 „quod
312 888 372 932 non
392 875 463 932 est‘⁴
482 868 578 950 inquit
596 868 726 931 Kritaius
747 888 826 944 „sua
844 869 914 933 vitia
932 868 1060 931 leminea
1080 869 1269 949 deposuerat,
1289 869 1342 931 sed

183 974 260 1036 vitiis
276 974 319 1047 iis,
334 991 409 1054 quae
424 971 510 1051 vulgo
524 970 703 1035 feminarum
718 979 801 1046 sunt,
818 972 967 1035 vacabat.“
995 972 1085 1053 Atqui
1099 971 1271 1052 Agrippina,
1291 978 1343 1033 ut-

182 1085 252 1158 pote
273 1076 400 1149 lemine,
420 1082 556 1137 naturam
577 1094 593 1138 a
612 1075 790 1138 feminarum
811 1075 887 1138 vitiis
907 1093 1029 1157 prorsus
1048 1075 1214 1136 immunem
1235 1073 1342 1136 habere

180 1179 227 1241 vix
242 1178 353 1260 potuit3
373 1178 470 1258 aliqua
483 1179 616 1258 quamvis
631 1197 718 1260 parra
733 1197 837 1241 eorum
852 1179 966 1241 semina
981 1178 1068 1240 etiam
1084 1178 1115 1239 in
1130 1177 1222 1257 ipsius
1236 1184 1342 1239 natura

182 1281 270 1343 insita
289 1281 380 1344 luisse
400 1299 521 1343 necesse
541 1288 601 1357 est,
621 1280 673 1343 sed
692 1281 777 1356 haec,
798 1290 956 1363 antequam
977 1287 1152 1362 apparerent
1166 1289 1255 1361 atque
1269 1281 1342 1342 ado·

181 1383 340 1457 lescerent,
360 1383 465 1445 obruta
486 1390 516 1446 et
535 1384 677 1467 extirpata
696 1392 780 1447 ment
799 1384 970 1447 dominandi
989 1383 1125 1447 aviditate
1146 1383 1282 1464 cenisque
1296 1383 1344 1446 vi-

180 1485 293 1548 ritibus.

263 1588 333 1670 Gap.
359 1589 414 1663 lx,
441 1591 477 1652 t:
509 1589 609 1653 llaud
635 1608 781 1669 semper
805 1597 910 1653 errat
934 1589 1047 1665 lama,
1077 1588 1279 1670 aliquando
1304 1593 1342 1651 et

181 1691 299 1774 elegit.
329 1692 396 1755 Non
410 1694 556 1756 assentior
569 1693 594 1755 si
610 1693 674 1773 quis
689 1693 852 1775 perlectum
868 1694 925 1756 boc
938 1693 1048 1772 elegit
1061 1712 1116 1774 pro
1132 1693 1240 1755 aoristo
1256 1691 1300 1769 lb.
1314 1710 1340 1753 c.

182 1796 217 1858 ad
245 1797 339 1858 instar
365 1796 466 1859 aurini
486 1796 679 1875 Graecorum)
703 1796 906 1878 accipiendum
927 1815 991 1859 esse
1012 1803 1098 1876 neget
1117 1803 1148 1858 et
1166 1795 1266 1876 potins
1287 1811 1341 1875 pro

182 1898 312 1979 perlecto
328 1900 465 1974 (rectius,
487 1902 601 1982 opinor,
622 1918 676 1981 pro
691 1910 845 1980 praesente
860 1899 984 1962 actionis
998 1899 1156 1980 perfectae)
1172 1897 1341 1960 habendum

182 1999 269 2062 dieat.
304 2000 379 2062 Nam
405 2003 485 2082 quod
510 2003 717 2082 cogitationem
737 2004 814 2066 banc
833 2003 954 2065 subesse
975 2002 1070 2064 aiunt:
1096 2001 1131 2063 id
1157 2000 1252 2080 quod
1277 2019 1341 2062 ex·

182 2103 365 2187 perientia
390 2112 550 2167 constat:
580 2106 703 2167 eandem
725 2106 932 2186 cogitationem
952 2104 1090 2186 equidem
1112 2103 1250 2165 omnibus
1271 2101 1341 2164 locis

182 2206 304 2268 subesse
324 2206 466 2281 arbitror,
485 2207 536 2271 ubi
556 2208 719 2289 perfectum
739 2227 794 2289 pro
813 2208 922 2271 aoristo
944 2206 1146 2289 accipiendum
1163 2224 1228 2267 esse
1241 2223 1341 2284 gram·

182 2308 282 2371 matici
297 2310 496 2373 consentiunt.
525 2310 627 2390 Neque
642 2311 722 2373 enim
737 2312 822 2374 aliter
835 2310 897 2373 lieri
912 2310 1018 2391 potuit,
1034 2316 1068 2371 ut
1082 2308 1184 2371 Graeci
1198 2307 1341 2371 acrisium

182 2431 270 2475 auum
289 2412 319 2474 n.
339 2431 365 2473 c.
386 2414 578 2493 praeteritum
600 2413 679 2475 verbi
701 2422 835 2495 tempus,
855 2413 891 2476 de
909 2431 942 2476 re
962 2412 1047 2494 rugo
1069 2412 1132 2473 fieri
1154 2411 1238 2474 solito
1251 2426 1341 2473 usur·

182 2525 300 2598 parcnt,
321 2515 378 2578 nisi
393 2515 473 2597 quod
488 2516 546 2585 boo
559 2516 672 2597 ipsum,
694 2516 788 2578 solere
808 2515 915 2596 aliquid
931 2515 1009 2589 lieri,
1030 2514 1209 2594 experientia
1223 2514 1266 2576 rei
1280 2514 1340 2575 iam

181 2636 269 2700 saepe
282 2618 376 2682 iactae
392 2620 594 2699 cognoscitur:
610 2636 665 2681 nec
678 2618 769 2680 reiert
783 2635 971 2701 magnopere,
991 2624 1094 2679 utrum
1108 2616 1232 2678 addatur
1246 2616 1341 2696 aliqua

182 2721 320 2784 disertior
333 2721 528 2802 experientiae
541 2721 601 2783 iam
612 2721 705 2783 laone
717 2719 888 2800 significatio
901 2723 966 2801 (per
975 2719 1200 2800 plerumque,
1216 2737 1339 2801 saepe,
1435 2708 1439 2713 ’

181 2824 380 2905 aliquando
395 2843 429 2886 ac
442 2824 578 2903 similia),
599 2842 638 2886 an
651 2825 723 2886 haec
737 2821 937 2885 subaudienda
951 2821 1176 2904 intelligentibus
1190 2822 1340 2902 relinqua·

181 2932 239 2988 tur.
269 2927 370 3008 ltaque
390 2932 470 2990 recte
485 2927 612 2991 llritzius
627 2927 663 2989 ad
679 2926 797 2988 Sallust
813 2924 894 2987 Catil.
911 2944 936 2987 c.
952 2923 1004 3000 21,
1023 2925 1076 2999 12,
1096 2924 1133 2986 de
1147 2925 1205 2987 hoc
1219 2924 1341 3005 perlecti

181 3044 237 3090 usu
256 3028 423 3110 disputans,
445 3031 526 3093 hunc
541 3030 641 3111 ipsum
660 3049 697 3092 ex
717 3029 850 3110 Agricola
870 3028 969 3089 locum
992 3044 1046 3108 pro
1065 3027 1200 3108 exemplo
1223 3026 1340 3107 posuit:

181 3129 217 3192 de
238 3148 296 3210 quo
316 3139 350 3194 ut
371 3132 402 3195 in
421 3132 550 3195 editione
569 3132 636 3194 libri
656 3131 740 3195 aliter
760 3130 951 3208 iudicarent),
973 3130 1117 3211 permovit
1132 3147 1202 3191 eum
1215 3129 1342 3191 tortasse

180 3231 313 3312 Madvigii
332 3234 504 3309 auctoritas,
525 3235 576 3316 qui
596 3253 688 3316 quum
709 3252 770 3296 non
788 3232 937 3295 immerito
953 3230 1076 3294 Walchii
1098 3230 1283 3314 aliorumque
1304 3232 1342 3293 de

179 3333 237 3396 boc
250 3335 372 3414 perfecti
385 3355 442 3400 usu
457 3356 573 3400 errores
586 3336 818 3421 reprehenderit,
832 3335 895 3416 ipse
909 3339 1009 3396 tamen
1025 3351 1124 3395 verum
1139 3334 1183 3395 rei
1193 3335 1340 3397 rationem

181 3436 301 3516 argutiis
323 3437 384 3500 auis
404 3439 579 3504 obscurasse
600 3440 692 3522 magis
707 3458 798 3521 quam
813 3437 975 3501 illustrasse
990 3436 1130 3498 dicendus
1144 3442 1201 3498 est.
1231 3435 1339 3520 Opusc.

181 3556 224 3601 ac.
241 3539 290 3600 alt.
307 3561 335 3622 p.
355 3542 414 3602 tta
430 3560 494 3623 sqq.

266 3640 335 3725 Cap.
349 3642 386 3717 X,
403 3643 438 3707 3:
453 3642 498 3708 Et
512 3652 569 3708 est
583 3665 620 3708 ea
634 3645 748 3709 iacies
764 3644 860 3708 citra
876 3640 1125 3714 Caledoniam,
1146 3640 1239 3703 unde
1253 3645 1292 3701 et
1306 3639 1341 3703 in

178 3743 393 3807 universum
413 3746 508 3809 lama
526 3755 582 3810 cst
600 3748 854 3828 transgressis.
884 3746 1000 3808 Faciem
1021 3744 1091 3806 dicit
1111 3742 1252 3823 oblongae
1271 3759 1340 3803 scu·

179 3846 258 3911 tulae
278 3847 324 3909 vel
346 3847 466 3930 bipenni
482 3849 623 3924 similem,
644 3851 763 3933 qualem
778 3848 942 3911 Britanniae
957 3849 1086 3909 lormam
1101 3845 1237 3908 nonnulli
1250 3844 1341 3906 tradi·

180 3949 297 4013 derant:
314 3953 366 4014 sed
381 3957 531 4036 postrema
546 3953 647 4016 verba:
669 3954 704 4015 in
724 3953 931 4016 universum
946 3950 1040 4013 lama
1055 3956 1110 4012 est
1124 3955 1340 4028 transgres-

128 4067 130 4070 ⁴
181 4052 248 4126 sis,
269 4053 395 4118 dubitari
417 4072 477 4117 non
498 4061 598 4136 potest
617 4056 688 4137 quin
703 4062 842 4136 corrupta
857 4054 925 4116 sint.
954 4052 1029 4115 Nam
1045 4052 1119 4115 baec
1132 4050 1341 4114 eoruminter-

178 4157 318 4237 prelatio:
334 4158 406 4239 ‚qui
421 4178 457 4221 ex
472 4158 635 4222 continenti
648 4159 679 4220 in
688 4157 869 4221 Britanniam
880 4156 1056 4237 transgressi
1066 4160 1145 4230 sunt,
1156 4171 1219 4216 eam
1229 4152 1341 4215 lamam

180 4256 217 4319 de
238 4259 327 4323 totius
347 4261 461 4325 insulae
481 4261 555 4326 iacis
573 4261 755 4344 accipiunt“,
774 4259 892 4346 probari
906 4259 1023 4341 nequit,
1046 4257 1193 4342 siquidem
1208 4272 1263 4319 nec
1277 4257 1341 4339 ipsa

177 4450 180 4455 Α
248 4480 275 4544 4)
293 4480 322 4534 ll.
335 4499 357 4537 a.
371 4484 397 4537 ln
409 4484 520 4538 editiom
532 4485 626 4554 prima:
639 4499 696 4537 uam
707 4482 733 4537 iu
744 4481 835 4549 dcem,
847 4496 905 4533 aun.
920 4478 994 4546 1865,
1006 4478 1103 4532 restim
1115 4477 1204 4531 sensit.
