<?xml version="1.0" encoding="UTF-8"?>
<!DOCTYPE html PUBLIC "-//W3C//DTD XHTML 1.0 Transitional//EN"
    "http://www.w3.org/TR/xhtml1/DTD/xhtml1-transitional.dtd">
<html xmlns="http://www.w3.org/1999/xhtml" xml:lang="en" lang="en">
 <head>
  <title>
</title>
<meta http-equiv="Content-Type" content="text/html;charset=utf-8" />
  <meta name='ocr-system' content='tesseract 3.04.00' />
  <meta name='ocr-capabilities' content='ocr_page ocr_carea ocr_par ocr_line ocrx_word'/>
</head>
<body>
  <div class='ocr_page' id='page_1' title='image "./opusculaacademi00schogoog_0213.png"; bbox 0 0 3178 5136; ppageno 0'>
   <div class='ocr_carea' id='block_1_1' title="bbox 827 414 889 476">
    <p class='ocr_par' dir='ltr' id='par_1_1' title="bbox 827 414 889 476">
     <span class='ocr_line' id='line_1_1' title="bbox 827 414 889 476; baseline 0 -1"><span class='ocrx_word' id='word_1_1' title='bbox 827 414 889 476; x_wconf 74' lang='lat'><strong>200</strong></span> 
     </span>
    </p>
   </div>
   <div class='ocr_carea' id='block_1_2' title="bbox 759 502 958 510">
    <p class='ocr_par' dir='ltr' id='par_1_2' title="bbox 759 502 958 510">
     <span class='ocr_line' id='line_1_2' title="bbox 759 502 958 510; baseline -0.005 0"><span class='ocrx_word' id='word_1_2' title='bbox 759 503 906 510; x_wconf 71' lang='lat'><em>--.-—--</em></span> <span class='ocrx_word' id='word_1_3' title='bbox 921 502 958 510; x_wconf 53' lang='lat'><strong>⁴-</strong></span> 
     </span>
    </p>
   </div>
   <div class='ocr_carea' id='block_1_3' title="bbox 282 601 1443 1509">
    <p class='ocr_par' dir='ltr' id='par_1_3' title="bbox 282 601 1443 1509">
     <span class='ocr_line' id='line_1_3' title="bbox 285 601 1435 687; baseline -0.002 -20"><span class='ocrx_word' id='word_1_4' title='bbox 285 605 359 668; x_wconf 83' lang='lat' dir='ltr'><strong>alter</strong></span> <span class='ocrx_word' id='word_1_5' title='bbox 369 603 502 687; x_wconf 75' lang='lat' dir='ltr'><strong>postulet.</strong></span> <span class='ocrx_word' id='word_1_6' title='bbox 532 603 648 666; x_wconf 87' lang='lat' dir='ltr'><strong>Seilieet</strong></span> <span class='ocrx_word' id='word_1_7' title='bbox 660 602 701 665; x_wconf 81' lang='lat' dir='ltr'><strong>ita</strong></span> <span class='ocrx_word' id='word_1_8' title='bbox 714 601 884 665; x_wconf 77' lang='lat' dir='ltr'><strong>Hermanno</strong></span> <span class='ocrx_word' id='word_1_9' title='bbox 900 601 994 664; x_wconf 83' lang='lat' dir='ltr'><strong>visum</strong></span> <span class='ocrx_word' id='word_1_10' title='bbox 1009 610 1054 663; x_wconf 87' lang='lat' dir='ltr'><strong>est</strong></span> <span class='ocrx_word' id='word_1_11' title='bbox 1069 620 1161 682; x_wconf 89' lang='lat' dir='ltr'><strong>quum</strong></span> <span class='ocrx_word' id='word_1_12' title='bbox 1175 619 1328 666; x_wconf 78' lang='lat' dir='ltr'><strong>sensuram</strong></span> <span class='ocrx_word' id='word_1_13' title='bbox 1339 603 1435 665; x_wconf 84' lang='lat' dir='ltr'><strong>Etms·</strong></span> 
     </span>
     <span class='ocr_line' id='line_1_4' title="bbox 284 696 1439 789; baseline -0.003 -20"><span class='ocrx_word' id='word_1_14' title='bbox 284 707 332 769; x_wconf 84' lang='lat' dir='ltr'><strong>leii</strong></span> <span class='ocrx_word' id='word_1_15' title='bbox 351 706 503 781; x_wconf 85' lang='lat' dir='ltr'><strong>seriberet;</strong></span> <span class='ocrx_word' id='word_1_16' title='bbox 522 707 559 768; x_wconf 88' lang='lat' dir='ltr'><strong>ad</strong></span> <span class='ocrx_word' id='word_1_17' title='bbox 579 706 714 785; x_wconf 79' lang='lat' dir='ltr'><strong>Vigerum</strong></span> <span class='ocrx_word' id='word_1_18' title='bbox 734 712 832 766; x_wconf 84' lang='lat' dir='ltr'><strong>autem</strong></span> <span class='ocrx_word' id='word_1_19' title='bbox 850 722 879 783; x_wconf 92' lang='lat' dir='ltr'><strong>p.</strong></span> <span class='ocrx_word' id='word_1_20' title='bbox 901 703 961 766; x_wconf 81' lang='lat'><strong>759</strong></span> <span class='ocrx_word' id='word_1_21' title='bbox 981 696 1094 787; x_wconf 77' lang='grc' dir='ltr'><strong><em>λόγοις</em></strong></span> <span class='ocrx_word' id='word_1_22' title='bbox 1114 701 1279 789; x_wconf 78' lang='grc' dir='ltr'><strong><em>συμβῆναι</em></strong></span> <span class='ocrx_word' id='word_1_23' title='bbox 1298 706 1439 768; x_wconf 76' lang='grc' dir='ltr'><strong><em>οσονειιιι</em></strong></span> 
     </span>
     <span class='ocr_line' id='line_1_5' title="bbox 286 807 1438 891; baseline -0.001 -19"><span class='ocrx_word' id='word_1_24' title='bbox 286 810 412 891; x_wconf 73' lang='lat' dir='ltr'><strong>colloqui</strong></span> <span class='ocrx_word' id='word_1_25' title='bbox 429 829 494 872; x_wconf 79' lang='lat' dir='ltr'><strong>eum</strong></span> <span class='ocrx_word' id='word_1_26' title='bbox 514 809 620 889; x_wconf 78' lang='grc' dir='ltr'><strong><em>ολίχαο.</em></strong></span> <span class='ocrx_word' id='word_1_27' title='bbox 650 807 743 869; x_wconf 87' lang='lat' dir='ltr'><strong>Nebis</strong></span> <span class='ocrx_word' id='word_1_28' title='bbox 763 815 902 871; x_wconf 85' lang='lat' dir='ltr'><strong>neutrum</strong></span> <span class='ocrx_word' id='word_1_29' title='bbox 916 825 1016 870; x_wconf 81' lang='lat' dir='ltr'><strong>rernm</strong></span> <span class='ocrx_word' id='word_1_30' title='bbox 1036 826 1103 870; x_wconf 86' lang='lat' dir='ltr'><strong>esse</strong></span> <span class='ocrx_word' id='word_1_31' title='bbox 1126 807 1254 881; x_wconf 68' lang='lat' dir='ltr'><strong>videtum</strong></span> <span class='ocrx_word' id='word_1_32' title='bbox 1276 807 1328 869; x_wconf 87' lang='lat' dir='ltr'><strong>sad</strong></span> <span class='ocrx_word' id='word_1_33' title='bbox 1347 826 1438 888; x_wconf 78' lang='lat' dir='ltr'><strong>quum</strong></span> 
     </span>
     <span class='ocr_line' id='line_1_6' title="bbox 285 904 1439 994; baseline -0.003 -18"><span class='ocrx_word' id='word_1_34' title='bbox 285 905 478 994; x_wconf 77' lang='grc' dir='ltr'><strong><em>συμβαίνειν</em></strong></span> <span class='ocrx_word' id='word_1_35' title='bbox 492 911 560 973; x_wconf 84' lang='lat' dir='ltr'><strong>siti.</strong></span> <span class='ocrx_word' id='word_1_36' title='bbox 576 930 603 991; x_wconf 90' lang='lat' dir='ltr'><strong>q.</strong></span> <span class='ocrx_word' id='word_1_37' title='bbox 618 904 785 991; x_wconf 77' lang='grc' dir='ltr'><strong><em>σύμβασιν</em></strong></span> <span class='ocrx_word' id='word_1_38' title='bbox 795 907 990 986; x_wconf 79' lang='grc' dir='ltr'><strong><em>ποιεῖσθαι,</em></strong></span> <span class='ocrx_word' id='word_1_39' title='bbox 1001 910 1031 972; x_wconf 86' lang='grc' dir='ltr'><strong>Ιι.</strong></span> <span class='ocrx_word' id='word_1_40' title='bbox 1047 930 1072 972; x_wconf 89' lang='lat' dir='ltr'><strong>e.</strong></span> <span class='ocrx_word' id='word_1_41' title='bbox 1088 914 1320 991; x_wconf 72' lang='lat' dir='ltr'><strong>eertpesitinnem</strong></span> <span class='ocrx_word' id='word_1_42' title='bbox 1333 913 1439 992; x_wconf 68' lang='lat' dir='ltr'><strong>fucere,</strong></span> 
     </span>
     <span class='ocr_line' id='line_1_7' title="bbox 282 1007 1440 1097; baseline -0.003 -19"><span class='ocrx_word' id='word_1_43' title='bbox 282 1020 400 1097; x_wconf 81' lang='lat' dir='ltr'><strong>pacisci,</strong></span> <span class='ocrx_word' id='word_1_44' title='bbox 416 1015 490 1093; x_wconf 80' lang='lat' dir='ltr'><strong>(vid.</strong></span> <span class='ocrx_word' id='word_1_45' title='bbox 506 1012 750 1076; x_wconf 68' lang='lat' dir='ltr'><strong>strennuus.</strong></span> <span class='ocrx_word' id='word_1_46' title='bbox 767 1013 897 1092; x_wconf 80' lang='lat' dir='ltr'><strong>Thucyd.</strong></span> <span class='ocrx_word' id='word_1_47' title='bbox 913 1031 942 1092; x_wconf 89' lang='lat' dir='ltr'><strong>p.</strong></span> <span class='ocrx_word' id='word_1_48' title='bbox 958 1010 1046 1088; x_wconf 74' lang='lat'>244.)</span> <span class='ocrx_word' id='word_1_49' title='bbox 1066 1007 1178 1095; x_wconf 88' lang='grc' dir='ltr'><strong><em>λόγοις</em></strong></span> <span class='ocrx_word' id='word_1_50' title='bbox 1198 1021 1296 1075; x_wconf 87' lang='lat' dir='ltr'><strong>antem</strong></span> <span class='ocrx_word' id='word_1_51' title='bbox 1314 1011 1440 1075; x_wconf 77' lang='lat' dir='ltr'><strong>dubitari</strong></span> 
     </span>
     <span class='ocr_line' id='line_1_8' title="bbox 286 1109 1440 1200; baseline -0.004 -18"><span class='ocrx_word' id='word_1_52' title='bbox 286 1126 411 1200; x_wconf 79' lang='lat' dir='ltr'>nequeat</span> <span class='ocrx_word' id='word_1_53' title='bbox 424 1117 481 1180; x_wconf 86' lang='lat' dir='ltr'><strong>diei</strong></span> <span class='ocrx_word' id='word_1_54' title='bbox 497 1136 585 1198; x_wconf 85' lang='lat' dir='ltr'><strong>posse</strong></span> <span class='ocrx_word' id='word_1_55' title='bbox 600 1134 655 1196; x_wconf 88' lang='lat' dir='ltr'><strong>pre</strong></span> <span class='ocrx_word' id='word_1_56' title='bbox 671 1111 730 1178; x_wconf 82' lang='grc' dir='ltr'><strong><em>διὰ</em></strong></span> <span class='ocrx_word' id='word_1_57' title='bbox 743 1109 858 1199; x_wconf 83' lang='grc' dir='ltr'><strong><em>λόγων,</em></strong></span> <span class='ocrx_word' id='word_1_58' title='bbox 873 1114 945 1177; x_wconf 90' lang='lat' dir='ltr'>nihil</span> <span class='ocrx_word' id='word_1_59' title='bbox 958 1114 1077 1177; x_wconf 87' lang='lat' dir='ltr'><strong>obstare</strong></span> <span class='ocrx_word' id='word_1_60' title='bbox 1091 1115 1266 1179; x_wconf 88' lang='lat' dir='ltr'><strong>arbitramur</strong></span> <span class='ocrx_word' id='word_1_61' title='bbox 1281 1116 1440 1196; x_wconf 80' lang='lat' dir='ltr'><strong>quominus</strong></span> 
     </span>
     <span class='ocr_line' id='line_1_9' title="bbox 286 1210 1442 1302; baseline -0.004 -18"><span class='ocrx_word' id='word_1_62' title='bbox 286 1224 314 1284; x_wconf 89' lang='lat' dir='ltr'><strong>h.</strong></span> <span class='ocrx_word' id='word_1_63' title='bbox 330 1224 348 1284; x_wconf 90' lang='grc' dir='ltr'><strong>Ι.</strong></span> <span class='ocrx_word' id='word_1_64' title='bbox 365 1223 601 1302; x_wconf 75' lang='lat' dir='ltr'><strong>interpretemur:</strong></span> <span class='ocrx_word' id='word_1_65' title='bbox 622 1222 649 1280; x_wconf 86' lang='lat' dir='ltr'><strong>si</strong></span> <span class='ocrx_word' id='word_1_66' title='bbox 664 1219 752 1281; x_wconf 81' lang='lat' dir='ltr'><strong>nudis</strong></span> <span class='ocrx_word' id='word_1_67' title='bbox 772 1218 871 1280; x_wconf 82' lang='lat' dir='ltr'><strong>verbis</strong></span> <span class='ocrx_word' id='word_1_68' title='bbox 884 1221 1038 1298; x_wconf 79' lang='lat' dir='ltr'><strong>pepiperis.</strong></span> <span class='ocrx_word' id='word_1_69' title='bbox 1068 1218 1118 1292; x_wconf 84' lang='lat' dir='ltr'><strong>tt,</strong></span> <span class='ocrx_word' id='word_1_70' title='bbox 1137 1218 1245 1298; x_wconf 83' lang='lat' dir='ltr'><strong>inquit,</strong></span> <span class='ocrx_word' id='word_1_71' title='bbox 1264 1210 1378 1300; x_wconf 89' lang='grc' dir='ltr'><strong><em>λόγοις</em></strong></span> <span class='ocrx_word' id='word_1_72' title='bbox 1396 1218 1442 1279; x_wconf 86' lang='lat' dir='ltr'><strong>sie</strong></span> 
     </span>
     <span class='ocr_line' id='line_1_10' title="bbox 286 1320 1441 1405; baseline -0.004 -19"><span class='ocrx_word' id='word_1_73' title='bbox 286 1324 365 1388; x_wconf 89' lang='lat' dir='ltr'><strong>nude</strong></span> <span class='ocrx_word' id='word_1_74' title='bbox 384 1323 515 1405; x_wconf 88' lang='lat' dir='ltr'><strong>pesitum</strong></span> <span class='ocrx_word' id='word_1_75' title='bbox 534 1341 595 1385; x_wconf 91' lang='lat' dir='ltr'><strong>nnn</strong></span> <span class='ocrx_word' id='word_1_76' title='bbox 617 1329 716 1403; x_wconf 87' lang='lat' dir='ltr'><strong>petest</strong></span> <span class='ocrx_word' id='word_1_77' title='bbox 733 1322 808 1383; x_wconf 86' lang='lat' dir='ltr'><strong>hane</strong></span> <span class='ocrx_word' id='word_1_78' title='bbox 827 1320 885 1381; x_wconf 84' lang='lat' dir='ltr'><strong>vim</strong></span> <span class='ocrx_word' id='word_1_79' title='bbox 905 1320 1013 1382; x_wconf 86' lang='lat' dir='ltr'><strong>habere</strong></span> <span class='ocrx_word' id='word_1_80' title='bbox 1032 1322 1163 1383; x_wconf 72' lang='lat' dir='ltr'><strong>utentia</strong></span> <span class='ocrx_word' id='word_1_81' title='bbox 1181 1321 1441 1401; x_wconf 81' lang='lat' dir='ltr'><strong>verbusigniticet.</strong></span> 
     </span>
     <span class='ocr_line' id='line_1_11' title="bbox 287 1423 1443 1509; baseline -0.006 -18"><span class='ocrx_word' id='word_1_82' title='bbox 287 1431 364 1491; x_wconf 86' lang='lat' dir='ltr'><strong>Sane</strong></span> <span class='ocrx_word' id='word_1_83' title='bbox 384 1427 502 1509; x_wconf 86' lang='lat' dir='ltr'><strong>quidem</strong></span> <span class='ocrx_word' id='word_1_84' title='bbox 521 1425 553 1488; x_wconf 90' lang='lat' dir='ltr'><strong>in</strong></span> <span class='ocrx_word' id='word_1_85' title='bbox 573 1425 639 1505; x_wconf 88' lang='lat' dir='ltr'><strong>ipse</strong></span> <span class='ocrx_word' id='word_1_86' title='bbox 658 1423 799 1487; x_wconf 76' lang='lat' dir='ltr'><strong>vocabule</strong></span> <span class='ocrx_word' id='word_1_87' title='bbox 820 1440 874 1504; x_wconf 86' lang='lat' dir='ltr'><strong>per</strong></span> <span class='ocrx_word' id='word_1_88' title='bbox 893 1442 926 1484; x_wconf 88' lang='lat' dir='ltr'><strong>se</strong></span> <span class='ocrx_word' id='word_1_89' title='bbox 940 1430 1071 1502; x_wconf 83' lang='lat' dir='ltr'><strong>spectate</strong></span> <span class='ocrx_word' id='word_1_90' title='bbox 1086 1441 1148 1485; x_wconf 90' lang='lat' dir='ltr'><strong>nen</strong></span> <span class='ocrx_word' id='word_1_91' title='bbox 1163 1424 1239 1486; x_wconf 88' lang='lat' dir='ltr'><strong>inest</strong></span> <span class='ocrx_word' id='word_1_92' title='bbox 1253 1425 1325 1487; x_wconf 85' lang='lat' dir='ltr'><strong>haee</strong></span> <span class='ocrx_word' id='word_1_93' title='bbox 1339 1423 1397 1498; x_wconf 84' lang='lat' dir='ltr'><strong>vis,</strong></span> <span class='ocrx_word' id='word_1_94' title='bbox 1412 1430 1443 1484; x_wconf 88' lang='lat' dir='ltr'><strong>et</strong></span> 
     </span>
    </p>
   </div>
   <div class='ocr_carea' id='block_1_4' title="bbox 287 1523 1573 1612">
    <p class='ocr_par' dir='ltr' id='par_1_4' title="bbox 287 1523 1573 1612">
     <span class='ocr_line' id='line_1_12' title="bbox 287 1523 1573 1612; baseline -0.005 -18"><span class='ocrx_word' id='word_1_95' title='bbox 287 1539 356 1594; x_wconf 89' lang='lat' dir='ltr'><strong>sunt</strong></span> <span class='ocrx_word' id='word_1_96' title='bbox 369 1523 464 1612; x_wconf 91' lang='grc' dir='ltr'><strong><em>λόγοι</em></strong></span> <span class='ocrx_word' id='word_1_97' title='bbox 486 1528 572 1591; x_wconf 82' lang='lat' dir='ltr'><strong>verba</strong></span> <span class='ocrx_word' id='word_1_98' title='bbox 586 1528 673 1590; x_wconf 86' lang='lat' dir='ltr'><strong>etiam</strong></span> <span class='ocrx_word' id='word_1_99' title='bbox 686 1527 787 1590; x_wconf 87' lang='lat' dir='ltr'><strong>iurati:</strong></span> <span class='ocrx_word' id='word_1_100' title='bbox 802 1527 973 1589; x_wconf 74' lang='lat' dir='ltr'><strong>sedensue</strong></span> <span class='ocrx_word' id='word_1_101' title='bbox 988 1526 1066 1599; x_wconf 85' lang='lat' dir='ltr'><strong>loen,</strong></span> <span class='ocrx_word' id='word_1_102' title='bbox 1081 1544 1173 1607; x_wconf 85' lang='lat' dir='ltr'><strong>quum</strong></span> <span class='ocrx_word' id='word_1_103' title='bbox 1191 1534 1380 1608; x_wconf 82' lang='lat' dir='ltr'><strong>opponantur</strong></span> <span class='ocrx_word' id='word_1_104' title='bbox 1393 1527 1442 1588; x_wconf 84' lang='lat' dir='ltr'><strong>in-</strong></span> <span class='ocrx_word' id='word_1_105' title='bbox 1570 1540 1573 1545; x_wconf 84' lang='lat'>·</span> 
     </span>
    </p>
   </div>
   <div class='ocr_carea' id='block_1_5' title="bbox 287 1622 1449 4491">
    <p class='ocr_par' dir='ltr' id='par_1_5' title="bbox 287 1622 1446 2226">
     <span class='ocr_line' id='line_1_13' title="bbox 287 1622 1443 1717; baseline -0.004 -20"><span class='ocrx_word' id='word_1_106' title='bbox 287 1643 331 1697; x_wconf 87' lang='lat' dir='ltr'><strong>ter</strong></span> <span class='ocrx_word' id='word_1_107' title='bbox 344 1653 376 1696; x_wconf 87' lang='lat' dir='ltr'><strong>se</strong></span> <span class='ocrx_word' id='word_1_108' title='bbox 391 1623 536 1717; x_wconf 82' lang='grc' dir='ltr'><strong><em>ὁρκίοισι</em></strong></span> <span class='ocrx_word' id='word_1_109' title='bbox 557 1627 616 1711; x_wconf 81' lang='grc' dir='ltr'><strong>μὲν</strong></span> <span class='ocrx_word' id='word_1_110' title='bbox 632 1623 738 1712; x_wconf 84' lang='grc' dir='ltr'><strong><em>ζογιίς</em></strong></span> <span class='ocrx_word' id='word_1_111' title='bbox 758 1638 787 1691; x_wconf 89' lang='lat' dir='ltr'><strong>et</strong></span> <span class='ocrx_word' id='word_1_112' title='bbox 804 1623 916 1711; x_wconf 78' lang='grc' dir='ltr'><strong><em>λόγοις</em></strong></span> <span class='ocrx_word' id='word_1_113' title='bbox 931 1624 969 1691; x_wconf 79' lang='grc' dir='ltr'><strong>δὲ</strong></span> <span class='ocrx_word' id='word_1_114' title='bbox 982 1622 1120 1709; x_wconf 80' lang='grc' dir='ltr'><strong><em>σομβοίς,</em></strong></span> <span class='ocrx_word' id='word_1_115' title='bbox 1136 1630 1321 1692; x_wconf 84' lang='lat' dir='ltr'><strong>manifestum</strong></span> <span class='ocrx_word' id='word_1_116' title='bbox 1332 1632 1366 1692; x_wconf 85' lang='lat' dir='ltr'><strong>iit</strong></span> <span class='ocrx_word' id='word_1_117' title='bbox 1377 1648 1443 1692; x_wconf 89' lang='lat' dir='ltr'><strong>nun</strong></span> 
     </span>
     <span class='ocr_line' id='line_1_14' title="bbox 287 1730 1443 1817; baseline -0.005 -17"><span class='ocrx_word' id='word_1_118' title='bbox 287 1738 359 1800; x_wconf 87' lang='lat' dir='ltr'><strong>alios</strong></span> <span class='ocrx_word' id='word_1_119' title='bbox 374 1730 489 1817; x_wconf 84' lang='grc' dir='ltr'><strong><em>λόγους</em></strong></span> <span class='ocrx_word' id='word_1_120' title='bbox 504 1733 625 1814; x_wconf 80' lang='lat' dir='ltr'><strong>eogitari</strong></span> <span class='ocrx_word' id='word_1_121' title='bbox 634 1733 744 1795; x_wconf 81' lang='lat' dir='ltr'><strong>debere</strong></span> <span class='ocrx_word' id='word_1_122' title='bbox 759 1751 846 1813; x_wconf 87' lang='lat' dir='ltr'><strong>quam</strong></span> <span class='ocrx_word' id='word_1_123' title='bbox 862 1733 911 1813; x_wconf 87' lang='lat' dir='ltr'><strong>qui</strong></span> <span class='ocrx_word' id='word_1_124' title='bbox 926 1749 989 1793; x_wconf 90' lang='lat' dir='ltr'><strong>non</strong></span> <span class='ocrx_word' id='word_1_125' title='bbox 1003 1732 1063 1793; x_wconf 88' lang='lat' dir='ltr'><strong>sint</strong></span> <span class='ocrx_word' id='word_1_126' title='bbox 1073 1750 1141 1794; x_wconf 85' lang='lat' dir='ltr'><strong>enm</strong></span> <span class='ocrx_word' id='word_1_127' title='bbox 1154 1732 1217 1794; x_wconf 85' lang='lat' dir='ltr'><strong>inre</strong></span> <span class='ocrx_word' id='word_1_128' title='bbox 1231 1733 1355 1796; x_wconf 82' lang='lat' dir='ltr'><strong>iurando</strong></span> <span class='ocrx_word' id='word_1_129' title='bbox 1368 1750 1443 1795; x_wconf 86' lang='lat' dir='ltr'><strong>enn-</strong></span> 
     </span>
     <span class='ocr_line' id='line_1_15' title="bbox 287 1834 1445 1916; baseline -0.005 -12"><span class='ocrx_word' id='word_1_130' title='bbox 287 1841 378 1903; x_wconf 84' lang='lat' dir='ltr'><strong>inneti</strong></span> <span class='ocrx_word' id='word_1_131' title='bbox 392 1841 421 1902; x_wconf 89' lang='lat' dir='ltr'><strong>h.</strong></span> <span class='ocrx_word' id='word_1_132' title='bbox 437 1859 462 1901; x_wconf 86' lang='lat' dir='ltr'><strong>e</strong></span> <span class='ocrx_word' id='word_1_133' title='bbox 477 1837 667 1911; x_wconf 76' lang='lat' dir='ltr'><strong>nudaveris,</strong></span> <span class='ocrx_word' id='word_1_134' title='bbox 686 1836 767 1915; x_wconf 87' lang='lat' dir='ltr'><strong>quud</strong></span> <span class='ocrx_word' id='word_1_135' title='bbox 786 1853 845 1916; x_wconf 78' lang='lat' dir='ltr'><strong>que</strong></span> <span class='ocrx_word' id='word_1_136' title='bbox 857 1836 956 1897; x_wconf 89' lang='lat' dir='ltr'><strong>minus</strong></span> <span class='ocrx_word' id='word_1_137' title='bbox 971 1834 1095 1897; x_wconf 85' lang='lat' dir='ltr'><strong>dubium</strong></span> <span class='ocrx_word' id='word_1_138' title='bbox 1113 1854 1181 1897; x_wconf 84' lang='lat' dir='ltr'><strong>esse</strong></span> <span class='ocrx_word' id='word_1_139' title='bbox 1194 1835 1291 1916; x_wconf 83' lang='lat' dir='ltr'><strong>possit</strong></span> <span class='ocrx_word' id='word_1_140' title='bbox 1303 1836 1368 1916; x_wconf 83' lang='lat' dir='ltr'><strong>ipss</strong></span> <span class='ocrx_word' id='word_1_141' title='bbox 1380 1835 1445 1898; x_wconf 86' lang='lat' dir='ltr'><strong>Eu·</strong></span> 
     </span>
     <span class='ocr_line' id='line_1_16' title="bbox 287 1929 1446 2025; baseline -0.003 -21"><span class='ocrx_word' id='word_1_142' title='bbox 287 1944 397 2025; x_wconf 83' lang='lat' dir='ltr'><strong>ripides</strong></span> <span class='ocrx_word' id='word_1_143' title='bbox 409 1941 482 2004; x_wconf 83' lang='lat' dir='ltr'><strong>eavit</strong></span> <span class='ocrx_word' id='word_1_144' title='bbox 492 1940 597 2002; x_wconf 81' lang='lat' dir='ltr'><strong>additis</strong></span> <span class='ocrx_word' id='word_1_145' title='bbox 613 1939 708 2001; x_wconf 86' lang='lat' dir='ltr'><strong>verbis</strong></span> <span class='ocrx_word' id='word_1_146' title='bbox 723 1933 781 2001; x_wconf 83' lang='grc' dir='ltr'><strong>καὶ</strong></span> <span class='ocrx_word' id='word_1_147' title='bbox 801 1934 892 2000; x_wconf 73' lang='grc' dir='ltr'><strong><em>θεῶν</em></strong></span> <span class='ocrx_word' id='word_1_148' title='bbox 913 1929 1097 2018; x_wconf 74' lang='grc' dir='ltr'><strong><em>α’νοίμονοςι</em></strong></span> <span class='ocrx_word' id='word_1_149' title='bbox 1112 1956 1179 2001; x_wconf 86' lang='lat' dir='ltr'><strong>nam</strong></span> <span class='ocrx_word' id='word_1_150' title='bbox 1193 1939 1245 2019; x_wconf 76' lang='lat' dir='ltr'><strong>quui</strong></span> <span class='ocrx_word' id='word_1_151' title='bbox 1258 1931 1372 2020; x_wconf 84' lang='grc' dir='ltr'><strong><em>λόγοις</em></strong></span> <span class='ocrx_word' id='word_1_152' title='bbox 1385 1933 1446 2000; x_wconf 81' lang='grc' dir='ltr'><strong>καὶ</strong></span> 
     </span>
     <span class='ocr_line' id='line_1_17' title="bbox 288 2037 1445 2127; baseline -0.002 -19"><span class='ocrx_word' id='word_1_153' title='bbox 288 2037 456 2126; x_wconf 75' lang='grc' dir='ltr'><strong><em>ἀνείμονος</em></strong></span> <span class='ocrx_word' id='word_1_154' title='bbox 481 2040 645 2127; x_wconf 78' lang='grc' dir='ltr'><strong><em>συμβῆναι</em></strong></span> <span class='ocrx_word' id='word_1_155' title='bbox 668 2041 788 2115; x_wconf 75' lang='lat' dir='ltr'><strong>diuitem,</strong></span> <span class='ocrx_word' id='word_1_156' title='bbox 808 2041 888 2104; x_wconf 86' lang='lat' dir='ltr'><strong>hune</strong></span> <span class='ocrx_word' id='word_1_157' title='bbox 906 2048 1029 2122; x_wconf 84' lang='lat' dir='ltr'><strong>apparet</strong></span> <span class='ocrx_word' id='word_1_158' title='bbox 1046 2040 1102 2103; x_wconf 87' lang='lat' dir='ltr'><strong>diei</strong></span> <span class='ocrx_word' id='word_1_159' title='bbox 1122 2041 1216 2103; x_wconf 83' lang='lat' dir='ltr'><strong>verbis</strong></span> <span class='ocrx_word' id='word_1_160' title='bbox 1236 2042 1445 2106; x_wconf 77' lang='lat' dir='ltr'><strong>tantummodo</strong></span> 
     </span>
     <span class='ocr_line' id='line_1_18' title="bbox 287 2146 832 2226; baseline -0.011 -15"><span class='ocrx_word' id='word_1_161' title='bbox 287 2157 318 2211; x_wconf 89' lang='lat' dir='ltr'><strong>et</strong></span> <span class='ocrx_word' id='word_1_162' title='bbox 332 2149 396 2211; x_wconf 88' lang='lat' dir='ltr'><strong>sine</strong></span> <span class='ocrx_word' id='word_1_163' title='bbox 409 2148 473 2209; x_wconf 86' lang='lat' dir='ltr'><strong>iure</strong></span> <span class='ocrx_word' id='word_1_164' title='bbox 486 2146 610 2208; x_wconf 84' lang='lat' dir='ltr'><strong>iurando</strong></span> <span class='ocrx_word' id='word_1_165' title='bbox 625 2152 743 2226; x_wconf 88' lang='lat' dir='ltr'><strong>paetum</strong></span> <span class='ocrx_word' id='word_1_166' title='bbox 758 2162 832 2206; x_wconf 86' lang='lat' dir='ltr'><strong>esse.</strong></span> 
     </span>
    </p>

    <p class='ocr_par' dir='ltr' id='par_1_6' title="bbox 373 2237 1133 2329">
     <span class='ocr_line' id='line_1_19' title="bbox 373 2237 1133 2329; baseline -0.007 -16"><span class='ocrx_word' id='word_1_167' title='bbox 373 2251 452 2313; x_wconf 77' lang='lat' dir='ltr'><strong>Vere.</strong></span> <span class='ocrx_word' id='word_1_168' title='bbox 469 2250 545 2312; x_wconf 82' lang='lat'>831:</span> <span class='ocrx_word' id='word_1_169' title='bbox 589 2245 664 2323; x_wconf 80' lang='grc' dir='ltr'><strong><em>πῶς</em></strong></span> <span class='ocrx_word' id='word_1_170' title='bbox 685 2238 718 2308; x_wconf 78' lang='grc' dir='ltr'><strong>δ’</strong></span> <span class='ocrx_word' id='word_1_171' title='bbox 741 2237 875 2327; x_wconf 79' lang='grc' dir='ltr'><strong><em>όμμανα</em></strong></span> <span class='ocrx_word' id='word_1_172' title='bbox 896 2242 1133 2329; x_wconf 76' lang='grc' dir='ltr'><strong><em>προσβαλοῦσα</em></strong></span> 
     </span>
    </p>

    <p class='ocr_par' dir='ltr' id='par_1_7' title="bbox 545 2339 1020 2538">
     <span class='ocr_line' id='line_1_20' title="bbox 588 2339 1020 2433; baseline -0.002 -21"><span class='ocrx_word' id='word_1_173' title='bbox 588 2346 717 2425; x_wconf 78' lang='grc' dir='ltr'><strong><em>τέκνοις</em></strong></span> <span class='ocrx_word' id='word_1_174' title='bbox 738 2339 882 2433; x_wconf 82' lang='grc' dir='ltr'><strong><em>όίδακρον</em></strong></span> <span class='ocrx_word' id='word_1_175' title='bbox 902 2347 1020 2433; x_wconf 77' lang='grc' dir='ltr'><strong><em>μοῖραν</em></strong></span> 
     </span>
     <span class='ocr_line' id='line_1_21' title="bbox 545 2446 863 2538; baseline 0.003 -24"><span class='ocrx_word' id='word_1_176' title='bbox 545 2463 550 2469; x_wconf 84' lang='grc'><em>’</em></span> <span class='ocrx_word' id='word_1_177' title='bbox 589 2446 722 2537; x_wconf 79' lang='grc' dir='ltr'><strong><em>σχήσεις</em></strong></span> <span class='ocrx_word' id='word_1_178' title='bbox 743 2447 863 2538; x_wconf 70' lang='grc' dir='ltr'><strong><em>φόνους</em></strong></span> 
     </span>
    </p>

    <p class='ocr_par' dir='ltr' id='par_1_8' title="bbox 287 2554 1449 4491">
     <span class='ocr_line' id='line_1_22' title="bbox 372 2554 1449 2639; baseline -0.003 -18"><span class='ocrx_word' id='word_1_179' title='bbox 372 2557 546 2621; x_wconf 70' lang='lat' dir='ltr'><strong>Rectissime</strong></span> <span class='ocrx_word' id='word_1_180' title='bbox 564 2575 633 2620; x_wconf 88' lang='lat' dir='ltr'><strong>eum</strong></span> <span class='ocrx_word' id='word_1_181' title='bbox 646 2556 816 2618; x_wconf 79' lang='lat' dir='ltr'><strong>Hermanno</strong></span> <span class='ocrx_word' id='word_1_182' title='bbox 835 2555 906 2618; x_wconf 87' lang='lat' dir='ltr'><strong>haee</strong></span> <span class='ocrx_word' id='word_1_183' title='bbox 921 2554 1008 2619; x_wconf 80' lang='lat' dir='ltr'><strong>verba</strong></span> <span class='ocrx_word' id='word_1_184' title='bbox 1026 2556 1065 2619; x_wconf 89' lang='lat' dir='ltr'><strong>ita</strong></span> <span class='ocrx_word' id='word_1_185' title='bbox 1083 2557 1354 2639; x_wconf 70' lang='lat' dir='ltr'><strong>interpretabimur:</strong></span> <span class='ocrx_word' id='word_1_186' title='bbox 1370 2554 1449 2632; x_wconf 75' lang='grc' dir='ltr'><strong><em>πῶς</em></strong></span> 
     </span>
     <span class='ocr_line' id='line_1_23' title="bbox 289 2647 1448 2746; baseline -0.003 -21"><span class='ocrx_word' id='word_1_187' title='bbox 289 2655 422 2746; x_wconf 79' lang='grc' dir='ltr'><strong><em>σχήσεις</em></strong></span> <span class='ocrx_word' id='word_1_188' title='bbox 443 2660 563 2745; x_wconf 86' lang='grc' dir='ltr'><strong><em>μοῖραν</em></strong></span> <span class='ocrx_word' id='word_1_189' title='bbox 582 2656 640 2745; x_wconf 78' lang='grc' dir='ltr'><strong>τήν</strong></span> <span class='ocrx_word' id='word_1_190' title='bbox 662 2655 721 2745; x_wconf 87' lang='grc' dir='ltr'><strong>σήν</strong></span> <span class='ocrx_word' id='word_1_191' title='bbox 742 2650 827 2722; x_wconf 79' lang='grc' dir='ltr'><strong><em>ὥστε</em></strong></span> <span class='ocrx_word' id='word_1_192' title='bbox 849 2650 994 2743; x_wconf 83' lang='grc' dir='ltr'><strong><em>ίίόακρυν</em></strong></span> <span class='ocrx_word' id='word_1_193' title='bbox 1014 2653 1119 2744; x_wconf 85' lang='grc' dir='ltr'><strong><em>φόνου</em></strong></span> <span class='ocrx_word' id='word_1_194' title='bbox 1135 2647 1235 2737; x_wconf 74' lang='grc' dir='ltr'><strong><em>ιῖναις</em></strong></span> <span class='ocrx_word' id='word_1_195' title='bbox 1256 2659 1311 2722; x_wconf 75' lang='lat' dir='ltr'><strong>Alii</strong></span> <span class='ocrx_word' id='word_1_196' title='bbox 1324 2659 1448 2745; x_wconf 84' lang='grc' dir='ltr'><strong><em>μοῖραν</em></strong></span> 
     </span>
     <span class='ocr_line' id='line_1_24' title="bbox 288 2759 1448 2850; baseline -0.002 -23"><span class='ocrx_word' id='word_1_197' title='bbox 288 2759 389 2849; x_wconf 77' lang='grc' dir='ltr'><strong><em>φόνου</em></strong></span> <span class='ocrx_word' id='word_1_198' title='bbox 404 2784 460 2846; x_wconf 87' lang='lat' dir='ltr'><strong>pro</strong></span> <span class='ocrx_word' id='word_1_199' title='bbox 476 2760 579 2850; x_wconf 84' lang='grc' dir='ltr'><strong><em>φόνον</em></strong></span> <span class='ocrx_word' id='word_1_200' title='bbox 592 2764 650 2827; x_wconf 84' lang='lat' dir='ltr'><strong>diei</strong></span> <span class='ocrx_word' id='word_1_201' title='bbox 663 2771 767 2845; x_wconf 86' lang='lat' dir='ltr'><strong>putant</strong></span> <span class='ocrx_word' id='word_1_202' title='bbox 780 2763 882 2825; x_wconf 87' lang='lat' dir='ltr'><strong>eadem</strong></span> <span class='ocrx_word' id='word_1_203' title='bbox 896 2762 1178 2845; x_wconf 82' lang='lat' dir='ltr'><strong>cirenmlnquntr&#39;nne</strong></span> <span class='ocrx_word' id='word_1_204' title='bbox 1189 2782 1247 2844; x_wconf 88' lang='lat' dir='ltr'><strong>qna</strong></span> <span class='ocrx_word' id='word_1_205' title='bbox 1259 2763 1362 2847; x_wconf 84' lang='grc' dir='ltr'><strong><em>μοῖρα</em></strong></span> <span class='ocrx_word' id='word_1_206' title='bbox 1374 2763 1448 2826; x_wconf 68' lang='grc' dir='ltr'><strong>θα-</strong></span> 
     </span>
     <span class='ocr_line' id='line_1_25' title="bbox 288 2856 1448 2950; baseline 0 -22"><span class='ocrx_word' id='word_1_207' title='bbox 288 2863 385 2931; x_wconf 84' lang='grc' dir='ltr'><strong><em>νότοο</em></strong></span> <span class='ocrx_word' id='word_1_208' title='bbox 400 2888 426 2929; x_wconf 84' lang='lat' dir='ltr'><strong>v.</strong></span> <span class='ocrx_word' id='word_1_209' title='bbox 442 2868 504 2930; x_wconf 77' lang='lat'><strong>957</strong></span> <span class='ocrx_word' id='word_1_210' title='bbox 520 2868 631 2948; x_wconf 87' lang='lat' dir='ltr'><strong>aliaque</strong></span> <span class='ocrx_word' id='word_1_211' title='bbox 646 2866 752 2929; x_wconf 85' lang='lat' dir='ltr'><strong>similia</strong></span> <span class='ocrx_word' id='word_1_212' title='bbox 766 2867 915 2929; x_wconf 82' lang='lat' dir='ltr'><strong>dicuntur:</strong></span> <span class='ocrx_word' id='word_1_213' title='bbox 932 2884 991 2946; x_wconf 89' lang='lat' dir='ltr'><strong>que</strong></span> <span class='ocrx_word' id='word_1_214' title='bbox 1011 2884 1102 2929; x_wconf 87' lang='lat' dir='ltr'><strong>sensu</strong></span> <span class='ocrx_word' id='word_1_215' title='bbox 1121 2874 1219 2929; x_wconf 83' lang='lat' dir='ltr'><strong>autem</strong></span> <span class='ocrx_word' id='word_1_216' title='bbox 1233 2859 1337 2950; x_wconf 86' lang='grc' dir='ltr'><strong><em>φόνον</em></strong></span> <span class='ocrx_word' id='word_1_217' title='bbox 1358 2856 1448 2928; x_wconf 67' lang='lat' dir='ltr'><strong>irin-</strong></span> 
     </span>
     <span class='ocr_line' id='line_1_26' title="bbox 288 2965 1449 3055; baseline -0.001 -23"><span class='ocrx_word' id='word_1_218' title='bbox 288 2991 365 3055; x_wconf 83' lang='grc' dir='ltr'><strong><em>κρον</em></strong></span> <span class='ocrx_word' id='word_1_219' title='bbox 386 2965 519 3054; x_wconf 78' lang='grc' dir='ltr'><strong><em>σχήσεις</em></strong></span> <span class='ocrx_word' id='word_1_220' title='bbox 539 2970 631 3050; x_wconf 83' lang='lat' dir='ltr'><strong>eeeipi</strong></span> <span class='ocrx_word' id='word_1_221' title='bbox 653 2970 750 3043; x_wconf 84' lang='lat' dir='ltr'><strong>velint,</strong></span> <span class='ocrx_word' id='word_1_222' title='bbox 769 2986 833 3030; x_wconf 88' lang='lat' dir='ltr'><strong>nen</strong></span> <span class='ocrx_word' id='word_1_223' title='bbox 852 2977 1011 3049; x_wconf 75' lang='lat' dir='ltr'><strong>exponunt</strong></span> <span class='ocrx_word' id='word_1_224' title='bbox 1042 2968 1135 3031; x_wconf 85' lang='lat' dir='ltr'><strong>Nebis</strong></span> <span class='ocrx_word' id='word_1_225' title='bbox 1148 2971 1222 3032; x_wconf 86' lang='lat' dir='ltr'><strong>haee</strong></span> <span class='ocrx_word' id='word_1_226' title='bbox 1241 2969 1373 3049; x_wconf 77' lang='lat' dir='ltr'><strong>loquutie</strong></span> <span class='ocrx_word' id='word_1_227' title='bbox 1394 2979 1449 3033; x_wconf 85' lang='lat' dir='ltr'><strong>aut</strong></span> 
     </span>
     <span class='ocr_line' id='line_1_27' title="bbox 287 3071 1449 3154; baseline 0.001 -20"><span class='ocrx_word' id='word_1_228' title='bbox 287 3075 317 3136; x_wconf 89' lang='lat' dir='ltr'><strong>id</strong></span> <span class='ocrx_word' id='word_1_229' title='bbox 332 3074 495 3154; x_wconf 78' lang='lat' dir='ltr'><strong>signifieere</strong></span> <span class='ocrx_word' id='word_1_230' title='bbox 510 3073 632 3146; x_wconf 80' lang='lat' dir='ltr'><strong>videtur,</strong></span> <span class='ocrx_word' id='word_1_231' title='bbox 647 3072 726 3152; x_wconf 88' lang='lat' dir='ltr'><strong>qued</strong></span> <span class='ocrx_word' id='word_1_232' title='bbox 741 3071 928 3133; x_wconf 85' lang='lat' dir='ltr'><strong>Hermannus</strong></span> <span class='ocrx_word' id='word_1_233' title='bbox 944 3071 1048 3134; x_wconf 87' lang='lat' dir='ltr'><strong>merite</strong></span> <span class='ocrx_word' id='word_1_234' title='bbox 1060 3072 1222 3135; x_wconf 76' lang='lat' dir='ltr'><strong>absumum</strong></span> <span class='ocrx_word' id='word_1_235' title='bbox 1237 3071 1316 3147; x_wconf 67' lang='lat' dir='ltr'><strong>dieii,</strong></span> <span class='ocrx_word' id='word_1_236' title='bbox 1331 3074 1449 3135; x_wconf 74' lang='grc' dir='ltr'><strong><em>οσοόιιιι</em></strong></span> 
     </span>
     <span class='ocr_line' id='line_1_28' title="bbox 288 3174 1449 3256; baseline -0.002 -17"><span class='ocrx_word' id='word_1_237' title='bbox 288 3174 772 3239; x_wconf 54' lang='lat' dir='ltr'><strong>animumanimumum</strong></span> <span class='ocrx_word' id='word_1_238' title='bbox 784 3174 914 3236; x_wconf 68' lang='lat' dir='ltr'><strong>lacrumis</strong></span> <span class='ocrx_word' id='word_1_239' title='bbox 927 3175 956 3236; x_wconf 87' lang='lat' dir='ltr'><strong>h.</strong></span> <span class='ocrx_word' id='word_1_240' title='bbox 972 3194 997 3236; x_wconf 84' lang='lat' dir='ltr'><strong>e</strong></span> <span class='ocrx_word' id='word_1_241' title='bbox 1018 3178 1079 3236; x_wconf 76' lang='grc' dir='ltr'><strong><em>ιίιιε</em></strong></span> <span class='ocrx_word' id='word_1_242' title='bbox 1099 3174 1230 3237; x_wconf 68' lang='lat' dir='ltr'><strong>naemu</strong></span> <span class='ocrx_word' id='word_1_243' title='bbox 1249 3184 1449 3256; x_wconf 63' lang='lat' dir='ltr'><strong>mperatum</strong></span> 
     </span>
     <span class='ocr_line' id='line_1_29' title="bbox 288 3276 1448 3357; baseline -0.002 -16"><span class='ocrx_word' id='word_1_244' title='bbox 288 3300 317 3343; x_wconf 84' lang='lat' dir='ltr'><strong>ea</strong></span> <span class='ocrx_word' id='word_1_245' title='bbox 333 3298 352 3341; x_wconf 88' lang='grc' dir='ltr'><strong><em>α</em></strong></span> <span class='ocrx_word' id='word_1_246' title='bbox 367 3280 465 3341; x_wconf 77' lang='lat' dir='ltr'><strong>caede:</strong></span> <span class='ocrx_word' id='word_1_247' title='bbox 480 3288 530 3341; x_wconf 82' lang='lat' dir='ltr'><strong>aut</strong></span> <span class='ocrx_word' id='word_1_248' title='bbox 544 3278 617 3340; x_wconf 85' lang='lat' dir='ltr'><strong>nihil</strong></span> <span class='ocrx_word' id='word_1_249' title='bbox 632 3278 755 3339; x_wconf 75' lang='lat' dir='ltr'><strong>emnium</strong></span> <span class='ocrx_word' id='word_1_250' title='bbox 771 3276 943 3357; x_wconf 77' lang='lat' dir='ltr'><strong>significare</strong></span> <span class='ocrx_word' id='word_1_251' title='bbox 974 3277 1047 3339; x_wconf 84' lang='lat' dir='ltr'><strong>Nam</strong></span> <span class='ocrx_word' id='word_1_252' title='bbox 1063 3278 1142 3357; x_wconf 82' lang='lat' dir='ltr'><strong>qued</strong></span> <span class='ocrx_word' id='word_1_253' title='bbox 1157 3278 1196 3340; x_wconf 82' lang='lat' dir='ltr'><strong>iili</strong></span> <span class='ocrx_word' id='word_1_254' title='bbox 1213 3279 1338 3340; x_wconf 75' lang='lat' dir='ltr'><strong>temese</strong></span> <span class='ocrx_word' id='word_1_255' title='bbox 1351 3278 1448 3339; x_wconf 82' lang='lat' dir='ltr'><strong>eredi-</strong></span> 
     </span>
     <span class='ocr_line' id='line_1_30' title="bbox 288 3372 1449 3466; baseline 0 -23"><span class='ocrx_word' id='word_1_256' title='bbox 288 3384 395 3444; x_wconf 82' lang='lat' dir='ltr'><strong>derunt</strong></span> <span class='ocrx_word' id='word_1_257' title='bbox 408 3376 508 3466; x_wconf 88' lang='grc' dir='ltr'><strong><em>φόνον</em></strong></span> <span class='ocrx_word' id='word_1_258' title='bbox 529 3372 615 3459; x_wconf 72' lang='grc' dir='ltr'><strong><em>ἔχειν</em></strong></span> <span class='ocrx_word' id='word_1_259' title='bbox 635 3380 671 3442; x_wconf 85' lang='lat' dir='ltr'><strong>de</strong></span> <span class='ocrx_word' id='word_1_260' title='bbox 681 3400 717 3442; x_wconf 85' lang='grc' dir='ltr'><strong><em>ιο</em></strong></span> <span class='ocrx_word' id='word_1_261' title='bbox 732 3381 788 3443; x_wconf 86' lang='lat' dir='ltr'><strong>diei</strong></span> <span class='ocrx_word' id='word_1_262' title='bbox 804 3399 904 3461; x_wconf 88' lang='lat' dir='ltr'><strong>pesse,</strong></span> <span class='ocrx_word' id='word_1_263' title='bbox 921 3381 971 3461; x_wconf 87' lang='lat' dir='ltr'><strong>qni</strong></span> <span class='ocrx_word' id='word_1_264' title='bbox 982 3380 1099 3442; x_wconf 81' lang='lat' dir='ltr'><strong>eusdem</strong></span> <span class='ocrx_word' id='word_1_265' title='bbox 1111 3389 1280 3461; x_wconf 85' lang='lat' dir='ltr'><strong>perpetrare</strong></span> <span class='ocrx_word' id='word_1_266' title='bbox 1293 3380 1449 3453; x_wconf 68' lang='lat' dir='ltr'><strong>amiens,</strong></span> 
     </span>
     <span class='ocr_line' id='line_1_31' title="bbox 288 3477 1449 3569; baseline 0 -23"><span class='ocrx_word' id='word_1_267' title='bbox 288 3487 317 3546; x_wconf 88' lang='lat' dir='ltr'><strong>id</strong></span> <span class='ocrx_word' id='word_1_268' title='bbox 343 3486 498 3548; x_wconf 73' lang='lat' dir='ltr'><strong>manifeste</strong></span> <span class='ocrx_word' id='word_1_269' title='bbox 524 3484 629 3546; x_wconf 68' lang='lat' dir='ltr'><strong>fusum</strong></span> <span class='ocrx_word' id='word_1_270' title='bbox 649 3492 703 3546; x_wconf 82' lang='lat' dir='ltr'><strong>est</strong></span> <span class='ocrx_word' id='word_1_271' title='bbox 733 3482 792 3545; x_wconf 84' lang='lat' dir='ltr'><strong>Sed</strong></span> <span class='ocrx_word' id='word_1_272' title='bbox 812 3483 997 3545; x_wconf 86' lang='lat' dir='ltr'><strong>Hermannus</strong></span> <span class='ocrx_word' id='word_1_273' title='bbox 1020 3483 1107 3545; x_wconf 71' lang='lat' dir='ltr'><strong>enam</strong></span> <span class='ocrx_word' id='word_1_274' title='bbox 1132 3477 1237 3568; x_wconf 86' lang='grc' dir='ltr'><strong><em>φόνον</em></strong></span> <span class='ocrx_word' id='word_1_275' title='bbox 1257 3477 1449 3569; x_wconf 68' lang='lat' dir='ltr'><strong>eumerium</strong></span> 
     </span>
     <span class='ocr_line' id='line_1_32' title="bbox 288 3585 1447 3668; baseline -0.001 -18"><span class='ocrx_word' id='word_1_276' title='bbox 288 3588 448 3667; x_wconf 86' lang='lat' dir='ltr'><strong>permutari</strong></span> <span class='ocrx_word' id='word_1_277' title='bbox 463 3587 555 3661; x_wconf 84' lang='lat' dir='ltr'><strong>iubet,</strong></span> <span class='ocrx_word' id='word_1_278' title='bbox 571 3586 650 3667; x_wconf 88' lang='lat' dir='ltr'><strong>qued</strong></span> <span class='ocrx_word' id='word_1_279' title='bbox 665 3594 742 3649; x_wconf 77' lang='lat' dir='ltr'><strong>extet</strong></span> <span class='ocrx_word' id='word_1_280' title='bbox 757 3602 827 3648; x_wconf 86' lang='lat' dir='ltr'><strong>sane</strong></span> <span class='ocrx_word' id='word_1_281' title='bbox 841 3587 872 3648; x_wconf 88' lang='lat' dir='ltr'><strong>in</strong></span> <span class='ocrx_word' id='word_1_282' title='bbox 884 3586 994 3666; x_wconf 80' lang='lat' dir='ltr'><strong>aliquot</strong></span> <span class='ocrx_word' id='word_1_283' title='bbox 1009 3585 1174 3662; x_wconf 78' lang='lat' dir='ltr'><strong>codicibus,</strong></span> <span class='ocrx_word' id='word_1_284' title='bbox 1189 3586 1304 3668; x_wconf 86' lang='lat' dir='ltr'><strong>ipsique</strong></span> <span class='ocrx_word' id='word_1_285' title='bbox 1315 3586 1358 3648; x_wconf 83' lang='lat' dir='ltr'><strong>vel</strong></span> <span class='ocrx_word' id='word_1_286' title='bbox 1372 3606 1447 3667; x_wconf 90' lang='lat' dir='ltr'><strong>pre·</strong></span> 
     </span>
     <span class='ocr_line' id='line_1_33' title="bbox 289 3683 1448 3773; baseline -0.002 -20"><span class='ocrx_word' id='word_1_287' title='bbox 289 3700 387 3772; x_wconf 83' lang='lat' dir='ltr'><strong>pterea</strong></span> <span class='ocrx_word' id='word_1_288' title='bbox 395 3691 618 3771; x_wconf 83' lang='lat' dir='ltr'><strong>praeterendum</strong></span> <span class='ocrx_word' id='word_1_289' title='bbox 634 3689 752 3763; x_wconf 84' lang='lat' dir='ltr'><strong>videtur,</strong></span> <span class='ocrx_word' id='word_1_290' title='bbox 767 3689 843 3769; x_wconf 87' lang='lat' dir='ltr'><strong>quia,</strong></span> <span class='ocrx_word' id='word_1_291' title='bbox 858 3683 996 3773; x_wconf 80' lang='grc' dir='ltr'><strong><em>ιιφόνοο</em></strong></span> <span class='ocrx_word' id='word_1_292' title='bbox 1009 3688 1128 3768; x_wconf 78' lang='lat' dir='ltr'><strong>legatur,</strong></span> <span class='ocrx_word' id='word_1_293' title='bbox 1143 3689 1243 3752; x_wconf 84' lang='lat' dir='ltr'><strong>statim</strong></span> <span class='ocrx_word' id='word_1_294' title='bbox 1254 3689 1448 3771; x_wconf 83' lang='lat' dir='ltr'><strong>sequentibus</strong></span> 
     </span>
     <span class='ocr_line' id='line_1_34' title="bbox 289 3784 1447 3872; baseline 0.001 -19"><span class='ocrx_word' id='word_1_295' title='bbox 289 3794 384 3856; x_wconf 75' lang='lat' dir='ltr'><strong>verbis</strong></span> <span class='ocrx_word' id='word_1_296' title='bbox 405 3784 443 3856; x_wconf 85' lang='grc' dir='ltr'><strong>οό</strong></span> <span class='ocrx_word' id='word_1_297' title='bbox 466 3786 608 3869; x_wconf 72' lang='grc' dir='ltr'><strong><em>όυνόσει,</em></strong></span> <span class='ocrx_word' id='word_1_298' title='bbox 630 3793 712 3855; x_wconf 86' lang='lat' dir='ltr'><strong>rudis</strong></span> <span class='ocrx_word' id='word_1_299' title='bbox 734 3792 839 3854; x_wconf 80' lang='lat' dir='ltr'><strong>existat</strong></span> <span class='ocrx_word' id='word_1_300' title='bbox 853 3790 959 3864; x_wconf 78' lang='lat' dir='ltr'><strong>hiatus,</strong></span> <span class='ocrx_word' id='word_1_301' title='bbox 974 3809 1062 3871; x_wconf 75' lang='grc' dir='ltr'><strong><em>ροισι</em></strong></span> <span class='ocrx_word' id='word_1_302' title='bbox 1078 3791 1115 3853; x_wconf 83' lang='lat' dir='ltr'><strong>ab</strong></span> <span class='ocrx_word' id='word_1_303' title='bbox 1129 3791 1268 3872; x_wconf 76' lang='lat' dir='ltr'><strong>Euripide</strong></span> <span class='ocrx_word' id='word_1_304' title='bbox 1281 3792 1447 3854; x_wconf 73' lang='lat' dir='ltr'><strong>admusum</strong></span> 
     </span>
     <span class='ocr_line' id='line_1_35' title="bbox 289 3884 1446 3979; baseline 0 -22"><span class='ocrx_word' id='word_1_305' title='bbox 289 3896 366 3957; x_wconf 86' lang='lat' dir='ltr'><strong>credi</strong></span> <span class='ocrx_word' id='word_1_306' title='bbox 382 3914 444 3957; x_wconf 91' lang='lat' dir='ltr'><strong>nnn</strong></span> <span class='ocrx_word' id='word_1_307' title='bbox 458 3913 557 3975; x_wconf 85' lang='lat' dir='ltr'><strong>pesse.</strong></span> <span class='ocrx_word' id='word_1_308' title='bbox 587 3895 661 3957; x_wconf 86' lang='lat' dir='ltr'><strong>Esse</strong></span> <span class='ocrx_word' id='word_1_309' title='bbox 671 3902 768 3957; x_wconf 88' lang='lat' dir='ltr'><strong>antem</strong></span> <span class='ocrx_word' id='word_1_310' title='bbox 791 3884 935 3977; x_wconf 80' lang='grc' dir='ltr'><strong><em>όίόακρον</em></strong></span> <span class='ocrx_word' id='word_1_311' title='bbox 955 3892 1073 3979; x_wconf 79' lang='grc' dir='ltr'><strong><em>μοῖραν</em></strong></span> <span class='ocrx_word' id='word_1_312' title='bbox 1093 3890 1226 3978; x_wconf 81' lang='grc' dir='ltr'><strong><em>σχήσεις</em></strong></span> <span class='ocrx_word' id='word_1_313' title='bbox 1247 3889 1446 3978; x_wconf 72' lang='lat' dir='ltr'><strong>peraridum</strong></span> 
     </span>
     <span class='ocr_line' id='line_1_36' title="bbox 288 3988 1449 4082; baseline -0.002 -21"><span class='ocrx_word' id='word_1_314' title='bbox 288 4000 369 4078; x_wconf 87' lang='lat' dir='ltr'><strong>qued</strong></span> <span class='ocrx_word' id='word_1_315' title='bbox 392 3988 431 4061; x_wconf 84' lang='grc' dir='ltr'><strong>οό</strong></span> <span class='ocrx_word' id='word_1_316' title='bbox 453 3991 629 4082; x_wconf 76' lang='grc' dir='ltr'><strong><em>δακρύσας</em></strong></span> <span class='ocrx_word' id='word_1_317' title='bbox 650 3992 762 4082; x_wconf 86' lang='grc' dir='ltr'><strong><em>φόνον,</em></strong></span> <span class='ocrx_word' id='word_1_318' title='bbox 784 3998 875 4076; x_wconf 78' lang='lat' dir='ltr'><strong>figura</strong></span> <span class='ocrx_word' id='word_1_319' title='bbox 892 3996 1008 4058; x_wconf 81' lang='lat' dir='ltr'><strong>dicendi</strong></span> <span class='ocrx_word' id='word_1_320' title='bbox 1030 3998 1148 4078; x_wconf 80' lang='lat' dir='ltr'><strong>tragicis</strong></span> <span class='ocrx_word' id='word_1_321' title='bbox 1174 3998 1245 4060; x_wconf 87' lang='lat' dir='ltr'><strong>satis</strong></span> <span class='ocrx_word' id='word_1_322' title='bbox 1269 3998 1385 4070; x_wconf 83' lang='lat' dir='ltr'><strong>usitata,</strong></span> <span class='ocrx_word' id='word_1_323' title='bbox 1411 3997 1449 4059; x_wconf 85' lang='lat' dir='ltr'><strong>de</strong></span> 
     </span>
     <span class='ocr_line' id='line_1_37' title="bbox 289 4099 1446 4181; baseline 0.001 -20"><span class='ocrx_word' id='word_1_324' title='bbox 289 4120 345 4181; x_wconf 81' lang='lat' dir='ltr'><strong>qua</strong></span> <span class='ocrx_word' id='word_1_325' title='bbox 361 4101 474 4163; x_wconf 84' lang='lat' dir='ltr'><strong>videndi</strong></span> <span class='ocrx_word' id='word_1_326' title='bbox 489 4101 549 4162; x_wconf 87' lang='lat' dir='ltr'><strong>sint</strong></span> <span class='ocrx_word' id='word_1_327' title='bbox 563 4102 688 4163; x_wconf 86' lang='lat' dir='ltr'><strong>Persen.</strong></span> <span class='ocrx_word' id='word_1_328' title='bbox 704 4101 738 4162; x_wconf 83' lang='lat' dir='ltr'><strong>ad</strong></span> <span class='ocrx_word' id='word_1_329' title='bbox 754 4100 822 4161; x_wconf 86' lang='lat' dir='ltr'><strong>Eur.</strong></span> <span class='ocrx_word' id='word_1_330' title='bbox 838 4100 950 4161; x_wconf 86' lang='lat' dir='ltr'><strong>Phnen.</strong></span> <span class='ocrx_word' id='word_1_331' title='bbox 966 4119 992 4160; x_wconf 86' lang='lat' dir='ltr'><strong>v.</strong></span> <span class='ocrx_word' id='word_1_332' title='bbox 1009 4100 1080 4162; x_wconf 82' lang='lat'><strong>300.</strong></span> <span class='ocrx_word' id='word_1_333' title='bbox 1095 4099 1338 4180; x_wconf 73' lang='lat' dir='ltr'><strong>Seidier.ad1pin</strong></span> <span class='ocrx_word' id='word_1_334' title='bbox 1355 4099 1446 4162; x_wconf 86' lang='lat' dir='ltr'><strong>Tuur.</strong></span> 
     </span>
     <span class='ocr_line' id='line_1_38' title="bbox 293 4200 1447 4284; baseline 0 -20"><span class='ocrx_word' id='word_1_335' title='bbox 293 4204 381 4266; x_wconf 80' lang='lat'>1061.</span> <span class='ocrx_word' id='word_1_336' title='bbox 397 4204 462 4284; x_wconf 87' lang='lat' dir='ltr'><strong>ipse</strong></span> <span class='ocrx_word' id='word_1_337' title='bbox 476 4204 513 4265; x_wconf 82' lang='lat' dir='ltr'><strong>ad</strong></span> <span class='ocrx_word' id='word_1_338' title='bbox 529 4203 622 4283; x_wconf 75' lang='lat' dir='ltr'><strong>Viget.</strong></span> <span class='ocrx_word' id='word_1_339' title='bbox 638 4221 668 4281; x_wconf 90' lang='lat' dir='ltr'><strong>p.</strong></span> <span class='ocrx_word' id='word_1_340' title='bbox 684 4200 755 4264; x_wconf 85' lang='grc'><strong>899.</strong></span> <span class='ocrx_word' id='word_1_341' title='bbox 782 4201 941 4282; x_wconf 79' lang='grc' dir='ltr'><strong><em>Λριίιιίοιε</em></strong></span> <span class='ocrx_word' id='word_1_342' title='bbox 952 4203 1116 4284; x_wconf 81' lang='lat' dir='ltr'><strong>comparari</strong></span> <span class='ocrx_word' id='word_1_343' title='bbox 1127 4221 1217 4283; x_wconf 86' lang='lat' dir='ltr'><strong>pesse</strong></span> <span class='ocrx_word' id='word_1_344' title='bbox 1228 4202 1405 4283; x_wconf 73' lang='lat' dir='ltr'><strong>Aeschylum</strong></span> <span class='ocrx_word' id='word_1_345' title='bbox 1416 4201 1447 4264; x_wconf 87' lang='lat' dir='ltr'><strong>in</strong></span> 
     </span>
     <span class='ocr_line' id='line_1_39' title="bbox 289 4295 1448 4390; baseline -0.001 -22"><span class='ocrx_word' id='word_1_346' title='bbox 289 4308 388 4387; x_wconf 74' lang='lat' dir='ltr'><strong>Agim.</strong></span> <span class='ocrx_word' id='word_1_347' title='bbox 403 4326 429 4367; x_wconf 87' lang='lat' dir='ltr'><strong>u.</strong></span> <span class='ocrx_word' id='word_1_348' title='bbox 447 4305 523 4368; x_wconf 77' lang='lat'><strong>822:</strong></span> <span class='ocrx_word' id='word_1_349' title='bbox 551 4297 649 4379; x_wconf 79' lang='grc' dir='ltr'><strong><em>δίκας</em></strong></span> <span class='ocrx_word' id='word_1_350' title='bbox 669 4299 731 4386; x_wconf 82' lang='grc' dir='ltr'><strong>γὰρ</strong></span> <span class='ocrx_word' id='word_1_351' title='bbox 754 4295 814 4366; x_wconf 85' lang='grc' dir='ltr'><strong>οόκ</strong></span> <span class='ocrx_word' id='word_1_352' title='bbox 836 4295 908 4368; x_wconf 78' lang='grc' dir='ltr'><strong>ἀπό</strong></span> <span class='ocrx_word' id='word_1_353' title='bbox 930 4299 1078 4390; x_wconf 77' lang='grc' dir='ltr'><strong><em>γλώσσης</em></strong></span> <span class='ocrx_word' id='word_1_354' title='bbox 1100 4300 1179 4367; x_wconf 71' lang='grc' dir='ltr'><strong><em>θεοί</em></strong></span> <span class='ocrx_word' id='word_1_355' title='bbox 1201 4299 1364 4379; x_wconf 74' lang='grc' dir='ltr'><strong><em>κλύοντες,</em></strong></span> <span class='ocrx_word' id='word_1_356' title='bbox 1389 4296 1448 4366; x_wconf 82' lang='grc' dir='ltr'><strong>όν·</strong></span> 
     </span>
     <span class='ocr_line' id='line_1_40' title="bbox 287 4397 1448 4491; baseline -0.002 -22"><span class='ocrx_word' id='word_1_357' title='bbox 287 4404 472 4491; x_wconf 75' lang='grc' dir='ltr'><strong><em>όροθνήιας</em></strong></span> <span class='ocrx_word' id='word_1_358' title='bbox 494 4397 593 4467; x_wconf 83' lang='grc' dir='ltr'><strong><em>Ἰλίου</em></strong></span> <span class='ocrx_word' id='word_1_359' title='bbox 616 4401 751 4491; x_wconf 75' lang='grc' dir='ltr'><strong><em>φθορὰς</em></strong></span> <span class='ocrx_word' id='word_1_360' title='bbox 776 4399 812 4481; x_wconf 72' lang='grc' dir='ltr'><strong><em>ἐς</em></strong></span> <span class='ocrx_word' id='word_1_361' title='bbox 838 4397 1019 4490; x_wconf 74' lang='grc' dir='ltr'><strong><em>αίμαιηρόν</em></strong></span> <span class='ocrx_word' id='word_1_362' title='bbox 1038 4403 1152 4485; x_wconf 77' lang='grc' dir='ltr'><strong><em>τεῦχος</em></strong></span> <span class='ocrx_word' id='word_1_363' title='bbox 1175 4399 1212 4468; x_wconf 83' lang='grc' dir='ltr'><strong><em>σι’·</em></strong></span> <span class='ocrx_word' id='word_1_364' title='bbox 1235 4399 1448 4490; x_wconf 76' lang='grc' dir='ltr'><strong><em>όιχορήόποις</em></strong></span> 
     </span>
    </p>
   </div>
   <div class='ocr_carea' id='block_1_6' title="bbox 0 0 1599 5136">
    <p class='ocr_par' dir='ltr' id='par_1_9' title="bbox 0 0 1599 5136">
     <span class='ocr_line' id='line_1_41' title="bbox 0 0 1599 5136; baseline 0 0"><span class='ocrx_word' id='word_1_365' title='bbox 0 0 1599 5136; x_wconf 95' lang='lat' dir='ltr'><strong> </strong></span> 
     </span>
    </p>
   </div>
  </div>
 </body>
</html>
