3178 5136
849 445 909 509 194

300 656 388 700 mrem
401 639 575 717 impietatem
588 644 676 698 noeto
686 653 767 706 ιιιοι,
786 636 816 699 b.
831 655 856 698 e.
872 634 1030 716 impietatis
1051 632 1161 696 orimon
1179 634 1210 695 in
1225 650 1274 695 me
1289 631 1454 695 coniectum

300 722 402 802 est—
413 738 584 802 Matthiaeus
599 745 705 812 eutem,
720 739 770 818 qui
784 734 923 819 σεμνούς
937 732 1080 820 γογιῗιτας
1095 735 1253 798 convertit:
1267 752 1406 815 οιοφιοοι
1421 734 1456 795 de

299 861 328 904 ae
342 845 583 906 ισίαίοιαιιοιιιοι
598 845 789 919 concitarunt,
808 842 865 905 loei
879 841 1024 905 rationem
1038 857 1099 902 non
1115 838 1186 901 satis
1201 844 1385 919 perspectam
1400 836 1456 897 ba-

298 944 400 1008 buisse
414 944 535 1007 videbar.
578 942 645 1006 Non
660 944 739 1008 eninr
754 945 791 1008 de
804 963 910 1026 magna
925 941 1146 1015 existimatione,
1161 941 1214 1004 sed
1230 941 1266 1003 de
1280 939 1340 1001 viui
1354 939 1457 1020 suspi-

300 1047 639 1129 eionebiedealoqnitur‚
649 1048 807 1128 omnisque
821 1047 983 1110 sententiae
997 1055 1082 1108 tenor
1096 1044 1145 1107 bie
1157 1052 1211 1119 est,
1224 1057 1258 1105 ιιι
1272 1060 1391 1105 oausam
1403 1060 1456 1102 en·

299 1160 403 1233 ponat,
420 1170 472 1214 our
485 1151 565 1213 toras
579 1169 738 1232 progressa
752 1151 804 1225 sit,
825 1159 928 1214 eontra
947 1149 1056 1212 seilicet
1075 1165 1163 1228 σιιιιιι
1182 1146 1276 1227 ipsius
1296 1144 1412 1209 animus
1427 1152 1459 1205 et

299 1253 412 1335 patrius
427 1272 508 1329 mos,
526 1253 636 1335 quippe
650 1253 773 1316 Asianae
791 1252 936 1327 mulieris,
952 1251 1069 1315 terebat
1112 1250 1236 1330 Egressa
1257 1267 1333 1323 sum,
1351 1246 1459 1326 inquit,

299 1373 336 1418 ne
350 1374 404 1418 vos
418 1375 467 1419 me
477 1355 660 1435 vituperetis:
675 1355 737 1419 seio
752 1356 830 1418 enim
846 1374 934 1437 quem
946 1354 1076 1437 prompti
1087 1352 1224 1415 homines
1240 1351 1276 1413 ad
1289 1350 1458 1431 rimporen·

300 1457 370 1520 dum
385 1477 452 1520 esse
468 1458 580 1520 soleant
601 1477 748 1540 quamque
763 1458 844 1522 taoile
859 1458 925 1520 vitia
939 1457 1022 1520 alteri
1036 1457 1181 1536 affingant.
1207 1455 1273 1517 [tuo
1288 1462 1385 1516 autem
1399 1471 1459 1534 po·

300 1560 448 1623 tissimum
467 1579 573 1641 genera
592 1561 730 1624 vitiorum
749 1571 974 1635 commemorat,
1000 1580 1033 1622 ea
1052 1558 1175 1633 scilieet,
1200 1576 1326 1640 quorum
1347 1556 1460 1619 αιίιιοιι

301 1662 366 1738 sibi,
382 1663 407 1725 si
421 1681 482 1726 non
497 1681 615 1744 egressa
629 1666 718 1738 toret,
738 1663 864 1726 maxime
878 1662 1042 1725 timendum
1057 1661 1149 1725 tuisse
1163 1659 1290 1732 videbat,
1305 1658 1463 1741 superbiae

301 1776 351 1827 aut
369 1765 508 1845 ignaviae.
551 1759 676 1846 Σεμνάς
700 1775 798 1829 antem
824 1782 1035 1846 saepenumero
1061 1763 1219 1845 neperbum
1243 1762 1386 1844 signifieat
1409 1769 1463 1823 aut

300 1885 369 1929 enm
388 1868 438 1948 qni
455 1869 586 1931 affectata
606 1869 732 1948 quadm
751 1868 888 1949 gravitate
907 1876 937 1931 et
955 1868 1104 1948 dignitatis
1123 1866 1319 1931 ostentatione
1337 1863 1462 1945 oonspi·

301 1988 374 2032 ouns
389 1978 443 2032 est
487 1971 570 2033 Cant.
587 1970 735 2053 Hippolyt.
751 1991 777 2032 ι.
793 1971 849 2044 92,
865 1990 952 2052 quem
967 1971 1064 2032 looum
1080 1970 1138 2033 ianr
1153 1968 1306 2031 Elmsleius
1327 1965 1462 2039 eontulit,

300 2068 458 2151 μισοῖντό
472 2068 588 2153 σεμνὸν
602 2069 659 2136 καὶ
674 2069 714 2137 τὸ
727 2068 772 2158 μὴ
784 2074 891 2137 πᾶσιν
904 2065 1011 2159 φίλον,
1027 2072 1158 2135 euimox
1173 2092 1198 2133 ι.
1210 2065 1301 2133 94τό
1316 2059 1465 2152 εὐπροσ·

269 2193 285 2243 ι
303 2165 421 2257 η’γορον
436 2175 605 2255 opponitur.
649 2176 722 2238 ddd.
737 2175 840 2238 Muret
856 2177 922 2239 Vae.
934 2176 1023 2238 Leott
1036 2193 1066 2255 p.
1082 2174 1144 2236 234
1156 2174 1243 2237 wott.
1258 2181 1288 2235 et
1298 2172 1464 2253 spanhem.

303 2276 349 2338 ad.
365 2276 514 2357 Aristopb.
530 2276 606 2338 Nub.
621 2297 647 2338 v.
664 2276 714 2340 48.

388 2378 470 2441 Vera.
493 2378 571 2440 279:
602 2372 826 2459 ξυμβάλλεται
852 2376 890 2443 di
915 2376 1026 2444 πολλοὶ
1051 2376 1149 2443 τοῦδε
1174 2369 1341 2459 δείματος
1385 2376 1463 2439 Mat-

304 2479 417 2543 thiaeus
437 2479 595 2559 genitivum
615 2489 769 2562 propterea
790 2482 921 2562 positum
942 2501 1008 2545 esse
1028 2482 1131 2557 credit,
1157 2481 1223 2562 quie
1242 2486 1343 2561 poeta,
1369 2497 1463 2559 quum

304 2575 527 2663 ξυμβάλλεται
540 2582 695 2658 scriberet,
716 2586 849 2665 cogitarit
871 2586 908 2648 de
921 2578 1146 2669 συνάρασθαι,
1165 2573 1466 2663 συλλαμβάνοσθαί

302 2704 394 2761 τινος
406 2679 610 2767 πράγματος,
627 2687 779 2759 edonare,
796 2688 930 2751 etnusvis
947 2687 976 2749 in
993 2680 1256 2768 συμβάλλεσθαι,
1272 2687 1408 2766 conferre
1422 2685 1465 2745 ed

304 2785 424 2868 uiipoid,
439 2786 658 2867 quodammodo
672 2787 752 2850 insit
787 2789 873 2865 Quod
888 2798 1041 2871 comparat
1051 2787 1124 2849 haee
1138 2787 1214 2850 inter
1227 2807 1271 2862 se,
1286 2805 1348 2850 non
1362 2794 1464 2867 potest

302 2888 490 2969 reprebendi:
516 2889 607 2950 modo
631 2907 668 2951 ne
687 2889 845 2970 genitivum
866 2891 903 2953 ad
922 2883 1178 2971 συμβάλλεσθαι
1192 2889 1323 2970 positum
1337 2908 1373 2951 ex
1388 2908 1464 2969 qua·

303 2991 371 3054 dam
395 2991 609 3072 permutatione
628 2991 759 3055 notionis
779 2992 981 3074 explicandum
1001 3000 1143 3074 putasset
1187 2992 1240 3054 Est
1259 2992 1339 3054 enim
1359 2993 1463 3055 eadem

303 3092 459 3174 utrobique
477 3100 639 3155 structurae
660 3094 749 3168 ratio,
776 3105 809 3158 ut
827 3096 970 3176 genitivus
990 3094 1142 3176 partitivum
1168 3094 1218 3168 sit,
1244 3095 1426 3176 pendeatque
1445 3114 1463 3158 a

303 3195 502 3258 subaudienda
516 3195 608 3275 partis
623 3196 754 3271 notione,
770 3198 1017 3277 quemadmodum
1032 3196 1137 3279 ipsein
1153 3198 1341 3277 grammatica
1352 3217 1381 3279 p.
1397 3197 1462 3261 633

303 3296 533 3361 erentrudis
549 3316 637 3378 quam
653 3297 683 3360 in
699 3308 857 3362 eomment
873 3300 909 3362 ad
925 3301 954 3362 b.
969 3299 988 3360 Ι.
1004 3299 1135 3380 exponit.
1178 3300 1298 3362 Mirifice
1312 3320 1376 3363 rem
1391 3320 1463 3381 per-

303 3399 401 3462 turbat
414 3399 579 3479 mugiens,
602 3400 785 3463 contundens
800 3401 929 3482 primum
944 3400 1100 3482 umberti
1115 3399 1258 3464 rationem
1273 3421 1291 3465 a
1304 3403 1461 3467 monim

304 3501 333 3563 in
353 3501 449 3582 prima
469 3503 674 3582 grammaticae
688 3502 815 3565 editione
839 3524 868 3585 p.
890 3504 952 3567 434
967 3503 1136 3586 adoptatam
1161 3522 1227 3566 eum
1247 3504 1349 3579 attera,
1369 3524 1460 3587 quam

304 3595 455 3686 δεύτεραι
465 3595 639 3689 φροντίδες
653 3597 842 3689 σοφώτεραι
854 3607 1089 3689 suppeditarunt,
1105 3609 1186 3686 (nam
1196 3606 1379 3688 Muspraeiua
1393 3608 1461 3689 qni·

303 3704 371 3766 dem
385 3705 466 3769 huno
480 3706 637 3785 genitivum
653 3718 805 3788 comparat
818 3727 885 3772 eum
900 3709 1046 3772 eiusmodi
1060 3709 1202 3791 exemplis
1216 3710 1301 3790 quale
1314 3717 1361 3772 est
1375 3728 1461 3793 προ-

302 3800 415 3891 φέρειν
429 3800 510 3871 deod
520 3842 562 3853 -
577 3799 673 3893 ἔργου
688 3828 734 3891 ap.
751 3809 870 3874 Hesiod.
886 3811 921 3873 0.
936 3819 966 3874 et
979 3812 1013 3874 n.
1029 3832 1055 3873 ν.
1075 3811 1143 3873 179.
1158 3806 1217 3874 τοῦ
1231 3808 1381 3893 πολέμου
1399 3833 1461 3876 κα·

301 3904 367 3983 iaie
381 3901 620 3973 καθίστασθαι
634 3931 680 3992 ap.
698 3913 790 3975 Tbuo
810 3912 864 3987 ΙΙΙ,
880 3913 921 3975 92
936 3923 966 3976 et
979 3914 1136 3989 similibus,
1151 3914 1182 3977 in
1196 3914 1302 3995 quibus
1316 3915 1361 3978 ris
1375 3915 1461 3996 geni·

300 4009 349 4071 tivi
365 4010 437 4074 haee
450 4019 508 4086 est,
532 4020 566 4074 ut
580 4012 732 4077 notionem
748 4015 811 4077 aius
826 4015 872 4078 oui
891 4016 1007 4080 additur
1020 4016 1152 4081 voeabuii
1165 4017 1387 4097 quodammodo
1407 4018 1460 4081 da·

301 4112 383 4176 finiat
397 4122 627 4177 commemorata
645 4135 678 4178 re
693 4115 729 4178 ad
744 4135 833 4197 quam
847 4116 894 4181 ilia
908 4119 1066 4200 pertineat,
1085 4139 1158 4201 quae
1178 4120 1220 4182 vis
1235 4140 1252 4183 a
1266 4119 1402 4201 partitiva
1417 4120 1459 4183 si·

302 4215 486 4295 montione
505 4235 577 4279 sane
591 4216 704 4281 diversa
718 4220 785 4297 est)
811 4218 878 4282 dein
905 4223 968 4303 ipse
987 4222 1178 4302 genitivume
1199 4217 1310 4284 πολλοί
1329 4223 1460 4302 pendere

301 4326 442 4393 statuens,
465 4327 499 4381 ut
513 4312 623 4382 πολλὰ
637 4315 736 4383 τοῦδε
751 4313 908 4402 δείματος
921 4317 1146 4407 συμβάλλεται
1164 4322 1319 4405 signifieat:
1348 4325 1460 4389 eum

298 4419 386 4485 οιιιιιι
400 4423 513 4485 omorio
528 4440 633 4486 saeuae
648 4427 836 4491 ammittat:
852 4426 935 4506 qued
950 4421 1206 4510 συμβάλλεσθαι
1221 4427 1289 4489 siti.
1299 4446 1328 4508 q.
1344 4421 1460 4512 συνέρ-
