3266 5140
677 469 877 568 „LlL

199 656 401 719 coniluxeront
418 655 454 718 ed
474 655 641 736 Bogislrnm
661 656 819 718 videndum
838 664 867 718 et
886 657 1083 720 sslutendum:
1098 667 1127 721 ct
1141 677 1230 739 quum
1246 661 1354 723 festum

198 768 277 820 esset
296 759 459 840 carniprivii
479 769 608 840 tempus,
628 761 707 840 quod
728 761 803 823 ludis
822 759 922 822 multis
943 769 1030 840 elque
1043 761 1215 843 spectaculis
1229 771 1258 824 et
1271 762 1354 825 omni

199 861 348 924 hilaritatis
369 879 475 942 genero
494 862 632 924 celebrari
650 862 775 936 solebat,
796 861 842 924 lris
857 862 996 925 omnibus
1011 882 1043 925 sc
1056 863 1122 926 sine
1137 865 1212 927 sustu
1228 873 1256 926 et
1270 883 1353 927 orro-

199 965 294 1044 guntin
308 963 485 1037 immiscens,
502 983 571 1027 sues
586 982 703 1045 quoque
717 965 781 1045 ipse
794 974 892 1045 perles
906 964 1039 1044 publicae
1051 965 1173 1028 laetitiae
1190 966 1354 1048 suscipiens

107 1118 110 1122 Δ
199 1075 230 1127 et
239 1075 378 1145 tunquam
393 1066 524 1146 privatus
540 1086 606 1129 cnm
622 1067 740 1146 privatis
755 1068 878 1130 comiter
889 1067 1134 1130 colludens—ite
1150 1068 1283 1131 omnium
1298 1068 1354 1131 sibi

199 1169 315 1231 enimes
334 1169 472 1241 devinxit,
491 1178 522 1231 ut
538 1169 636 1232 nullus
651 1170 698 1232 illa
713 1178 887 1251 tempestate
900 1170 963 1231 suis
984 1170 1093 1233 civibus
1108 1171 1245 1250 princeps
1260 1170 1355 1237 uerior

199 1279 291 1342 esset,
313 1289 402 1350 quam
424 1269 577 1351 Bogislrus
602 1272 695 1333 lectus
717 1280 762 1333 cst
783 1272 1088 1352 Norimbergensihus.
1117 1271 1159 1333 lte
1179 1280 1273 1334 totum
1294 1273 1353 1335 lere

200 1391 332 1435 mensem
352 1373 428 1435 inter
442 1373 498 1434 hos
518 1374 619 1453 eregit
650 1374 718 1435 llox
737 1381 835 1436 eutem
854 1373 973 1436 Caesare
993 1373 1188 1463 maximiliano
1208 1375 1244 1436 ed
1264 1373 1354 1437 Oeni-

199 1484 321 1556 pontsm
336 1475 469 1546 edunto,
480 1476 557 1548 inde,
572 1475 693 1539 dimisse
707 1477 833 1538 maxima
846 1483 929 1556 perte
943 1476 1093 1549 comitum,
1103 1493 1179 1555 quos
1194 1495 1228 1538 cx
1244 1478 1353 1539 Pomo·
1371 1493 1404 1545 30

199 1577 281 1640 ranis
300 1597 399 1640 secum
419 1578 569 1652 eduxerat,
585 1596 651 1640 cum
663 1579 764 1659 paucis
779 1578 927 1641 Venetiam
942 1578 1101 1641 contendit.
1131 1577 1237 1640 Multos
1252 1578 1292 1641 ibi
1305 1579 1353 1641 in-

199 1680 291 1753 venit,
312 1680 361 1761 qui
381 1697 472 1760 quum
493 1681 529 1743 de
547 1681 608 1743 eius
627 1681 752 1743 consilio
768 1681 957 1761 accepissent,
972 1680 1092 1743 concedi
1104 1680 1164 1743 sihi
1179 1688 1305 1755 orarent,
1321 1690 1355 1743 ut

201 1783 323 1844 comites
339 1781 448 1845 itineris
463 1784 565 1845 fierem
578 1794 607 1844 et
620 1784 707 1846 tutela
720 1782 846 1863 Bogislci
861 1791 1022 1861 uterentur.
1052 1783 1095 1845 Ex
1110 1784 1156 1845 his
1171 1801 1275 1847 rursus
1291 1783 1353 1844 col·

200 1883 273 1946 lecta
287 1890 487 1946 trecentorum
502 1885 561 1946 lere
575 1884 729 1946 hominum
745 1903 844 1958 manu,
857 1886 1081 1956 Germmorum,
1093 1884 1240 1959 ltalomm,
1255 1884 1353 1947 (lello-

199 2004 276 2059 rurn,
292 1985 505 2066 ilungarorum,
519 1986 701 2049 Polonorum
716 1986 906 2066 aliorumque,
920 2004 1023 2047 navem
1039 1986 1219 2060 conscendit,
1231 2004 1355 2066 snpere-

200 2087 297 2167 tisqus
312 2087 430 2149 feliciter
443 2087 527 2149 sinus
542 2087 698 2149 Hadriatici
712 2096 742 2149 et
755 2086 829 2149 lonii
843 2086 935 2148 meris
949 2086 1084 2166 perindie
1099 2088 1130 2149 in
1142 2087 1286 2150 Creticum
1301 2106 1354 2167 po·

200 2188 284 2268 lngus
297 2190 436 2269 pervenit
465 2190 525 2251 lem
541 2207 632 2269 quum
648 2190 724 2252 houd
740 2190 844 2269 procu]
858 2190 894 2251 eh
910 2189 974 2267 ipse
988 2188 1083 2250 insule
1097 2188 1241 2261 obessent,
1255 2188 1353 2251 subito

201 2308 307 2352 novem
326 2292 507 2371 praedonum
523 2310 612 2354 noves
631 2292 700 2353 velis
719 2292 866 2371 remisque
885 2290 972 2352 citato
992 2308 1080 2352 cursu
1095 2291 1126 2352 in
1140 2309 1173 2352 se
1187 2291 1232 2371 egi
1246 2290 1353 2353 rident

201 2391 262 2453 Hae
282 2392 352 2472 quid
374 2386 561 2467 intentarent,
582 2392 692 2454 nemini
715 2393 850 2455 dubium:
873 2391 1029 2471 effugiendi
1049 2391 1127 2454 nulle
1147 2410 1231 2472 spes:
1258 2393 1354 2473 imper

200 2513 269 2555 vero
285 2504 441 2566 certamen,
457 2495 483 2556 si
497 2513 565 2556 cum
579 2512 638 2556 une
651 2493 817 2565 Liburnica,
833 2492 1003 2555 hominibus
1018 2493 1097 2555 houd
1104 2493 1230 2573 emplius
1238 2502 1352 2557 trecen-

200 2597 238 2658 tis
253 2604 282 2658 et
295 2613 332 2658 ne
347 2595 465 2659 ermetis
479 2596 597 2676 quidem
614 2595 760 2676 plerisque
781 2604 831 2658 unt
849 2613 1000 2659 armorum
1014 2595 1082 2658 usui
1096 2596 1237 2670 adsuetis,
1252 2605 1355 2659 contre

200 2715 307 2760 norem
322 2698 452 2761 hostium
467 2716 564 2771 neres,
579 2697 773 2779 hominesque
787 2697 913 2776 amplius
928 2696 974 2759 bis
989 2697 1068 2760 mille
1083 2705 1212 2762 armatos
1232 2707 1260 2761 et
1273 2698 1353 2762 mili·

199 2808 277 2862 teres
302 2799 493 2881 pugnandum
519 2808 604 2861 osset
647 2799 758 2861 Temen
785 2799 937 2877 Bogislrus
965 2817 1087 2862 snorum
1114 2800 1230 2863 enimus
1256 2799 1352 2878 erigit:

201 2899 317 2983 „Scope
331 2905 444 2981 emptos
457 2900 572 2963 oirilm
584 2904 732 2963 mouimus
745 2899 868 2961 lordum
883 2904 980 2981 copias
997 2902 1081 2982 susas
1095 2919 1168 2963 esec:
1188 2904 1215 2963 si
1224 2919 1353 2981 percue-

202 3005 272 3066 dum
285 3008 330 3076 sit,
346 3014 443 3067 tomen
457 3022 523 3066 cum
536 3003 634 3084 plocio
646 3008 726 3066 mort
739 3004 851 3065 decere:
867 3001 1016 3064 lorrcstoot
1023 2986 1146 3066 morters
1160 3006 1242 3084 turpi
1254 3007 1316 3065 ests
1328 3013 1356 3066 ct

202 3107 400 3169 tortuosum
413 3109 531 3169 comto
540 3110 715 3187 potioruo.“
744 3104 1022 3185 ltaqueadpugnem
1038 3106 1137 3168 omnia
1151 3104 1247 3185 pareri
1262 3104 1355 3167 iubet:

200 3207 265 3289 ipse
280 3218 364 3271 scuto
380 3217 492 3271 tantum
507 3216 536 3269 et
549 3207 643 3286 gladio
659 3208 920 3287 ermotusinprorn
927 3206 1072 3279 consistit,
1080 3207 1210 3288 primurn
1225 3206 1356 3269 hostiurn

107 3390 110 3395 Α
201 3309 343 3391 impetum
358 3319 540 3391 excepturus.
569 3310 614 3372 illi
633 3329 703 3372 mox
723 3327 825 3372 novem
844 3308 974 3388 undique
992 3309 1126 3388 cingunt,
1145 3328 1283 3391 mngnrm
1296 3309 1355 3371 vim

201 3411 357 3475 missilium
371 3412 485 3505 eminus
501 3420 653 3493 spargunt,
668 3412 736 3474 dein
751 3410 874 3491 propius
888 3418 1006 3489 urgent,
1023 3412 1098 3490 ipsis
1117 3411 1200 3473 nevis
1218 3411 1355 3473 lateribus

202 3514 369 3586 adhaerent,
384 3514 460 3576 siem
474 3513 528 3576 sihi
543 3514 635 3576 hostis
650 3533 685 3576 ec
698 3513 800 3593 gladiis
820 3513 913 3574 iacere
931 3521 1083 3575 conentur.
1113 3512 1155 3574 lbi
1170 3524 1234 3574 tum
1248 3512 1355 3592 Bogis-

200 3615 263 3677 laus
277 3615 453 3696 ubicumque
467 3633 616 3677 summurn
632 3615 792 3678 discrimen
806 3634 872 3677 esse
885 3615 971 3691 videt,
986 3615 1128 3689 advolare,
1142 3614 1246 3675 hostes
1260 3614 1355 3693 repel-

201 3717 270 3790 lere,
283 3724 483 3797 prosternere,
498 3715 528 3776 in
543 3734 622 3777 mare
636 3717 803 3791 deturbare,
819 3735 892 3779 suos
907 3725 937 3778 st
949 3716 1047 3780 vorbis
1062 3724 1090 3778 et
1101 3715 1234 3795 exemplo
1246 3715 1355 3777 adhor-

202 3818 270 3893 tari,
284 3836 409 3898 prorsus
425 3817 535 3879 strenui
555 3816 654 3879 militis
669 3827 699 3879 et
717 3819 789 3880 boni
807 3818 993 3899 imperatoris
1014 3818 1111 3881 officie
1125 3816 1212 3880 simul
1227 3816 1354 3896 exsequi

202 3920 244 3982 lte
258 3919 308 3982 diu
321 3919 454 4000 iniquum
469 3926 615 3981 certamen
630 3920 797 3982 sustinetur.
826 3920 956 3984 Perculsi
970 3922 1072 3982 hostes
1088 3919 1283 3999 inexspectata
1299 3935 1357 3980 no·

203 4032 332 4084 strornrn
347 4019 535 4083 fortitudine:
549 4037 643 4099 neque
656 4032 752 4083 tamen
767 4022 918 4085 victoriam
933 4020 1094 4086 minussibi
1106 4028 1213 4082 cortem
1225 4021 1356 4094 credunt,

203 4141 293 4203 qutun
309 4131 461 4203 tantopere
475 4141 508 4184 se
522 4121 630 4184 viribus
645 4141 782 4202 superare
797 4124 919 4187 videant.
950 4126 1033 4188 Unus
1049 4133 1111 4186 eret
1124 4142 1160 4184 ex
1174 4122 1357 4203 praedonum

202 4223 334 4297 ducibus,
349 4225 440 4286 homo
455 4223 563 4285 insoliti
578 4223 704 4297 roboris,
720 4232 749 4285 et
763 4227 960 4305 magnitudine
976 4244 1092 4308 qnoque
1103 4224 1236 4305 corporis
1251 4223 1357 4301 Bogis-

202 4326 249 4387 leo
270 4325 318 4387 rix
338 4325 443 4407 imper.
473 4325 501 4388 ls
525 4344 615 4406 quum
637 4327 717 4388 hunc
737 4344 829 4387 unum
852 4326 1003 4389 victorium
1022 4326 1164 4390 remorari
1178 4324 1358 4403 intelligeret,

202 4446 271 4489 enm
290 4428 345 4489 sibi
365 4429 518 4509 proprium
538 4449 572 4492 sc
590 4429 907 4492 solumi-adversarium
922 4430 1058 4507 sumpsit.
1082 4428 1182 4502 lrruit3
1196 4426 1357 4505 repellitur:

1092 4530 1132 4588 :to
1144 4528 1155 4557 *
