3178 5136
659 464 722 529 21⁷

596 552 796 565 un-—-—

119 649 186 730 τούς
195 647 422 737 έπιτρύπουςς
430 652 605 736 respondet:
617 639 1091 738 αύτός,νῆΔία,ἀΣοίκρατις,
1103 646 1271 734 πειρῶμαι

118 751 300 835 παιδεύειν,
319 766 406 839 utque
418 757 559 839 deinoeps
572 757 709 831 rationes,
731 774 785 818 our
797 757 838 820 itu
851 756 945 830 ludet,
964 754 1126 836 prudenter
1144 754 1271 835 exponit,

118 880 183 942 pnes
207 861 236 923 si
258 859 451 923 Philodemus
475 866 653 940 reputasset,
678 875 741 920 non
765 858 1002 940 reprehendisset
1024 858 1148 919 fortusse
1172 856 1270 919 Theo·

118 963 276 1044 phrustum
290 972 325 1025 ut
337 962 406 1024 inoit
419 981 448 1042 p.
464 961 521 1024 46:
540 956 599 1023 καί
614 955 673 1023 διὰ
687 954 723 1024 τί
736 954 1000 1037 uniuersaliter
1014 953 1270 1043 παρασκευασά-

118 1083 206 1144 μενον
215 1058 356 1151 τρέφειν
364 1059 424 1126 καί
434 1058 619 1141 παιδεύειν,
634 1050 738 1139 olore
747 1059 924 1146 ἐλευθέρια
933 1059 998 1124 τῶν
1008 1053 1111 1144 έργιον
1121 1079 1269 1145 προστα-

118 1161 211 1245 κτέον,
226 1162 354 1247 putto
366 1156 391 1251 ἢ
403 1160 690 1247 πεπαιδευμένους
702 1157 765 1227 ὑπ’
781 1159 887 1229 ἀίδιον
900 1156 1208 1250 ῆγορασμένοος,
1227 1165 1269 1227 ltu

118 1270 189 1331 erun
204 1268 395 1332 ser-hendnm
411 1286 517 1331 oenseo
532 1286 589 1349 pro
608 1287 643 1332 oo
663 1268 744 1348 quod
764 1268 876 1331 editum
895 1276 942 1329 est
954 1259 1120 1351 ἠγμένους,
1140 1286 1176 1329 ex
1195 1268 1270 1331 melo

117 1371 255 1435 intelheto
278 1372 438 1453 scripturae
464 1371 650 1453 compendio.
683 1370 793 1433 lustior
817 1370 907 1433 rideri
932 1378 1031 1451 potest
1055 1370 1142 1433 alteru
1167 1389 1269 1451 repre·

117 1475 228 1549 hursio,
261 1473 341 1554 quod
373 1491 436 1537 non
464 1482 542 1536 reete
567 1491 670 1536 servos
700 1473 828 1554 primum
857 1482 888 1536 et
917 1473 1043 1535 maxime
1074 1474 1269 1536 neeessariam

118 1589 222 1657 portem
245 1575 450 1658 possessionis
474 1576 695 1658 'lheophrastus
723 1576 839 1651 dixerit,
867 1584 969 1639 eontra
995 1594 1083 1657 quom
1106 1575 1268 1639 Hesiodus:

116 1696 178 1742 mm
198 1679 249 1742 hio
273 1679 405 1760 primum
430 1681 532 1761 posuit
555 1676 636 1761 βοῦν
661 1672 815 1763 ἀροτῆρα.
854 1679 956 1761 Neque
981 1679 1061 1743 enim
1086 1679 1185 1759 negari
1211 1699 1268 1760 po-

117 1791 176 1857 test,
193 1801 264 1845 esse
277 1783 401 1846 domum
420 1783 507 1846 etium
526 1782 590 1845 sine
609 1783 699 1845 servis
719 1801 817 1863 posse,
837 1782 1083 1863 quemadmodum
1097 1782 1268 1844 Aristoteles

16 1902 18 1969 ᾗ
117 1885 176 1963 ipse
189 1884 277 1947 Polit
293 1884 316 1959 Ι,
333 1886 348 1945 1
365 1904 395 1965 p.
412 1884 441 1960 3,
457 1886 477 1946 5
492 1884 648 1965 signifieat:
668 1879 765 1968 ὑγάρ
781 1882 859 1966 βοῦς
880 1876 949 1948 ἀντ’
970 1877 1100 1948 οἰκέτου
1115 1883 1187 1960 τοῖς
1204 1878 1268 1947 πί-

114 1979 200 2070 αγαίν
212 1980 316 2050 ἔστιν.
344 1989 383 2049 tlt
400 1988 479 2050 euim
498 1989 628 2050 nuno‘de
642 1979 735 2073 οἰκίᾳ
748 1980 864 2071 τελείῳ
886 1988 915 2049 h.
936 2006 960 2049 e.
981 1986 1127 2049 dedomo
1146 1987 1220 2049 hene
1239 1998 1269 2051 et

16 2166 17 2173 ρ
114 2089 266 2151 oommode
278 2088 422 2152 instructo
437 2091 539 2170 egitur,
554 2108 628 2170 quoe
643 2089 734 2152 serris
744 2108 842 2152 cerere
853 2107 914 2151 non
926 2108 1017 2170 posse
1030 2088 1192 2163 videbatur,
1207 2109 1267 2170 quo

16 2250 17 2279 ,
111 2190 173 2270 plus
187 2191 263 2253 hero
277 2192 445 2271 adnepotis
459 2192 619 2255 liberaliore
635 2192 686 2255 otii
700 2201 879 2273 suppeteret
913 2192 955 2254 ct
966 2192 1055 2254 Arist
1065 2191 1130 2254 Pol.
1143 2192 1197 2268 1,2
1213 2193 1267 2255 in:

16 2288 17 2331 ³
113 2286 201 2358 οίιιία
215 2288 257 2358 δέ
268 2290 395 2370 τέλειος
409 2288 446 2358 έκ
461 2290 585 2359 δούλιον
598 2289 858 2382 uoluentem.
873 2330 915 2340 —
941 2295 1157 2358 Tractationem
1168 2315 1269 2360 serro-

16 2416 17 2427 ’
111 2417 175 2460 rum
193 2416 289 2479 porro
304 2397 381 2459 hane
393 2416 461 2461 esse
474 2398 582 2461 dehere
595 2398 746 2479 praecipit,
765 2389 812 2474 ιὺς
829 2393 913 2484 μήτε
929 2389 1076 2481 ὑβρίζειν
1095 2391 1166 2475 έᾶν,
1186 2394 1269 2486 μήτε

110 2493 244 2577 ἀνιέναι,
265 2495 324 2562 καί
337 2499 409 2576 τοῖς
421 2494 483 2581 μέν
496 2494 787 2585 έλευδεριανιέροις
803 2498 903 2587 τιμῆς
919 2497 1123 2581 μεταδοτέον,
1141 2503 1214 2580 τοῖς
1234 2494 1268 2568 δ’

16 2656 17 2683 ,
110 2597 264 2686 ἐργάταις
285 2600 413 2688 τροφῆς
436 2600 577 2688 πλῆθος.
616 2604 719 2666 llerito
742 2604 773 2667 in
796 2604 843 2666 his
862 2604 1013 2667 lieltherus
1038 2607 1171 2669 olleudit:
1195 2624 1265 2671 nom
1287 2621 1318 2672 15

16 2746 17 2755 ι
109 2698 235 2769 ἀνιέναι
249 2724 313 2768 non
326 2715 405 2768 reete
419 2705 458 2768 itu
472 2725 528 2787 per
541 2706 728 2769 disiunotives
743 2707 898 2789 particulos
908 2705 957 2791 τῷ
969 2699 1115 2790 ὑβρίζειν
1128 2703 1185 2773 δᾶν
1198 2719 1265 2773 tuu-

16 2800 17 2809 ’
109 2827 195 2889 quarn
209 2809 358 2870 dirorum
374 2806 485 2888 opponi
499 2808 622 2881 ridetur,
643 2826 734 2888 quum
750 2810 873 2872 sltemm
894 2810 976 2872 elteri
990 2812 1265 2876 coniunctissimum

108 2912 151 2985 sit,
165 2920 197 2974 et
209 2928 316 2973 servos
330 2928 403 2972 suos
417 2910 467 2989 qui
479 2900 616 2994 ἀνίησιν,
631 2911 650 2971 1.
665 2930 690 2972 e.
705 2912 795 2973 nimis
810 2912 872 2974 lose
883 2912 978 2987 hehet,
994 2914 1051 2976 hoe
1062 2915 1129 2995 ipso
1140 2915 1265 2979 lusoiros

107 3014 165 3076 heri
185 3013 330 3094 potianus:
358 3004 525 3093 ἀνιέμενοι
547 3008 608 3095 γὰρ
629 3005 820 3096 ὑβρίζουσιν
841 3009 899 3077 καὶ
920 3012 984 3078 τῶν
1005 3008 1087 3080 ἴσον
1113 3008 1266 3093 ἀξιοῦσιν

107 3106 241 3190 ἑαυτούς
254 3114 327 3190 τοῖς
339 3107 474 3199 κυρίοις,
495 3124 528 3177 ut
542 3116 581 3178 eit
595 3117 765 3179 Aristoteles
780 3117 866 3180 Polit.
882 3119 918 3191 ll,
939 3120 959 3182 6
973 3138 1003 3199 p.
1019 3119 1068 3194 53,
1088 3119 1138 3183 28.
1167 3120 1266 3184 hirluit

16 3270 17 3273 ,
106 3218 190 3299 imunt
209 3218 364 3281 Belrlerus
378 3212 478 3303 μηδὲ
498 3209 633 3297 ἀνιέναι,
655 3228 688 3281 ut
707 3220 812 3301 eopulu
825 3216 868 3298 τέ,
889 3239 964 3301 quse
982 3231 1028 3285 est
1046 3222 1077 3284 in
1096 3218 1181 3309 μήτε
1199 3232 1265 3286 ente

16 3376 17 3397 ,
106 3312 250 3406 ὑβρίζειν
265 3320 373 3401 posito,
387 3322 531 3383 referetur
545 3321 581 3383 od
596 3321 762 3403 proximam
778 3324 898 3386 demum
912 3324 1143 3390 enuntiationem
1154 3323 1212 3390 καί
1222 3364 1264 3375 -

105 3418 333 3503 μααδιδδναι.
365 3424 424 3486 Sed
444 3424 500 3487 elio
519 3424 626 3488 dooere
645 3425 757 3487 videtin
774 3426 975 3502 Philodemus,
989 3429 1039 3508 qui
1058 3448 1087 3509 p.
1108 3431 1149 3491 47
1172 3429 1211 3492 in.
1228 3431 1264 3493 de

16 3562 18 3587 i
106 3538 204 3590 nosue
216 3527 287 3590 looo
301 3525 442 3589 iudicium
456 3528 578 3607 prolert,
592 3524 632 3590 τὸ
649 3521 686 3591 δὲ
699 3519 787 3613 μήδ’
797 3520 943 3613 ὑβρίζειν
956 3523 1015 3592 tto
1027 3526 1104 3604 τούς
1118 3525 1263 3609 δούλους,

106 3624 186 3713 μήτε
195 3666 240 3678 -·
253 3622 339 3706 έζειν
348 3666 390 3676 -
404 3621 549 3707 ἀνέκτως
559 3622 698 3715 εἴρνγιαι.
723 3632 873 3713 integrum
888 3631 1019 3707 verbum,
1035 3632 1117 3695 ouius
1131 3635 1262 3715 priorem

107 3741 214 3812 purtem
229 3734 335 3796 lnoune
349 3732 501 3802 sruhtruit,
519 3733 701 3814 Neapolitani
719 3734 846 3796 editores
865 3730 996 3812 πιέζειν
1015 3736 1105 3798 luisse
1123 3739 1262 3819 suspicati

108 3844 181 3911 emt,
194 3835 390 3917 Goettlingius
404 3829 606 3916 μαλακίζειν,
627 3838 674 3899 eui
689 3837 814 3899 similem
834 3846 921 3919 etque
940 3837 1029 3900 verho
1046 3828 1174 3902 ἀνιέναι
1192 3860 1262 3904 sen-

108 3940 221 4002 nouom
236 3937 376 4001 trihuisse
384 3938 507 4002 ridetm.
539 3940 597 4002 Sed
607 3941 728 4003 interest
737 3937 816 4002 houd
827 3940 913 4002 duhie
923 3941 1116 4021 aliquantum:
1131 3961 1148 4004 e
1161 3942 1261 4007 Philo-

107 4039 189 4103 derno
209 4049 309 4105 nutem
328 4059 424 4123 neque
436 4035 631 4123 μαλακίζειν
648 4061 743 4124 παραυ
760 4037 901 4121 πιέζειν,
924 4042 976 4107 sed
995 4045 1095 4125 potius
1115 4035 1262 4125 ἀνιάζειν

107 4138 247 4223 iuiptum
269 4162 337 4206 esse
359 4144 547 4219 crediderim
571 4154 601 4208 et
623 4166 640 4208 a
659 4147 863 4229 Theophrasto
884 4136 994 4223 ἀνιᾶν,
1019 4149 1099 4227 quod
1124 4149 1206 4212 leode
1231 4151 1261 4212 iu

108 4232 231 4309 ἀνιέναι
250 4247 401 4327 depravari
418 4247 529 4329 potuit,
552 4266 642 4329 quum
661 4250 832 4330 praesertim
852 4249 950 4312 stetim
969 4259 1108 4330 sequatur
1131 4244 1198 4313 καί.
1217 4286 1262 4298 -

108 4344 221 4426 Legitur
243 4359 389 4430 praetereo
412 4350 493 4432 opud
515 4350 735 4416 Philodemum:
758 4346 817 4414 καὶ
839 4347 1264 4436 τοῖ[ςμὲνά]λῆθινιοτέροις

107 4444 204 4532 topic
214 4446 417 4531 summor,
427 4451 499 4527 τοῖς
515 4444 545 4515 δ’
555 4446 709 4538 ἐργάταις
718 4450 844 4540 τροφῆς
854 4445 1019 4531 πλείονος,
1030 4451 1176 4530 inquibus
1191 4451 1260 4515 illud
