3164 5138
662 459 703 531 dd

106 652 182 725 runt,
201 647 352 719 accidunt,
379 647 536 721 eveniunt,
557 664 682 727 quorum
703 645 794 707 series
814 654 843 708 et
862 646 1056 727 consequutio
1072 647 1108 710 ab
1122 648 1205 711 initio
1225 648 1295 712 ads

105 754 204 815 exitum
224 753 350 815 deducta
370 744 496 835 πρᾶξιν
515 748 617 821 efficit,
644 747 725 809 cuius
747 744 857 828 μῦθος
875 747 998 811 imitatio
1025 742 1189 834 (μίμησις)
1214 760 1259 812 est

105 856 167 917 iic
182 855 269 936 quasi
283 854 430 934 quaedam
445 850 672 931 repraesentatio
687 870 722 910 ex
737 858 840 929 poetae
856 850 974 929 ingenio
994 852 1030 913 ad
1051 853 1176 915 veritatis
1192 873 1261 934 spe·

105 959 174 1020 ciem
188 956 367 1038 composita.
411 955 511 1033 ltaque
526 961 559 1014 ut
573 952 603 1013 in
617 970 676 1015 una
690 970 804 1031 quaque
814 952 937 1025 actione,
953 954 996 1015 sic
1010 956 1098 1015 etiam
1113 954 1143 1016 in
1159 955 1262 1027 fabula,

104 1080 172 1140 ome
186 1059 315 1121 actionis
330 1056 454 1118 imitatio
469 1062 524 1127 est,
540 1046 720 1135 πράγματα
734 1055 819 1133 plura
832 1055 931 1116 inesse
945 1055 1065 1129 debent,
1086 1074 1158 1136 quae
1173 1066 1262 1137 prout

105 1170 337 1241 componuntur,
362 1159 457 1221 variae
474 1157 601 1218 existunt
619 1155 741 1218 actionis
760 1158 803 1218 vel
818 1158 930 1219 tabidae
947 1168 1054 1237 partes.
1091 1158 1156 1221 [loc
1174 1159 1263 1238 igitur

105 1261 253 1339 quomodo
270 1261 384 1324 institui
398 1280 415 1322 a
428 1268 515 1340 poeta
530 1259 641 1331 debeat,
658 1258 828 1321 Aristoteles
846 1260 996 1341 praecipit
1040 1261 1152 1322 Laudat
1165 1270 1262 1324 autem

103 1360 280 1436 Homerum,
300 1364 392 1444 quod,
412 1363 486 1425 sicut
500 1362 531 1423 in
546 1362 608 1423 aliis
622 1360 749 1434 excellat
765 1362 808 1421 sic
818 1363 905 1425 etiam
919 1364 977 1424 hoc
991 1370 1069 1425 recte
1084 1363 1264 1443 perspexerit

104 1465 160 1525 sire
175 1465 251 1525 artis
267 1466 330 1526 sive
343 1474 465 1527 naturae
479 1462 637 1525 beneficio:
654 1454 672 1523 d
696 1457 733 1523 δὲ
745 1454 897 1547 Ὅμηρος,
921 1456 1033 1548 σ’ίσπερ
1048 1460 1107 1528 καὶ
1120 1461 1163 1526 τά
1179 1455 1263 1527 dito

103 1562 273 1650 διαφέρει,
294 1563 355 1629 καὶ
375 1557 463 1630 τοῦτ’
487 1556 577 1628 ἔοικε
598 1560 708 1637 καλιάς
730 1555 825 1642 ἰδεῖν,
847 1557 926 1649 ἤτοι
948 1563 1007 1629 διά
1027 1560 1140 1650 τέχνην
1160 1556 1183 1651 ἢ
1205 1562 1264 1630 διά

102 1663 212 1752 φάσιν.

185 1771 288 1834 Altero
303 1771 441 1852 incoqui
455 1778 500 1833 est
514 1788 577 1850 cap.
590 1768 640 1845 23,
655 1776 829 1848 repetuntur
842 1770 973 1849 primum
984 1790 1058 1851 quae
1070 1773 1106 1835 ad
1118 1773 1261 1836 unitatem

104 1872 213 1935 noune
226 1872 377 1954 pertinent
390 1881 551 1952 praecepta,
565 1882 599 1933 ut
612 1871 696 1952 epico
713 1872 835 1933 carmini
853 1891 921 1934 cum
936 1873 1092 1952 tragoedia,
1108 1875 1146 1937 de
1160 1895 1217 1956 qua
1232 1877 1263 1937 in

104 1976 310 2054 superioribus
325 1976 433 2038 dictum
448 1983 518 2048 erat,
535 1972 720 2036 communia:
737 1968 789 2035 δεῖ
801 1970 878 2048 τούς
892 1968 1031 2054 μύθους,
1054 1972 1214 2061 καθάπερ
1230 1972 1263 2039 ἐν

104 2076 175 2149 ταῖς
188 2069 406 2161 τραγῳδίαις,
429 2070 622 2138 συνιστάναι
640 2070 862 2157 δραματικαδς
877 2071 934 2138 καί
949 2072 1030 2159 περὶ
1043 2071 1124 2157 μίαν
1142 2076 1265 2161 πρᾶξιν

106 2168 180 2261 ὅλον
203 2173 264 2240 καὶ
278 2171 416 2255 τελείαν,
432 2170 571 2257 ἔχουσαν
585 2168 684 2260 άρχήν
698 2173 756 2238 καί
775 2172 879 2256 μέσον
892 2172 949 2239 καί
965 2172 1068 2255 τέλος,
1090 2172 1129 2239 ἵν’
1151 2173 1264 2265 ιδ’σπιρ

17 2328 19 2333 ,
106 2276 188 2363 ζῷον
213 2274 252 2343 ἓν
280 2273 356 2343 ὅλον
384 2276 470 2363 ποιῇ
494 2275 552 2363 τήν
579 2271 706 2341 οἰκείαν
730 2270 858 2362 ἡδονήν.
902 2280 980 2341 Haec
1004 2280 1175 2343 Aristoteles
1201 2282 1264 2362 ipsa

104 2401 156 2463 per
169 2401 205 2442 se
219 2383 309 2462 plana
321 2401 386 2444 esse
399 2382 477 2456 dicit,
491 2382 627 2462 nullaque
641 2381 891 2443 demonstratione
904 2401 1003 2461 egere:
1030 2385 1171 2464 consequi
1185 2404 1264 2464 ergo,

104 2502 165 2546 non
183 2484 293 2546 debere
314 2484 395 2564 cpica
417 2483 545 2547 carmina
565 2485 601 2546 ad
619 2483 809 2546 historiarum
828 2486 952 2546 modum
972 2488 1126 2567 componi,
1156 2482 1190 2548 έν
1212 2474 1267 2561 αίς

103 2578 229 2671 ἀνάγκη
255 2578 330 2664 crixi
340 2583 420 2665 μιᾶς
434 2581 586 2668 πράξεως
599 2584 781 2649 ποιεῖσθαι
797 2578 947 2669 δήλωσιν,
971 2578 1041 2649 ἀλλ’
1055 2582 1126 2663 ἑνὸς
1139 2582 1265 2672 χρόνον,

104 2681 166 2753 ὅσα
189 2682 225 2750 έν
245 2683 355 2772 τούτῳ
376 2683 492 2771 συνέβη
515 2683 594 2769 περὶ
617 2681 674 2749 ἕνα
689 2677 710 2771 ἢ
726 2678 872 2763 πλείους,
895 2675 941 2749 ὦν
955 2682 1080 2752 ἕκαστα
1094 2683 1140 2764 aig
1158 2682 1268 2768 ἔτυχεν

101 2782 169 2869 ἔχει
185 2786 275 2874 πρὸς
288 2781 421 2873 άλληλα.
452 2789 501 2852 Sic
511 2798 610 2851 tamen
625 2790 686 2851 iere
696 2797 798 2868 poetas
810 2791 967 2871 pterosque
978 2794 1071 2854 faeere
1082 2793 1134 2855 ait:
1150 2787 1267 2868 σχεδδν

104 2887 141 2954 δὲ
164 2884 200 2955 oi
223 2886 349 2953 πολλοὶ
368 2889 433 2953 τῶν
455 2887 605 2975 ποιητῶν
625 2892 723 2952 τοῦτο
743 2886 878 2973 δρῶσινι
904 2894 1009 2974 hisque
1024 2894 1128 2956 deinde
1142 2894 1267 2974 opponit

103 2994 225 3055 Homeri
247 2994 474 3073 praestantiam:
502 2987 570 3068 διό,
598 2983 711 3074 ὥσπερ
738 2983 877 3071 εἴπομεν
903 2986 967 3081 ἤδη
990 2997 1064 3075 (scit.
1087 3017 1112 3059 c.
1134 2998 1180 3070 8),
1209 2991 1267 3058 καί

101 3091 206 3181 ταύτῃ
234 3089 422 3170 θεσπέσιος
448 3085 488 3157 dv
512 3087 630 3180 φανείη
649 3088 793 3179 Ὅμηρος
818 3092 913 3177 παρὰ
944 3095 1021 3174 τούς
1053 3092 1185 3176 άλλοσς,
1218 3096 1267 3182 τῷ

100 3194 182 3283 μηδὲ
202 3194 265 3261 τὸν
285 3190 441 3277 πόλεμον,
464 3191 585 3281 καίπερ
607 3188 724 3275 ἔχοντα
746 3188 845 3281 άρχήν
859 3195 916 3260 καί
931 3195 1032 3277 τέλος,
1055 3195 1268 3285 ἐπιχειρῆσαι

102 3300 218 3363 ποιεῖν
225 3294 315 3363 ὅλον
322 3293 396 3361 λίαν
404 3296 464 3384 γάρ
477 3289 627 3380 δνμέγας
637 3293 694 3361 καί
702 3290 759 3361 οὐκ
768 3293 967 3375 εὐσύνοπτος
975 3294 1105 3382 ἔμελλεν
1114 3298 1265 3382 ἔσεσθαι,

100 3392 125 3487 ἢ
137 3400 190 3486 τῷ
205 3395 347 3482 μεγέθει
357 3395 575 3484 μετριάζοντα
589 3397 900 3482 καταπεπλεγμένον
910 3401 952 3490 τῇ
967 3399 1132 3492 ποικιλίᾳ.
1164 3408 1266 3469 Struc-

101 3514 201 3566 turam
222 3502 380 3565 verborum
401 3504 431 3565 in
457 3505 513 3566 hac
536 3512 664 3567 extrema
682 3504 805 3583 periodo
825 3507 1024 3584 perturbatam
1044 3528 1110 3570 esso
1136 3519 1267 3590 apparet,

101 3607 200 3687 ipsius
220 3605 301 3667 haud
320 3606 408 3669 dubie
427 3605 581 3686 scriptoris
601 3605 696 3686 crdpa,
717 3626 805 3686 quem
826 3617 942 3671 constat
961 3609 991 3671 in
1007 3611 1064 3671 hoc
1083 3611 1178 3674 libello
1195 3631 1268 3675 con·

100 3707 257 3770 cinnitatis
275 3707 375 3771 minus
394 3709 482 3771 etiam
502 3727 589 3789 qnam
604 3708 636 3770 in
650 3710 753 3771 ceteris
770 3710 921 3773 curiosum
936 3732 1014 3774 esse:
1030 3714 1154 3777 debebat
1170 3724 1268 3779 autem

99 3821 152 3875 ant
166 3811 214 3872 sic
229 3810 333 3874 smibi:
348 3802 393 3886 ὥς
414 3804 489 3874 λίαν
508 3807 611 3893 μέγαν
633 3806 691 3872 καί
713 3802 772 3873 οὐκ
793 3804 995 3877 εὐσύνοπτον
1015 3811 1176 3896 μέλλοντα
1198 3811 1270 3882 ἔσε-

99 3916 203 3988 σθαι,
226 3903 320 3996 ἢτῷ
338 3930 409 3994 μεγ.
431 3908 650 3998 μετριάζοντα
670 3910 737 3975 κτλ
766 3916 923 3979 autetiam
947 3918 1004 3979 sic:
1031 3910 1105 3981 λίαν
1127 3917 1189 4006 γάρ
1210 3917 1270 4001 μέ-

100 4035 166 4097 γας
176 4010 240 4078 καὶ
253 4005 313 4077 odat
323 4006 389 4079 edu.
401 4007 533 4097 ἔμελλεν
543 4008 695 4093 ἔσεσθαι,
708 4007 738 4100 ἤ,
750 4014 797 4101 τῷ
807 4014 947 4100 μεγέθει
958 4017 1148 4105 μετριάζων,
1162 4043 1265 4084 κατα-

100 4111 336 4199 πεπλεγμένος
346 4115 388 4203 τῇ
399 4111 564 4205 ποικιλίᾳ.
587 4120 738 4183 Sententia
750 4121 820 4183 satis
835 4130 935 4202 aperta
950 4132 1008 4185 est:
1023 4124 1185 4187 Homerum
1201 4144 1271 4206 prae
1290 4142 1320 4191 10

104 4220 212 4283 ceteris
227 4221 318 4282 etiam
332 4230 487 4303 propterea
503 4222 633 4286 divinum
647 4222 751 4297 videri,
770 4224 837 4304 quia
851 4243 888 4286 nc
908 4226 1015 4288 beilum
1030 4228 1150 4307 quidem
1166 4228 1271 4292 Troia·

102 4323 336 4405 numquamne
350 4324 467 4389 initium
482 4333 512 4388 et
526 4326 614 4388 tinem
628 4326 739 4388 habens
756 4327 894 4407 (ideoque
908 4328 1048 4392 hactenus
1060 4347 1121 4391 non
1137 4330 1272 4408 ineptum

105 4427 193 4507 epico
207 4427 333 4495 warini
347 4432 580 4513 argumentum),
593 4446 762 4511 proponere
777 4438 873 4495 totum
887 4432 1022 4505 voluerit,
1045 4432 1105 4492 sire
1124 4431 1207 4509 quod
1228 4430 1275 4491 sic

1032 4530 1073 4592 3*
