3276 5144
660 456 811 560 ,μα-5·-

153 651 211 715 hoo
221 651 323 734 utique
334 650 625 714 animadvertendum
637 657 691 724 est,
705 650 932 731 haudquaquam
944 649 973 711 id
983 648 1010 711 ei
1019 648 1206 731 propositum
1215 647 1316 725 luisse,

154 762 188 818 ut
209 755 245 817 ad
267 754 390 817 modum
409 753 670 833 grammaticorum
689 754 855 816 universam
871 752 1078 815 vocabulorum
1101 754 1204 816 silvam
1219 754 1250 816 in
1263 771 1317 816 sua
1339 791 1346 803 ,

154 876 287 940 quaeque
312 875 419 938 genera
437 863 571 919 accurate
592 855 773 929 discriberet
800 856 851 918 sed
872 855 943 919 illud
964 864 1090 930 tantum,
1116 861 1150 919 ut
1169 854 1318 919 dialectica

154 961 268 1025 ratione
287 961 319 1022 in
336 959 547 1022 enuntiationis
567 966 704 1021 naturam
726 959 898 1039 inquireret,
924 968 1081 1040 partesque
1102 959 1242 1021 orationis
1257 977 1317 1034 eas,

153 1064 217 1126 sine
231 1062 338 1144 quihus
353 1061 571 1124 enuntiationes
587 1062 650 1124 lieri
664 1069 694 1123 et
704 1062 782 1123 inter
793 1081 825 1123 se
837 1063 913 1125 necti
925 1069 1086 1143 nequeunt,
1102 1061 1319 1125 demonstraret

155 1166 377 1247 quoquomodo
392 1164 448 1226 hae
461 1163 671 1226 adhiberentur
685 1164 815 1227 doceret.
845 1166 946 1246 ltaque
966 1183 1060 1245 quum
1079 1165 1109 1227 id
1123 1183 1216 1246 genus
1230 1184 1319 1228 roca-

153 1269 301 1343 bulorum,
328 1286 388 1350 quo
408 1268 439 1329 in
462 1266 544 1328 omni
563 1266 763 1330 enuntiatione
783 1268 896 1330 utimur
915 1268 951 1330 ad
966 1268 1194 1350 praedicandum
1208 1268 1319 1350 aliquid

154 1372 190 1434 de
205 1372 313 1453 aliquo,
333 1377 456 1452 propter
473 1372 551 1433 hanc
569 1370 663 1450 ipsam
683 1370 869 1451 praedicandi
890 1371 935 1433 vel
956 1372 1127 1434 enuntiandi
1141 1379 1318 1453 potestatem

155 1467 300 1557 ῥήματος
315 1475 435 1535 nomine
446 1473 614 1554 appellaret,
630 1482 748 1553 recepto
761 1475 819 1535 hm
831 1475 867 1536 ab
880 1474 1093 1554 antiquioribus
1105 1474 1268 1556 significatu
1278 1477 1317 1555 ⁸),

154 1576 263 1639 addidit
280 1577 469 1639 accuratioris
489 1574 666 1637 delinitionis
685 1593 772 1637 causa
793 1576 881 1637 etiam
896 1576 967 1638 illud
982 1575 1019 1638 de
1033 1576 1174 1658 temporis
1189 1576 1319 1657 adsigni-

154 1680 300 1753 litatione,
315 1698 389 1758 quae
403 1696 473 1740 sane
487 1678 527 1740 illi
542 1678 641 1759 generi
655 1695 807 1760 nunquam
823 1694 885 1739 non
899 1677 1081 1759 inhaereat).
1105 1679 1243 1742 Attamen
1256 1695 1318 1741 non

154 1783 227 1845 adeo
247 1788 415 1845 constanter
434 1782 480 1842 his
500 1780 570 1843 solis
591 1781 670 1842 illam
692 1774 837 1862 ῥήματος
851 1778 1074 1859 appellationem
1090 1787 1230 1860 tanquam
1246 1799 1317 1861 pro·

154 1886 249 1965 priam
263 1883 299 1946 ab
314 1904 348 1945 eo
364 1883 453 1945 tribui
468 1883 610 1956 ridemus,
627 1891 661 1944 ut
675 1881 798 1968 eandem
815 1899 877 1943 non
891 1882 978 1944 etiam
995 1882 1031 1944 de
1046 1882 1189 1945 eiusmodi
1200 1883 1317 1963 praedi·

155 1995 288 2049 catorum
309 2004 415 2065 genere
435 1994 568 2066 usurpet,
594 1986 625 2047 in
646 1984 752 2066 quihus
772 1984 890 2064 aliquod
910 2002 1021 2048 nomen
1040 2004 1109 2048 cunr
1126 1985 1221 2048 verbis
1236 1979 1319 2064 ἔστι,

154 2075 203 2171 ἦν,
226 2081 330 2161 ἔσται,
354 2087 497 2170 γίγνεται
511 2093 542 2149 el
554 2087 710 2159 similibus,
726 2104 802 2168 quae
817 2094 957 2169 tanquam
974 2090 1096 2168 copulae
1112 2088 1173 2151 tice
1187 2087 1318 2169 lungun-

155 2199 214 2265 tur,
230 2191 420 2254 coniunctum
437 2199 497 2252 est:
514 2192 593 2254 velut
607 2209 699 2271 quum
714 2190 839 2252 dicimus
857 2181 876 2251 ὁ
898 2181 977 2273 ἀνήρ
993 2182 1088 2275 ὑγιής
1103 2184 1184 2264 ἐστι,
1206 2206 1318 2253 nomen

155 2293 198 2356 sic
213 2312 282 2355 curn
293 2292 383 2354 verbo
396 2292 585 2355 coniunctum
600 2293 689 2353 etiam
706 2287 853 2376 ῥήματος
867 2292 1061 2373 appellatione
1072 2293 1317 2367 uenerandum,

154 2395 223 2459 licet
233 2395 375 2478 temporis
387 2395 592 2477 adsignificatio
604 2413 664 2457 nen
677 2396 708 2457 in
719 2396 786 2471 hoc,
802 2397 854 2458 sed
869 2403 986 2458 tantum
997 2396 1029 2458 in
1044 2387 1117 2460 ἔστι
1126 2396 1196 2459 insit
1206 2399 1215 2438 ¹
1226 2398 1265 2477 ο).
1274 2429 1318 2443 -

157 2536 358 2546 ...ι-...κ-

225 2587 251 2651 8)
269 2586 346 2640 Velut
363 2587 549 2654 sDemocritm
566 2603 580 2638 s
593 2587 734 2653 Protagora
747 2589 788 2652 (de
801 2589 889 2655 quibos
902 2586 953 2639 aiio
965 2589 1022 2640 loco
1036 2588 1125 2651 dicam)
1139 2596 1166 2640 et
1177 2603 1192 2639 a
1204 2585 1317 2640 Platone.

156 2670 300 2737 Falluntur,
316 2675 358 2740 qui
375 2674 504 2725 Platonem
517 2674 624 2741 primum
636 2674 674 2725 sie
687 2670 796 2743 ῥήματα
809 2673 839 2724 ab
853 2669 975 2742 ὀνόμασι
987 2674 1138 2725 distinxisse
1150 2681 1251 2741 putant:
1264 2675 1319 2742 ipse

61 2782 65 2787 ·
159 2758 224 2807 euim
237 2765 263 2808 et
274 2759 299 2808 in
309 2757 414 2827 Crstyio
427 2768 453 2811 et
464 2761 488 2810 io
499 2760 618 2825 Sophiste
630 2775 684 2812 rem
697 2759 747 2810 iarn
759 2760 790 2809 sb
802 2760 861 2811 aliis
873 2767 932 2811 ante
943 2775 972 2811 se
981 2760 1101 2811 traditan
1112 2756 1190 2810 luisse
1200 2762 1319 2813 ostendit.

227 2841 252 2905 9)
271 2842 451 2909 Byzantiorum
463 2846 642 2909 magistrorum
655 2860 758 2895 acumen
770 2845 847 2896 etiam
858 2843 982 2914 ῥήματος
991 2859 1078 2896 nomen
1088 2860 1103 2896 s
1113 2843 1174 2916 ῥέον,
1185 2843 1265 2909 Παο,
1277 2861 1319 2898 ra·

159 2926 291 2992 petendum
309 2928 390 2991 duxit,
406 2925 483 2994 παρὰ
501 2926 717 3000 adsiduitatis
733 2931 773 2988 τις
786 2927 853 2988 τοὺς
864 2926 995 3001 χρόνους.
1025 2928 1110 2983 Sobel.
1126 2932 1158 2982 ed
1169 2931 1276 3001 Dionys.
1292 2932 1319 2984 in

159 3011 237 3062 llekk.
249 3013 343 3063 Anecd.
356 3012 376 3065 ll
388 3031 411 3082 p.
425 3014 483 3079 88¹,
497 3016 536 3065 td.

211 3092 337 3162 10)Ἄνευ
344 3095 477 3168 ῥήματος,
486 3098 762 3166 inquithrdeinterpr.
769 3100 837 3163 ald,
847 3099 871 3161 2,
881 3095 1002 3169 οὐδεμία
1011 3094 1318 3169 αατήφασιςούδὲἇττό-

159 3178 1320 3258 φαστς·τὸγὰρῖστινῆἔσταιήήνῆγίνεταιἣὸσαᾶλλατοιαῦτα,ῥήματαέκ
1382 3188 1387 3215 ²

158 3270 214 3319 τῶν
225 3269 359 3338 κειμένων
372 3270 517 3329 (secundum
529 3285 559 3321 es
572 3286 635 3337 quse
647 3270 718 3339 prius
731 3270 863 3334 proposita
874 3270 942 3334 sunt)
954 3267 1023 3321 dost.
1045 3273 1254 3341 προσσημαίνει
1263 3268 1319 3339 γὰρ

154 3347 270 3419 χρόνον.
287 3351 384 3405 Contra
396 3355 421 3405 in
431 3354 503 3406 Post.
517 3372 538 3407 e.
552 3355 593 3419 20,
607 3356 653 3406 tt:
667 3350 721 3422 οὐχ
731 3348 807 3410 ἅπας
818 3350 903 3423 λόγος
913 3351 944 3407 ἐκ
953 3350 1086 3424 ῥημάτων
1096 3350 1246 3425 σύγκειται,
1259 3350 1317 3407 ἀλλ’

157 3435 298 3504 ἐνδέχεται
311 3432 378 3491 ἄνευ
389 3435 521 3507 ῥημάτων
534 3437 622 3509 λόγον
634 3436 713 3491 εἶναι.
732 3437 835 3490 Scilicet
846 3439 872 3490 in
884 3439 1007 3490 eiusmodi
1019 3437 1150 3506 exemplis,
1164 3441 1207 3491 nbi
1215 3440 1319 3491 verbnm

162 3522 347 3574 substantivum
365 3524 562 3575 subaudiendum
579 3523 745 3591 relinquitur,
766 3520 903 3575 uslutoda
919 3519 1032 3594 ἀγαθὸν
1048 3527 1260 3593 πολυκοιρανίη,
1278 3517 1320 3584 εἷς

159 3605 260 3665 οἰωνὸς
271 3601 399 3679 ἄριστος,
421 3606 484 3676 παρ’
499 3604 596 3677 ἔμοιγε
609 3610 655 3660 καὶ
668 3603 751 3660 ἄλλοί
763 3624 793 3660 so
806 3608 941 3674 similibus,
963 3627 1042 3679 nsque
1053 3611 1172 3664 audiendi
1184 3619 1256 3676 sunt,
1277 3611 1320 3679 qni

158 3700 264 3761 propter
276 3693 416 3745 huiusmodi
429 3694 620 3760 dissensionem,
633 3702 678 3746 aut
690 3695 800 3761 speciem
812 3695 986 3761 dissensionis,
1003 3697 1086 3748 locunt
1097 3698 1163 3749 hune
1175 3698 1206 3749 ab
1218 3696 1321 3749 Aristo-

159 3779 211 3830 tele
228 3778 420 3830 abiudicandum
439 3788 576 3831 autumant.
588 3809 621 3817 -
634 3778 660 3830 lu
677 3779 736 3831 libr.
749 3780 780 3830 de
792 3780 898 3847 interpr.
911 3797 933 3831 c.
952 3781 991 3843 10,
1006 3782 1050 3832 13:
1066 3784 1274 3854 μετατιθέμενα
1287 3781 1320 3836 di

157 3860 191 3916 τὰ
204 3860 331 3933 ὀνόματα
344 3865 390 3916 καὶ
401 3860 435 3915 τὰ
447 3861 557 3933 ῥήματα
568 3859 671 3916 ταύτὸν
681 3868 820 3933 σημαίνει,
833 3857 895 3917 οἷον
907 3860 979 3918 ἔστι
992 3863 1109 3925 λευκὸς
1120 3862 1320 3940 ἅνθρωπος,

158 3946 252 4003 ἔστιν
270 3946 455 4021 ἅνθρωπος
472 3946 601 4017 λευκός,
617 3948 776 4002 manifestum
794 3959 845 4017 est,
863 3951 938 4021 ῥῆμα
955 3968 1003 4003 non
1019 3953 1068 4003 hoc
1083 3954 1165 4006 solun
1185 3953 1257 4021 iere,
1274 3958 1319 4008 ssd

158 4030 219 4088 ἔστι
231 4033 324 4096 λευκός
336 4038 394 4087 dici.
419 4036 493 4088 Immo
506 4037 532 4088 in
545 4038 686 4089 huiusmodi
698 4037 878 4101 enuntiatione,
896 4037 939 4088 ubi
951 4038 990 4089 vis
1003 4040 1142 4106 praedicati
1154 4041 1179 4092 in
1192 4041 1319 4093 adieetivo

158 4129 207 4186 est,
216 4120 287 4187 ἔστι,
307 4124 371 4190 quod
384 4124 489 4190 copulae
503 4123 558 4173 viee
568 4120 690 4188 iungitur,
707 4123 783 4173 etism
796 4117 1055 4192 προσκατηγόρημα
1067 4131 1112 4174 sut
1122 4127 1217 4191 τρίτον
1229 4138 1320 4194 προσ-

158 4211 378 4277 κατηγορεῖσθαι
390 4209 491 4272 dieitur,
503 4207 686 4276 ambigiturque
699 4208 770 4271 adeo,
782 4215 866 4259 utrum
879 4207 964 4276 ῥῆμα,
976 4223 1008 4259 so
1021 4208 1171 4273 simpliciter
1182 4210 1320 4262 vocabu-

158 4291 217 4342 lum
232 4288 343 4362 (ὄνομα)
357 4294 407 4345 diei
419 4294 516 4358 debeat,
530 4294 561 4344 de
573 4294 679 4361 interpr.
691 4291 710 4344 l.
722 4294 739 4344 1.
753 4293 777 4359 ξ.
790 4295 815 4344 t.
835 4292 872 4345 Ci.
886 4293 965 4344 schol.
979 4294 1010 4344 sd
1020 4292 1125 4363 Aualpt.
1135 4294 1145 4345 l
1156 4310 1179 4360 p.
1192 4295 1265 4345 luds
1277 4295 1319 4346 192

159 4373 279 4442 σύνηθές
291 4377 351 4430 ἔστι
362 4380 402 4445 aqi
415 4375 470 4448 Ἀρ.
482 4374 807 4450 προσνατηγοροῦμενον
823 4380 915 4449 λέγειν
931 4376 963 4432 τὸ
982 4377 1090 4444 ἔστιν,
1105 4370 1168 4434 οἷον
1184 4372 1321 4449 t't'rdpns·

46 4494 49 4497 -
161 4478 227 4520 noc
243 4464 450 4533 praesepiis
468 4462 480 4516 ἒ
487 4466 554 4516 στί·
573 4467 822 4539 συγκατηγορεῖται
840 4462 895 4536 γὰρ
913 4462 1021 4518 tdodzb
1039 4460 1112 4520 ἔστι
1127 4460 1197 4519 κατὰ
1210 4466 1260 4520 τοῦ
1272 4462 1322 4521 ἄν·

203 4544 250 4610 lv.
1079 4549 1119 4612 15
