3222 5148
719 396 868 497 —ea—s-

209 608 342 664 morare,
363 590 394 651 in
413 590 471 652 'hec
490 589 681 652 multitudine
703 609 777 671 qnae
793 590 829 650 de
845 588 984 671 eligendis
1004 588 1173 669 suffragium
1188 588 1262 661 fert,
1284 605 1373 669 quem

209 710 335 773 magnus
349 695 389 755 sit
405 711 547 755 uumerus
563 714 597 754 ex
613 713 649 754 eo
664 711 771 773 genere
787 694 908 766 rivium,
930 711 1005 774 quos
1026 703 1138 755 veteres
1153 694 1251 772 legum
1266 693 1373 754 latores

208 814 247 858 ne
262 797 292 856 in
307 795 416 857 civibus
432 796 550 876 quidem
566 804 645 858 recte
662 795 761 858 haberi
776 797 951 867 iudicabant,
968 812 1028 857 uon
1044 814 1103 875 quo
1118 815 1170 856 eos
1185 796 1262 856 viros
1277 794 1373 856 bonos

209 903 239 960 et
253 898 360 960 civitati
371 898 460 959 utiles
476 909 563 979 atque
578 899 760 961 necessarios
775 918 839 960 esse
853 908 1009 978 negarent,
1029 899 1081 959 sed
1103 898 1183 979 quod
1198 914 1258 959 non
1274 903 1374 959 tamen

207 1002 250 1063 sic
282 1004 401 1063 affectos
434 986 522 1082 atque
552 1002 710 1063 instructos
754 1021 820 1063 esse
851 1002 1022 1072 censebant,
1061 1009 1095 1062 ut
1127 1019 1190 1062 rem
1227 999 1374 1082 publicam

208 1103 253 1164 vel
268 1104 390 1164 minima
411 1122 447 1164 ex
467 1109 549 1183 parte
570 1122 673 1166 curare
690 1113 770 1166 recte
791 1125 825 1167 ac
845 1105 1007 1186 prudenter
1025 1111 1155 1183 possent.
1188 1103 1245 1163 Sed
1269 1121 1373 1164 eorum

209 1206 307 1277 etiam,
322 1205 372 1285 qui
387 1224 447 1266 non
463 1213 534 1267 sunt
548 1226 584 1268 en
598 1208 655 1268 boc
669 1225 789 1288 genere,
813 1215 923 1288 quotus
944 1206 1068 1287 quisque
1090 1205 1208 1267 tandem
1231 1212 1290 1278 eet,
1312 1205 1373 1285 qui,

210 1326 303 1389 quum
324 1309 359 1368 ad
383 1308 548 1388 eligendum
568 1319 704 1383 vocatur,
726 1327 787 1371 non
806 1310 893 1381 alios,
915 1326 1002 1389 mam
1025 1326 1152 1387 quorum
1175 1316 1244 1368 nota
1264 1307 1321 1387 ipsi
1340 1325 1375 1369 ac

208 1418 361 1492 perspecta
375 1412 467 1474 virtus
482 1414 529 1482 sit,
545 1413 651 1492 eligere
667 1408 772 1475 curati
798 1413 894 1474 Immo
914 1412 999 1492 longe
1021 1411 1140 1491 plurimi
1161 1411 1203 1472 sic
1225 1429 1256 1471 ee
1277 1410 1374 1471 officio

208 1534 263 1576 suo
278 1516 348 1576 satis
363 1514 459 1577 facere
476 1524 592 1596 putant,
607 1515 640 1596 ,si
661 1516 795 1577 homines
811 1515 866 1577 sibi
886 1515 1016 1596 ignotos,
1037 1514 1090 1575 sed
1110 1513 1147 1575 ab
1169 1512 1246 1585 aliis,
1268 1512 1374 1592 quibus

208 1617 296 1679 fidem
313 1618 431 1693 babent,
446 1618 669 1680 commendatos
684 1618 806 1699 eligant:
823 1637 878 1681 nec
891 1618 977 1698 pauci
991 1625 1069 1690 sunt,
1087 1617 1135 1696 qui
1151 1617 1322 1677 rumoribus
1338 1634 1373 1677 ac

210 1719 468 1782 vociferationibus
487 1722 716 1801 demagogorum
738 1730 789 1782 aut
808 1722 955 1783 schedulis
976 1721 1039 1783 istis
1061 1718 1253 1800 turpissimis,
1274 1718 1374 1799 quales

214 1823 344 1902 quotidie
360 1824 470 1884 multae
481 1832 659 1902 sparguntur
671 1842 832 1903 causaeque
844 1822 993 1904 popularis
1005 1831 1157 1903 praetextu
1168 1821 1374 1902 imperitorum

213 1923 317 1986 iudicia
333 1932 541 2005 corrumpunt,
566 1925 597 1986 in
617 1943 750 1987 errorem
770 1944 802 1987 se
818 1926 915 1987 induci
931 1927 1087 2007 patiantur.
1124 1923 1190 1984 Non
1205 1924 1314 1985 mirum
1331 1932 1377 1985 est

212 2026 309 2106 igitur,
325 2027 355 2088 in
370 2027 450 2088 hunc
464 2045 646 2099 consessum,
668 2026 719 2108 qui
734 2027 835 2089 salutis
850 2028 982 2108 publicae
998 2045 1085 2089 causa
1100 2026 1278 2088 constitutus
1294 2027 1375 2088 vide·

211 2129 314 2203 batur,
337 2138 399 2191 tam
416 2129 524 2191 multos
540 2129 681 2209 delegari,
702 2148 828 2209 quorum
844 2131 939 2192 bonos
956 2130 1033 2191 viros
1048 2128 1215 2209 patriaeque
1231 2137 1374 2204 amentes,

214 2232 354 2312 ipsosque
368 2231 441 2293 adeo
457 2233 599 2294 electores
614 2251 684 2293 suos
700 2232 725 2294 si
740 2233 932 2313 resipuerint,
955 2231 1063 2313 pudeat
1076 2232 1246 2311 pigeatque‚
1270 2249 1374 2293 eorum

211 2333 330 2414 quidem
346 2342 435 2407 certe,
451 2334 501 2414 qui
513 2352 575 2395 non
586 2335 669 2395 veriti
685 2343 756 2396 suut
770 2343 870 2415 aperte
888 2334 1068 2397 adversarios
1081 2353 1113 2395 se
1124 2333 1256 2415 profiteri
1268 2334 1375 2397 honori

208 2435 252 2497 rei
268 2436 399 2517 publicae
415 2444 534 2499 nostrae
550 2444 580 2498 et
599 2437 804 2509 incrementis,
827 2455 952 2518 eamque
974 2436 1110 2498 imminui
1131 2434 1167 2496 ab
1188 2435 1324 2498 hostibus
1346 2444 1375 2498 et

209 2538 331 2600 lacerari
346 2538 524 2611 maluerunt,
540 2557 629 2620 quam
642 2539 745 2601 cedere
757 2539 813 2620 ipsi
825 2540 870 2601 bis
882 2540 959 2616 viris,
975 2539 1083 2622 quibus
1095 2545 1218 2619 propter
1228 2538 1374 2601 frenatam

210 2639 306 2702 adhuc
320 2642 481 2705 concitatae
497 2641 692 2704 multitudinis
703 2643 900 2705 temeritatem
913 2661 1016 2704 omnes
1028 2642 1079 2703 viri
1091 2640 1161 2703 boni
1172 2646 1202 2701 et
1213 2642 1374 2720 prudentes

209 2744 356 2806 bonorem
371 2763 405 2807 ec
418 2744 540 2824 gratiam
556 2745 655 2807 deberi
670 2744 844 2825 intelligunt.
869 2747 927 2809 Sed
940 2746 1040 2808 nescio
1053 2762 1091 2806 an
1102 2744 1193 2822 magis
1205 2744 1293 2804 etiam
1306 2744 1375 2806 mali

211 2862 246 2907 ac
260 2845 414 2926 perniciosi
431 2846 614 2909 consultores
633 2848 676 2908 rei
698 2848 830 2927 publicae
855 2848 902 2910 elii
924 2847 1050 2912 habendi
1072 2847 1146 2919 sint,
1170 2847 1221 2927 qui
1243 2846 1374 2910 callidius

208 2947 375 3027 tectiusque
398 2955 503 3028 agunt,
528 2948 659 3029 dumque
679 2968 817 3029 magnam
839 2952 949 3032 patriae
969 2950 1118 3013 caritatem
1138 2947 1235 3010 verbis
1256 2967 1325 3030 prae
1341 2969 1373 3011 se

210 3049 320 3122 ferunt,
337 3050 468 3130 adeoque
484 3049 572 3111 etiam
586 3051 663 3131 regis
678 3071 810 3114 amorem
826 3073 860 3116 ac
874 3053 1091 3115 venerationem
1106 3052 1257 3124 simulent,
1273 3071 1375 3133 reapse

207 3158 308 3213 tamen
324 3152 395 3213 nihil
406 3152 483 3214 eliud
496 3161 596 3231 agunt,
612 3172 701 3234 quam
714 3162 746 3216 ut
757 3155 830 3227 falso
843 3155 914 3218 iuris
927 3155 1076 3218 cuiusdam
1090 3163 1241 3235 praetexto
1253 3172 1374 3216 omnem

204 3254 252 3316 rei
267 3246 399 3333 publicae
413 3262 523 3317 statum
540 3264 716 3335 pervertant,
739 3265 769 3318 et
789 3257 867 3319 aliud
882 3258 1031 3338 quoddam
1046 3275 1138 3338 genus
1153 3258 1269 3339 imperii
1283 3257 1374 3320 indu·

210 3363 287 3427 caut,
302 3355 333 3417 in
349 3375 407 3437 quo
423 3358 533 3419 scilicet
547 3357 629 3438 regni
645 3359 687 3419 vis
702 3377 736 3422 ac
751 3368 880 3440 potestas
892 3360 989 3421 omnis
1001 3360 1077 3440 apud
1090 3359 1169 3440 ipsos
1181 3360 1373 3441 ipsorumque

210 3456 369 3519 factionem
381 3459 428 3520 sit.
454 3459 549 3521 Huius
561 3460 675 3540 generis
687 3461 823 3523 homines
838 3480 931 3542 quum
946 3462 1051 3523 florere
1062 3460 1260 3523 multitudinis
1275 3462 1374 3523 farore

210 3577 247 3621 er
262 3559 355 3639 iisqne
368 3562 557 3640 potissimum
573 3582 623 3625 eos
637 3563 703 3643 eligi
717 3563 812 3626 solere
826 3563 949 3636 videam,
966 3565 1017 3644 qui
1033 3563 1069 3624 de
1082 3581 1199 3624 summa
1210 3582 1241 3625 re
1256 3563 1373 3644 publiea

211 3660 389 3735 consultant,
404 3662 481 3723 baud
498 3681 568 3726 saue
584 3684 633 3728 me
647 3666 806 3729 abhorrere
819 3666 914 3728 fateor
928 3665 965 3727 ab
977 3685 1009 3728 ea
1021 3666 1205 3746 cogitatione,
1222 3672 1255 3726 ut
1266 3665 1373 3729 melius

211 3770 243 3826 et
258 3763 293 3825 ad
309 3763 434 3825 salutem
450 3766 492 3826 rei
506 3768 638 3846 publicae
650 3768 807 3852 optabilius
818 3768 882 3829 fore
893 3778 1006 3853 putem,
1021 3768 1047 3829 ei
1058 3768 1241 3830 consultores
1252 3767 1300 3829 isti
1312 3785 1374 3830 non

210 3865 338 3946 amplius
351 3866 547 3928 multitudinis
557 3869 700 3950 suffragiis
711 3871 763 3933 sed
775 3880 854 3932 sorte
866 3882 1011 3935 creentur.
1038 3869 1112 3931 Nam
1124 3888 1189 3932 sors
1201 3870 1373 3934 bocsaltem

210 3968 283 4031 boni
298 3967 403 4041 babet,
424 3977 459 4031 ut
474 3969 661 4049 cupiditatem
677 3979 706 4033 et
719 3973 916 4036 temeritatem
932 3971 1056 4053 eligendi
1070 3973 1205 4034 excludat
1219 3980 1249 4034 et
1262 3990 1374 4052 aequa·

212 4071 353 4134 bilitutem
378 4071 525 4153 quendem
547 4073 697 4146 admittat,
720 4075 750 4136 in
774 4094 831 4155 qua
851 4075 920 4139 lieet
939 4079 1038 4157 plures
1061 4076 1123 4137 fore
1140 4075 1217 4137 viros
1231 4076 1325 4137 bonos
1339 4093 1374 4138 ec

213 4174 375 4255 prudentes
389 4191 450 4236 non
465 4192 630 4254 speremus,
648 4176 705 4237 hoc
720 4186 819 4239 tamen
834 4188 913 4241 certe
928 4196 988 4241 non
1004 4178 1044 4240 sit
1059 4178 1228 4251 verendum,
1242 4196 1280 4240 ne
1294 4178 1374 4240 idem

210 4275 334 4349 ammat,
350 4278 429 4356 quod
444 4276 475 4338 in
489 4278 556 4349 boc,
572 4296 631 4358 qeo
647 4296 727 4341 nunc
739 4282 858 4359 utimur,
875 4281 999 4361 eligendi
1010 4280 1100 4341 modo
1111 4281 1241 4344 accidere
1253 4298 1374 4344 necesse

216 4383 269 4450 est,
284 4386 318 4440 ut
333 4378 351 4439 ii
362 4379 549 4458 potissimum
562 4381 714 4464 eligantur,
731 4402 807 4465 quos
819 4384 956 4453 homiues
965 4381 1079 4445 factiosi
1090 4391 1121 4443 et
1131 4383 1284 4465 imperitae
1294 4385 1374 4447 mul·
