3266 5140
699 491 835 589 ab„

162 675 231 754 quio
251 686 282 738 et
302 676 426 738 consilio
450 678 575 739 miseros
598 676 817 739 consolabatur:
846 676 1015 737 circumibat
1037 677 1101 755 ipsa
1122 676 1242 738 domos:
1264 698 1313 739 ae-

160 779 251 857 grotis
280 779 452 841 medicinam
483 800 500 842 e
528 798 579 841 sua
610 780 700 840 domo
729 777 981 840 subministrabat:
1010 778 1140 840 medicos
1166 779 1312 842 mittebat:

160 878 269 941 liberos
300 880 389 943 orbos
419 890 468 943 ant
496 890 618 962 propter
646 888 801 960 egestatem
830 889 984 960 parentum
1015 880 1089 942 male
1118 879 1233 943 habitos
1256 897 1312 942 nu·

160 981 303 1057 amandos,
329 983 509 1055 vestiendos,
533 983 643 1045 artibus
666 992 694 1044 et
717 982 839 1063 opificiis
861 982 1048 1045 instruendos
1071 982 1202 1055 curabat,
1224 1002 1312 1064 pror·

160 1100 211 1144 sus
232 1091 265 1145 ut
286 1102 392 1146 omnes
413 1104 477 1146 eam
498 1086 542 1146 vel
565 1094 701 1164 tanquam
725 1091 846 1146 matrem
869 1092 1009 1157 amarent,
1031 1084 1074 1145 vel
1096 1093 1234 1164 tanquam
1254 1102 1312 1146 nu·

158 1204 227 1247 men
249 1186 364 1267 aliquod
387 1188 504 1250 tutelare
527 1194 740 1248 venerarentur.
778 1186 878 1266 Neque
899 1194 996 1247 tamen
1018 1186 1081 1266 ipsa
1094 1205 1223 1267 unquam
1239 1206 1310 1267 pro-

158 1296 256 1368 pterea
278 1296 327 1350 aut
348 1289 454 1368 gratias
477 1290 532 1351 sibi
555 1288 598 1368 agi
621 1297 671 1350 aut
691 1288 803 1350 laudem
826 1297 910 1369 atqua
932 1289 1076 1350 honorem
1096 1288 1183 1350 tribui
1206 1298 1311 1369 postn-

158 1389 245 1453 labat:
268 1391 406 1471 quidquid
430 1393 544 1463 laceret,
567 1391 626 1452 Deo
650 1409 682 1451 se
704 1389 807 1451 debere
829 1392 971 1470 professa,
993 1409 1142 1471 nunqnam
1166 1391 1236 1454 satis
1255 1391 1310 1453 sibi

157 1493 221 1572 ipsa
243 1493 346 1555 iecisse
368 1493 530 1566 ridebatur,
559 1510 653 1572 neque
676 1492 832 1572 quidquam
855 1493 947 1570 magis
970 1492 1098 1566 dolebat,
1120 1511 1207 1573 quam
1229 1493 1308 1573 quod

157 1603 279 1675 propter
308 1614 400 1679 opum
429 1595 657 1657 mediocritatem
687 1611 747 1654 non
778 1603 890 1656 tantum
920 1603 1059 1674 quantum
1089 1595 1170 1656 vellet
1195 1596 1309 1657 allicere

156 1705 268 1776 posset.
312 1697 354 1758 lta
380 1715 441 1758 non
469 1715 539 1759 sane
566 1696 674 1758 mirum
702 1696 780 1775 quod
802 1697 878 1757 hanc
898 1704 928 1757 et
949 1695 1019 1757 dum
1041 1695 1151 1758 vivebat
1172 1695 1307 1759 universa

155 1797 329 1860 Pomerania
350 1817 468 1861 summo
491 1818 591 1861 amore
613 1807 642 1860 et
663 1798 780 1860 caritate
801 1798 931 1877 amplexa
954 1806 1010 1871 est,
1039 1809 1068 1859 et
1088 1806 1157 1878 post
1179 1807 1305 1860 mortem
1328 1816 1361 1866 aa

35 1890 40 1896 ’
155 1917 216 1960 non
244 1900 342 1961 minna
371 1900 449 1980 gravi
478 1900 580 1962 dolore
611 1899 740 1974 deflevit,
771 1919 856 1980 quam
884 1899 949 1961 illos
972 1899 1041 1961 olim
1064 1900 1212 1981 principos
1234 1920 1306 1963 suos

156 2000 319 2076 defleverat,
347 2021 473 2082 quorum
500 2003 620 2082 stirpem
648 2002 874 2064 vetustissimam
901 2011 929 2062 et
955 2000 1168 2064 nobilissimam
1193 2002 1225 2064 in
1251 2003 1307 2066 hac

155 2100 212 2163 iam
234 2104 351 2182 penitus
373 2104 528 2167 extinctam
550 2103 629 2166 vidit.
665 2103 700 2165 ln
721 2105 780 2166 hoa
801 2103 878 2165 enim
900 2120 960 2164 uno
983 2104 1084 2164 lunera
1106 2111 1227 2165 cunctos
1250 2104 1306 2167 sibi

154 2203 304 2266 ridebatur
336 2207 451 2278 efferre,
484 2226 610 2286 quorum
643 2206 689 2268 illa
722 2224 783 2267 non
817 2202 945 2266 nominis
972 2203 1068 2265 solum
1097 2204 1181 2265 heres
1207 2205 1305 2267 relicta

155 2304 254 2379 luerat,
276 2307 327 2368 sed
349 2306 470 2369 nantes
493 2326 618 2388 quoque,
642 2326 714 2388 quas
737 2306 840 2367 inillis
856 2304 946 2385 patria
961 2313 1094 2367 venerata
1108 2314 1177 2380 erat
1200 2324 1305 2367 omnes

152 2406 217 2467 rivo
247 2416 275 2467 et
304 2408 523 2488 incomparabili
549 2410 683 2490 exemplo
710 2427 864 2488 expressas
893 2416 1130 2488 repraesentaret
1183 2407 1304 2470 Univer-

154 2507 224 2570 sitas
250 2516 347 2571 autem
374 2519 489 2584 nostra,
515 2510 646 2590 pluribus
673 2514 732 2573 lere
757 2528 844 2590 quam
867 2508 922 2571 ulla
944 2509 997 2571 alia
1019 2510 1061 2570 rei
1082 2504 1213 2590 publicae
1234 2528 1303 2589 pars

153 2617 182 2670 et
207 2611 415 2691 insignioribus
442 2612 588 2675 beneficiis
611 2633 627 2675 a
649 2612 830 2694 principibus
851 2611 999 2692 quondam
1022 2612 1083 2673 suis
1106 2613 1218 2686 allecta,
1249 2630 1303 2673 aa·

153 2720 233 2773 ctare
254 2711 320 2793 ipso
342 2714 483 2776 Ennasro
497 2715 657 2790 barisano,
678 2716 781 2777 Annon
802 2712 872 2787 lilio,
895 2714 971 2775 diem
993 2713 1081 2775 huius
1103 2714 1303 2789 emortualem,

153 2812 202 2891 qui
223 2821 285 2875 erat
306 2815 335 2876 d.
355 2833 394 2876 rn
415 2815 460 2876 vel
481 2835 516 2877 ex
538 2817 687 2878 emendata
710 2835 797 2896 quam
818 2833 899 2878 nunc
920 2816 1069 2895 sequimur
1090 2819 1231 2878 fastorum
1253 2835 1301 2879 ra-

151 2913 232 2975 tione
252 2916 279 2976 d.
295 2934 378 2978 xrnn
400 2936 439 2978 m.
458 2917 530 2992 lulii,
553 2939 578 2981 a.
594 2937 701 2992 nnana,
723 2922 755 2979 ira
776 2922 946 2980 memoriam
969 2922 1051 2996 (sunt
1071 2918 1142 2980 haec
1162 2918 1225 2999 ipsa
1240 2918 1300 2980 En-

151 3033 238 3077 nnsrr
260 3016 400 3080 Boorsnar
429 3020 516 3083 rerba
549 3021 577 3082 in
610 3020 734 3101 epistola
766 3021 801 3082 ad
834 3021 1048 3082 universitatem
1084 3020 1208 3100 scripta)
1242 3032 1302 3083 tam

149 3104 240 3197 ipsias
266 3124 389 3200 optimae
410 3120 555 3203 Principio
581 3141 668 3203 qaam
694 3126 944 3184 serenissimorum
971 3132 1012 3183 tot
1038 3127 1220 3203 egrepr'oram
1241 3121 1300 3185 Po-

149 3224 299 3283 meraniae
324 3221 454 3295 Ducum,
488 3243 508 3285 o
535 3224 640 3305 quibua
665 3222 745 3286 itoad
770 3227 890 3305 degener
916 3224 1073 3297 descendit,
1107 3228 1300 3306 sandatoram

149 3321 255 3384 scilicet
286 3335 313 3386 et
342 3328 538 3388 natm'cioram
569 3325 655 3388 ltar'oa
689 3324 890 3389 Um'oeroitotie
920 3344 1071 3407 namnam
1103 3327 1300 3392 obliterandae

147 3426 333 3501 grantam'm'a
359 3427 455 3507 officio
483 3428 710 3490 decannnalibus
736 3428 827 3490 sacris
849 3429 878 3490 in
901 3436 1073 3509 perpetuum
1097 3430 1298 3493 celebrandum

148 3525 256 3588 statuit.

232 3628 285 3691 liis
307 3630 394 3710 igitur
415 3632 506 3693 sacris
529 3633 655 3695 crastino
679 3632 738 3705 die,
760 3632 789 3692 h.
812 3650 851 3694 m.
867 3651 960 3706 xrnn,
983 3633 1096 3697 decimo
1118 3636 1176 3697 iam
1199 3645 1228 3698 et
1249 3654 1298 3697 se-

146 3729 240 3809 ptimo
267 3741 337 3810 post
362 3732 491 3812 egregiae
512 3734 656 3814 Principis
684 3734 796 3796 obitum
817 3742 916 3797 exacto
938 3734 1094 3811 decennio,
1123 3737 1153 3798 in
1174 3737 1297 3799 Audito-

145 3830 189 3892 rio
221 3833 325 3895 maiori
363 3833 535 3896 universitas
571 3844 672 3898 nostra
704 3856 740 3897 ex
773 3832 918 3899 nhiorum
950 3838 1085 3899 instituto
1118 3839 1296 3919 operabitur.

144 3932 262 3995 Pietatis
292 3944 411 3998 nostrae
440 3936 627 4017 interpretem
656 3956 722 3999 essa
751 3938 894 4002 voluimus
924 3940 1062 4020 collegam
1090 3942 1296 4004 coniunctissi-

143 4052 225 4096 mum
251 4034 284 4096 o.
312 4037 469 4099 Gronarmr
496 4038 680 4100 Famanromr
707 4039 903 4114 Seronatum,
924 4041 1085 4104 Literarum
1108 4044 1157 4105 Gr.
1186 4053 1213 4105 at
1234 4043 1295 4106 Lat

143 4134 224 4197 Prol.
246 4136 279 4199 P.
302 4136 353 4212 0.,
384 4139 433 4218 qui
455 4138 548 4219 qualis
570 4140 657 4201 luerit
678 4142 910 4205 Pomeranorum
933 4145 1098 4225 principum
1121 4145 1212 4208 virtus
1234 4165 1295 4208 uno

142 4238 268 4300 maxime
294 4239 402 4319 insigni
428 4240 568 4302 Roarscnr
593 4241 689 4319 Magni
715 4244 848 4324 exemplo
875 4246 1096 4309 demonstrabit.
1140 4248 1295 4322 Quamob-

141 4356 203 4400 rem
238 4356 341 4402 omnes
375 4341 480 4421 quibus
511 4343 698 4423 antiquorum
730 4345 921 4408 Pomeraniae
952 4348 1121 4427 Principum
1154 4349 1297 4411 memoria
