3290 5142
833 472 911 539 .48

311 667 341 722 et
354 661 385 721 in
399 660 455 721 bac
469 658 547 722 Ionis
561 658 659 722 fabula
671 679 697 721 v.
711 658 767 721 et:
787 653 915 724 θάσσει
937 655 1013 744 γονὴ
1036 658 1180 745 τρίποδα
1203 655 1327 740 tuscos
1346 660 1472 749 Δελφὶς

311 752 453 824 daldeuu'
478 753 614 847 Ἕλλησι
637 756 721 844 βοάς
742 750 782 837 ἃς
804 752 845 825 dr
865 755 1040 827 Ἀπόλλων
1060 759 1234 853 κελαδήσῃ.
1269 765 1307 827 ut
1324 764 1362 827 ad
1380 765 1471 848 signi·

309 864 453 926 beandam
465 864 512 925 dei
530 865 728 944 praesentiam
747 865 778 927 in
798 866 900 946 adyto,
915 859 950 928 de
969 865 1030 928 τοῦ
1050 868 1130 928 ναοῦ
1150 863 1200 949 τῷ
1213 859 1383 945 Ιἐσωτάτω,
1410 887 1470 950 quo

308 968 409 1047 paucis
424 966 519 1028 aditus
534 973 605 1041 erat,
620 985 743 1030 aureum
758 967 899 1049 Apollinis
914 969 1031 1050 sunum
1053 968 1184 1050 positum
1205 969 1297 1032 luisse
1311 969 1470 1033 Pausanias

308 1076 456 1132 memorat
469 1069 505 1142 X,
522 1068 572 1142 24,
589 1070 618 1130 5.
635 1104 676 1115 -
690 1060 1011 1154 1111111111μνῳ611,
1033 1090 1092 1152 quo
1112 1070 1266 1151 Euripides
1281 1071 1318 1132 de
1337 1072 1471 1153 Apolline

307 1171 481 1234 vaticinante
496 1171 598 1244 autur,
614 1171 731 1234 monuit
744 1172 802 1234 iam
813 1172 985 1235 Eustatbiue
996 1174 1033 1236 ad
1044 1172 1162 1253 Dionys.
1177 1192 1205 1235 v.
1223 1172 1314 1246 1181,
1330 1174 1419 1237 etiam
1433 1173 1469 1236 ab

307 1271 477 1336 Hermanno
496 1273 617 1347 citatas,
638 1281 757 1355 poetam
771 1274 869 1356 paullo
883 1273 1003 1338 bberius
1019 1295 1054 1338 eo
1068 1293 1157 1338 usum
1178 1293 1258 1350 esse,
1280 1292 1342 1337 non
1356 1284 1471 1339 servata

307 1376 427 1455 propria
444 1375 663 1456 significatione.
692 1375 767 1439 Nam
789 1369 887 1456 ὕμνοι
906 1386 986 1440 certe
1005 1377 1140 1440 vaticinia
1159 1395 1221 1441 non
1239 1385 1334 1441 erant.
1368 1378 1470 1460 ltaque

306 1477 380 1539 niliil
393 1477 451 1540 boc
464 1479 530 1541 loco
545 1470 704 1562 ὑμνῳδεῖν
717 1479 774 1541 nisi
789 1472 957 1563 ἐμμέτρως
979 1469 1074 1566 ᾄδειν
1094 1480 1253 1561 significat,
1273 1481 1469 1561 quemadmo-

307 1580 379 1642 dum
395 1580 483 1643 etiam
498 1581 575 1643 inira
589 1600 615 1641 v.
633 1580 695 1643 696
708 1574 858 1665 sprauto
878 1581 993 1645 (1111111.
1023 1582 1125 1645 Potuit
1144 1582 1298 1665 Euripides
1317 1600 1469 1667 apposui·

307 1678 376 1746 δεῖν
389 1689 419 1746 et
432 1680 642 1768 χρησμῳδίαν
656 1684 761 1759 dicare,
776 1684 803 1745 si
816 1701 917 1746 versus
931 1691 1091 1766 pateretur.

390 1786 489 1868 Pergit
502 1786 641 1869 deinceps
655 1787 815 1850 Mercurius
827 1805 955 1862 causam,
971 1805 1026 1850 cur
1035 1786 1165 1869 Delphos
1176 1787 1296 1861 renent,
1312 1803 1468 1868 exponere.

305 1887 478 1970 Aliquando,
492 1888 541 1964 ait,
556 1888 680 1952 Athenis
694 1888 850 1951 Erechthei
863 1889 939 1970 regis
953 1888 1012 1952 filia
1026 1889 1134 1952 611111
1147 1888 1184 1953 ab
1195 1888 1328 1971 Apolline
1341 1907 1395 1971 per
1408 1889 1469 1951 rim

307 2008 475 2073 compressa
490 1996 550 2053 cst:

469 2085 564 2155 παῖδ’
582 2084 762 2177 Ἐρεχθέως
785 2092 910 2175 Φοῖβος
932 2086 1057 2171 ἔζευξεν
1070 2087 1190 2174 γάμοις

469 2195 529 2280 βίᾳ
549 2189 728 2276 Κρέουσαν.
833 2220 836 2225 ⁴

305 2288 418 2377 Γάμον
430 2314 493 2358 non
508 2297 605 2360 solum
622 2298 657 2360 de
672 2297 802 2379 legitimo
816 2298 1006 2361 matrimonio
1022 2297 1239 2371 contrahendo,
1259 2299 1415 2361 sedetiam
1429 2298 1468 2361 de

305 2401 387 2462 omui
406 2402 547 2463 amatoria
568 2400 783 2463 consuetudine
803 2408 832 2463 et
847 2400 1007 2464 concubitu
1024 2401 1080 2463 dici
1103 2408 1165 2463 tam
1186 2402 1217 2462 in
1237 2401 1342 2482 vulgus
1361 2408 1467 2463 notum

303 2521 368 2565 ease
383 2502 480 2577 debet,
496 2509 531 2565 ut
539 2503 674 2584 exempla
684 2505 788 2566 afferre
798 2503 935 2584 putidum
949 2503 1003 2565 sit:
1018 2520 1115 2584 neque
1125 2503 1209 2565 aliter
1219 2504 1307 2565 etiam
1319 2504 1467 2585 nuptiae

303 2622 517 2686 nonnunquam
537 2623 555 2668 a
574 2605 685 2668 Latinis
700 2604 758 2667 dici
771 2605 959 2667 Burmannus
974 2604 1091 2666 monuit
1101 2604 1138 2666 ad
1152 2604 1271 2666 Patron.
1288 2624 1313 2667 c.
1329 2603 1381 2666 25.
1407 2605 1467 2667 lle-

304 2707 489 2771 stituendum
509 2707 598 2789 igitur
612 2707 683 2770 illud
697 2707 870 2771 venabulum
889 2706 1033 2787 Aeschylo
1052 2714 1107 2780 est,
1127 2707 1229 2787 Agam.
1251 2727 1279 2768 r.
1302 2707 1395 2779 1166,
1416 2707 1468 2770 nbi

305 2809 412 2873 chorus
427 2810 630 2883 Cassandram,
646 2816 774 2873 amatam
785 2829 818 2873 se
833 2810 870 2871 ab
883 2808 1017 2889 Apolline
1032 2808 1205 2889 professam,
1220 2809 1395 2891 interrogat:

466 2899 488 2995 ἧ
509 2908 565 2974 καὶ
585 2905 704 2975 τέκνων
726 2904 773 2987 ata
788 2905 882 2992 ἔργον
903 2901 1046 2994 ἤλθετον
1068 2905 1198 2995 γάμῳ,

303 3013 378 3076 Nam
390 3014 470 3095 quod
484 3015 571 3095 vulgo
582 3015 721 3079 scribitur
734 3008 834 3098 νόμῳ,
848 3013 936 3075 nimis
951 3015 1084 3094 profecto
1098 3015 1233 3095 ineptum
1247 3020 1303 3087 111,
1318 3013 1466 3095 siquidem

302 3110 393 3201 νόμῳ
407 3117 443 3178 ad
463 3117 625 3180 liberorum
644 3119 878 3200 procreationem
897 3115 1055 3178 accessisse
1074 3116 1095 3177 ii
1115 3116 1238 3179 demum
1257 3116 1314 3179 uici
1329 3125 1465 3198 possunt,

304 3220 355 3302 qui
369 3222 448 3283 iusto
463 3222 652 3284 matrimonio
666 3221 759 3284 iuncti
772 3204 851 3283 sunt
871 3211 985 3297 Νόμος
999 3219 1079 3280 enim
1093 3237 1158 3282 rem
1170 3219 1311 3300 signifieat
1322 3219 1465 3294 moribus,

303 3322 426 3403 legibus,
441 3323 581 3386 institutis
596 3322 747 3405 probatam
761 3339 877 3402 usuque
888 3328 1052 3402 receptam:
1068 3323 1192 3385 deorum
1203 3326 1302 3384 autem
1318 3320 1367 3384 isti
1381 3340 1466 3384 amo·

302 3442 349 3486 res
365 3430 477 3487 etcum
492 3426 666 3489 mortalibus
681 3424 866 3498 concubitus,
882 3424 1075 3486 etiamsinon
1095 3423 1258 3487 admodum
1275 3424 1349 3498 rari,
1372 3423 1466 3486 mori·

300 3524 358 3589 bus
373 3533 472 3589 umen
484 3535 535 3591 aut
549 3527 661 3608 legibus
674 3528 785 3609 recepti
799 3534 887 3607 atque
900 3526 1002 3589 usitati
1015 3527 1097 3590 nullo
1112 3528 1202 3589 modo
1223 3526 1280 3589 dici
1294 3532 1465 3608 potuerunt.

302 3626 344 3689 Ac
369 3630 493 3691 mirarer
517 3629 654 3710 equidem
682 3628 762 3691 illam
787 3628 1023 3692 emendationem
1043 3629 1194 3692 duduma
1215 3648 1263 3691 me
1282 3628 1466 3711 propositam

302 3730 422 3813 (Opusc.
437 3731 478 3793 lll
492 3751 521 3812 p.
539 3732 622 3810 150),
637 3750 655 3793 a
667 3731 880 3795 recentioribus
893 3732 1007 3796 fabulae
1019 3733 1193 3814 Aeschyleae
1204 3732 1365 3795 editoribus
1379 3749 1465 3814 spre-

301 3840 364 3895 tam
378 3853 452 3909 asse,
467 3834 522 3896 nisi
535 3834 748 3910 meminissem,
762 3852 852 3916 quam
863 3834 980 3897 diffieile
991 3834 1093 3898 multis
1103 3835 1151 3910 sit,
1162 3853 1268 3898 eorum
1279 3833 1464 3916 praesertim,

302 3935 357 4016 qui
374 3955 406 3998 se
427 3936 542 3998 criticos
562 3929 631 3998 κατ’
653 3927 768 4020 ἐξοχὴν
786 3937 887 4000 haberi
909 3936 1026 4011 volunt,
1043 3938 1114 4000 alias
1134 3956 1224 4018 quam
1243 3955 1312 3999 suas
1333 3937 1466 4017 ipsorum

302 4038 521 4101 emendationes
544 4039 678 4119 probare.
714 4039 789 4102 Nam
810 4039 888 4121 quod
903 4039 973 4101 illud
987 4032 1077 4123 νόμῳ
1097 4039 1175 4120 apud
1192 4039 1368 4120 Aeschylum
1389 4037 1466 4100 tueri

301 4147 447 4204 conantur
466 4138 587 4202 Homeri
606 4142 754 4222 exemplo,
776 4141 829 4205 ubi
847 4141 901 4204 viri
919 4160 987 4205 cum
1007 4142 1179 4204 mulieribus
1200 4140 1398 4205 concumbere
1418 4140 1465 4202 di-

301 4230 444 4326 cunturif
466 4235 568 4321 θέμις
591 4232 780 4325 ἄνθριίπων
801 4237 910 4320 πέλοι,
932 4234 1059 4327 ἀνδρῶν
1079 4233 1139 4328 ἡδὲ
1161 4237 1336 4325 γυναικοῖνε
1355 4242 1414 4304 boe
1438 4242 1465 4303 ai

300 4345 377 4408 serio
391 4350 423 4407 et
433 4362 469 4406 ex
483 4344 573 4408 ammi
587 4346 733 4409 sententia
743 4354 844 4428 agunt,
858 4346 1039 4413 1111111111
1050 4347 1257 4411 mirandumne
1269 4364 1308 4409 an
1318 4344 1463 4407 miseran·

300 4447 374 4510 dum
389 4446 493 4511 dicam
