3190 5136
894 438 936 502 96

336 642 444 689 munus
458 626 527 690 dare
539 626 617 691 hand
631 625 768 708 puderet3
782 626 809 688 is
823 633 919 689 autem
934 642 989 706 ogo
1004 642 1080 700 sum,
1094 623 1146 705 qui
1159 621 1328 687 auctoritate
1341 637 1403 685 non
1417 622 1487 685 tad-

335 726 392 790 lius
407 747 495 809 quam
510 728 601 810 grstia
616 747 742 804 movear,
754 727 866 791 venisti
881 726 1014 791 omnium
1026 725 1220 789 libentissime
1235 724 1405 787 concedam.
1430 722 1486 786 lta·

335 848 391 911 que
411 831 437 893 si
455 849 522 894 vera
535 830 738 894 lleimsnnum
764 837 867 894 oontm
889 847 937 891 me
957 828 1125 910 disputasse
1149 828 1289 903 viderem,
1314 824 1428 908 publice
1440 844 1487 888 me

334 932 442 996 victum
458 934 590 997 meliten
604 950 666 995 non
680 951 751 996 sane
766 940 932 996 cunctarer:
947 948 1028 994 nunc
1041 939 1147 1005 autem,
1168 948 1260 1010 quum
1280 948 1312 992 re
1331 928 1486 992 identidem

302 1045 319 1096 A
337 1035 519 1099 considerata
533 1053 597 1100 non
610 1035 809 1099 labefactatum
823 1053 924 1096 meum
938 1034 975 1097 de
988 1033 1130 1115 Aeschylo
1149 1032 1289 1095 iudicium
1309 1032 1360 1095 scd
1380 1031 1486 1094 confir·

333 1145 446 1202 matum
461 1138 508 1214 sit,
523 1139 612 1201 officii
627 1138 687 1202 mai
700 1156 765 1201 esse
779 1136 915 1211 arbitror,
929 1143 962 1198 ut
976 1155 1094 1199 causam
1109 1136 1199 1199 semel
1213 1142 1377 1216 susceptam
1398 1143 1486 1209 tuear,

334 1258 429 1322 naqm
442 1241 516 1304 alios
529 1242 561 1303 in
575 1259 706 1304 errorem
720 1238 819 1302 induci
831 1238 897 1301 talis
912 1238 967 1301 viri
982 1237 1153 1301 auctoritate
1167 1238 1270 1318 patiar.

417 1342 558 1406 Concedit
567 1342 753 1405 Hermannus
769 1360 799 1421 p.
815 1342 835 1402 4
851 1358 952 1403 rerum
967 1358 1043 1415 esse,
1058 1340 1138 1420 quod
1153 1358 1208 1419 ogo
1224 1339 1293 1414 dixi,
1307 1355 1369 1401 non
1384 1338 1485 1401 dehere

332 1444 510 1524 tragoedism
525 1462 656 1526 pugnare
666 1462 733 1506 orum
747 1441 886 1522 religione
899 1442 1034 1523 populari
1049 1459 1106 1504 nec
1120 1460 1193 1522 quae
1208 1449 1309 1505 saneta
1322 1449 1352 1504 et
1365 1457 1484 1504 venem·

329 1545 397 1609 hilis
416 1547 489 1621 sint,
509 1547 627 1627 privare
646 1545 693 1608 ills
712 1544 864 1607 sanctitate
883 1550 970 1624 atque
988 1543 1020 1605 iu
1036 1551 1239 1624 contemptum
1253 1542 1414 1618 adducere3
1438 1561 1484 1605 re-

330 1648 484 1727 prehendit
496 1656 595 1711 tamen
605 1646 684 1728 quod
696 1645 868 1720 addiderim,
878 1661 942 1706 non
952 1643 1044 1724 magis
1055 1644 1141 1706 liosre
1151 1652 1255 1725 poetas
1265 1644 1374 1725 hagino
1387 1645 1483 1707 lovem

191 1764 198 1773 ‘
330 1755 364 1810 ut
382 1749 450 1811 odio
470 1749 591 1829 dignum
609 1757 765 1828 tyrenum
785 1747 906 1827 lingere,
928 1763 1016 1826 quam
1036 1745 1176 1809 statusrio
1192 1745 1222 1809 in
1241 1745 1350 1829 templo
1366 1747 1484 1828 siguum

329 1850 406 1913 lovis
432 1852 528 1914 forma
552 1850 642 1930 satyn'
663 1859 714 1912 aut
732 1848 815 1911 ndtu
834 1847 969 1911 malevoli
995 1848 1147 1911 daemonis
1171 1866 1297 1929 ponere:
1322 1867 1388 1912 uon
1407 1850 1483 1912 onim

329 1952 493 2033 comparari
507 1952 585 2015 inter
599 1969 631 2014 se
645 1950 701 2013 ists
715 1968 813 2031 posse,
828 1950 895 2030 quia
909 1967 965 2014 uec
977 1950 1093 2014 sidicsdi
1113 1950 1274 2032 quidquam
1288 1952 1320 2014 iu
1332 1950 1484 2033 Aeschylsi

327 2053 407 2116 loris
421 2071 556 2136 persona,
571 2062 605 2116 ut
617 2052 649 2115 iu
663 2060 772 2132 satyro,
787 2069 842 2114 nco
855 2052 931 2125 tetri,
944 2051 1018 2115 utin
1032 2052 1174 2116 malevolo
1187 2054 1338 2127 daemone,
1352 2051 1483 2116 insania·

329 2163 384 2219 hir.
429 2156 520 2231 Quasi
537 2174 606 2218 vero
626 2172 680 2235 ego
696 2152 818 2217 dixerim
837 2153 936 2217 lovem
963 2154 995 2216 in
1009 2153 1142 2235 Aeschyli
1162 2154 1258 2217 fabaria
1277 2163 1327 2217 aut
1344 2154 1419 2218 mihi
1433 2162 1483 2217 ant

328 2257 391 2320 aliis
409 2255 564 2320 ridiculum
581 2255 619 2318 sd
641 2255 735 2317 instsr
754 2256 842 2335 satyri
861 2263 910 2317 aut
924 2263 1033 2318 utrum
1057 2255 1094 2318 ad
1118 2256 1212 2319 instsr
1235 2256 1304 2319 mali
1329 2256 1481 2321 menonis

325 2359 423 2422 mum
437 2378 512 2422 esse.
555 2357 620 2420 Hoc
634 2357 707 2432 dixi,
724 2357 823 2419 lovem
844 2356 926 2419 illum
944 2357 1097 2438 permultis
1112 2376 1244 2433 suevum,
1261 2358 1423 2440 ingestum,
1436 2358 1480 2421 iu·

326 2460 440 2524 iustum
455 2460 583 2541 odioque
597 2460 718 2540 dignum
732 2459 828 2521 visum
842 2477 918 2532 esse,
932 2467 1016 2521 -et
1029 2460 1149 2522 luerunt
1160 2460 1243 2533 adeo,
1256 2459 1307 2540 qui
1326 2479 1396 2525 sum
1415 2478 1480 2524 cum

326 2561 434 2624 Satana
459 2569 676 2643 comparamus
701 2592 743 2607 -
767 2559 854 2633 talem
880 2567 978 2623 autem
1002 2561 1100 2624 lovem
1120 2578 1288 2641 proponere
1306 2580 1369 2625 non
1389 2561 1480 2642 msyis

325 2662 452 2738 licuisse,
468 2681 556 2744 quem
565 2671 616 2725 aut
628 2661 782 2726 ridiculum
796 2669 847 2725 aut
860 2670 984 2739 tetrum
997 2680 1067 2727 nam
1078 2662 1186 2742 pariter
1197 2661 1481 2742 uhurmrisreligioni

326 2765 507 2827 contrarium
532 2783 606 2827 esse
649 2763 682 2825 ld
703 2771 802 2827 autem
827 2782 880 2827 cur
904 2764 1090 2829 Hermannus
1112 2783 1168 2828 uec
1192 2773 1270 2827 recte
1294 2773 1324 2827 et
1345 2765 1480 2846 cupidius

324 2866 483 2930 iudicatum
503 2865 625 2941 diceret,
649 2865 727 2929 nmis
746 2865 880 2946 prolecto
900 2884 987 2929 causa
1006 2868 1118 2943 erat2).
1167 2866 1367 2947 Reprehendit
1391 2884 1479 2948 porro

324 2967 510 3031 hermannus
540 2966 619 3047 quod
647 2966 752 3029 eodem
780 2966 847 3029 loco
869 2985 887 3028 a
911 2986 960 3029 me
986 2968 1129 3048 seripwm
1153 2977 1213 3044 est,
1241 2986 1304 3033 non
1327 2988 1421 3050 posse
1443 2967 1479 3030 ah

324 3069 465 3151 Aeschylo
490 3068 636 3143 maximae,
652 3068 825 3130 temeritatis
844 3068 961 3149 culpam
986 3069 1089 3146 averti,
1116 3069 1142 3131 si
1159 3070 1192 3133 in
1210 3089 1329 3135 summo
1355 3072 1479 3135 deorum

324 3172 488 3253 exemplum
504 3170 711 3252 proposuisset
725 3188 844 3233 morum
858 3171 1024 3250 pravitatis,
1054 3172 1143 3252 idque
1157 3173 1198 3236 ait
1211 3173 1390 3236 documento
1405 3190 1478 3245 esso,

322 3273 404 3336 aliter
422 3293 470 3335 me
489 3273 526 3335 de
543 3272 643 3334 animo
663 3271 739 3334 lovis
758 3290 847 3352 mam
861 3272 1033 3355 Aeschylum
1055 3273 1173 3348 sentire,
1194 3275 1243 3355 qui
1257 3292 1321 3338 non
1334 3274 1480 3358 putaverit

322 3392 355 3436 se
374 3374 481 3455 ahquid
501 3374 537 3436 de
554 3372 706 3436 maiestate
720 3373 797 3436 lovis
816 3375 976 3438 detrahere.
1019 3375 1121 3439 Possit
1135 3376 1207 3439 hacc
1225 3377 1307 3440 facile
1326 3378 1433 3461 aliquis
1447 3377 1478 3439 in

322 3483 525 3557 campartem
544 3474 745 3556 interpretari,
766 3475 851 3556 qussi
868 3477 1054 3541 Hermannus
1073 3478 1244 3557 pravitatem
1270 3495 1392 3543 morum
1416 3494 1478 3542 non

322 3577 446 3641 alienam
470 3596 488 3640 a
512 3576 663 3640 maiestate
679 3577 756 3641 lovis
776 3579 918 3660 Aeschylo
944 3579 1037 3642 visam
1062 3596 1129 3641 esse
1154 3588 1285 3655 censeam
1311 3582 1365 3645 sed
1384 3598 1477 3663 qum

321 3679 420 3743 statim
433 3680 529 3756 addet,
543 3697 582 3742 ne
598 3679 685 3743 videri
701 3680 819 3761 quidem
832 3699 942 3762 pravos
955 3681 1033 3743 loris
1048 3698 1147 3744 mores
1162 3682 1320 3764 Aemylum
1335 3683 1476 3757 voluisse,

387 3899 413 3964 2)
431 3898 471 3951 Ne
483 3899 538 3966 qais
549 3899 616 3953 forte
628 3904 765 3956 medatem
776 3905 891 3970 ambigue
902 3906 993 3958 salte·
1005 3907 1134 3974 hornutum
1145 3922 1211 3975 ease,
1223 3916 1253 3961 ut
1262 3911 1345 3962 errari
1356 3909 1433 3963 redte
1445 3910 1476 3961 ds

319 3983 446 4035 sententis
456 3998 512 4035 mse
522 3987 641 4052 potuerit,
653 3989 791 4040 adscribam
810 3989 865 4056 ipse
875 3991 968 4057 verba,
980 3992 1068 4059 quihus
1080 4009 1104 4059 p.
1118 3992 1149 4043 tt
1161 4009 1222 4045 usas
1235 4009 1303 4047 snm:
1318 3995 1408 4061 „Waa
1417 3994 1475 4047 don

310 4069 447 4135 flammeo
458 4066 580 4123 dumeta
590 4073 739 4141 ednodrds'g
750 4072 805 4126 mad
814 4073 890 4141 heah'g
899 4078 943 4142 ne,
954 4075 1002 4127 das
1012 4076 1124 4144 dassia
1134 4078 1194 4143 (dte
1208 4078 1356 4148 Mddis)
1367 4078 1476 4148 assde?

317 4151 408 4205 Bellone
418 4155 488 4207 rdoht
497 4155 720 4224 munerasse,
732 4157 787 4210 wid
797 4157 855 4211 dem
866 4158 970 4213 notter
981 4178 1038 4214 soar
1049 4179 1077 4214 es
1089 4163 1150 4215 edm
1162 4179 1191 4215 so
1203 4167 1288 4232 wens'gr
1300 4165 1408 4229 ertmsdt,
1419 4164 1476 4217 iser

317 4236 366 4290 den
375 4237 443 4292 Zeus
453 4240 493 4292 ola
504 4244 576 4294 aneu
587 4241 830 4311 memoradum
842 4243 979 4313 Tyraunen
990 4244 1169 4311 damulus,
1180 4246 1221 4300 alr
1232 4265 1260 4302 ss
1271 4248 1476 4302 commutans

318 4322 546 4393 megaram
562 4329 617 4379 setis
632 4327 736 4393 ws'trds,
750 4329 787 4380 ins
802 4327 905 4399 reaper
919 4328 965 4382 der
975 4327 1068 4384 Sume
1082 4331 1129 4385 des
1144 4330 1214 4386 Zeus
1228 4338 1285 4388 dns
1297 4333 1476 4404 darmstad

317 4409 380 4463 oder
390 4409 438 4464 das
448 4410 548 4465 Artem
558 4413 628 4464 dues
639 4413 776 4483 hothmen
786 4413 910 4467 nomime
921 4432 955 4469 su
963 4418 1072 4483 seond
