3154 5138
857 500 919 565 358

311 700 444 779 exemplo
462 698 649 778 negationem
668 700 734 756 ante
754 689 885 770 pudeat
909 689 1052 763 inserere,
1081 706 1154 768 quse
1175 688 1201 749 si
1219 687 1310 760 abest,
1325 686 1461 750 0100100110

312 801 408 865 existit
421 820 437 862 0
453 807 549 863 mente
563 795 709 877 loquentis
724 793 788 854 0100
803 791 894 855 dubio
908 810 1032 872 prorsus
1048 789 1150 865 aliena,
1166 808 1224 871 qua
1240 790 1276 852 de
1287 788 1383 851 maid.
1395 789 1462 851 diss

312 906 324 966 1
339 923 367 986 p.
387 905 434 966 14.
478 903 550 965 Item
566 917 628 961 non
642 897 808 961 retinuisset
822 897 844 969 1,
858 896 909 970 27,
923 898 962 957 77
975 897 1108 977 ineptum
1121 893 1339 955 0001000110010
1352 891 1463 954 videa·

311 1019 382 1081 tur,
398 1006 510 1067 sedant
523 1003 679 1074 videtur,
695 1008 756 1073 aut,
773 993 1465 1079 11001ος00000ιο0010111011010000111000-

312 1110 383 1170 dum
398 1126 463 1169 esse
482 1105 675 1168 intellexisset.
713 1102 842 1182 lienique
862 1100 887 1175 1,
908 1098 963 1174 34,
978 1099 1019 1161 96
1035 1098 1188 1161 maluisset
1202 1114 1319 1159 meeum
1333 1096 1467 1178 recipere,

312 1209 390 1290 quod
407 1209 472 1270 eod.
492 1207 583 1271 Palat.
604 1225 662 1268 000.
684 1214 713 1267 01
729 1204 821 1266 Worv.
838 1203 980 1277 oderunt,
1006 1219 1096 1283 quae
1116 1200 1193 1262 0010
1213 1198 1333 1261 divina
1346 1208 1468 1262 natura

313 1321 380 1385 est,
402 1329 490 1392 quam
509 1310 634 1372 retinere
652 1307 732 1389 quod
753 1306 840 1368 aeteri
855 1303 971 1367 codioea
992 1304 1098 1366 habent
1118 1319 1261 1383 quae-
1277 1309 1376 1376 sunt,
1391 1301 1469 1364 00100

313 1413 445 1476 lectionis
464 1412 682 1494 perversitatem
702 1410 732 1472 in
752 1409 800 1471 illo
822 1408 940 1489 quidem
961 1416 1098 1470 contextu
1114 1422 1291 1487 quemquam
1306 1403 1403 1466 1011000
1417 1423 1469 1484 po·

313 1514 405 1576 tuisse
425 1532 478 1594 per
493 1513 565 1575 mibi
581 1512 689 1573 mnam
710 1510 829 1572 videtur.
875 1508 916 1570 Da
931 1509 977 1571 his
993 1509 1080 1588 igitur
1094 1507 1215 1588 aliisque
1229 1504 1386 1582 similibus,
1400 1523 1471 1588 quo·

313 1615 392 1677 niam
408 1614 518 1676 dudum
534 1635 550 1676 a
565 1634 612 1676 me
627 1615 808 1694 disputatum
823 1619 868 1672 est
882 1619 1023 1691 quantum
1040 1608 1163 1692 sapienti
1179 1608 1250 1670 satis
1266 1627 1334 1670 0000
1350 1607 1470 1677 credam,

313 1735 392 1780 nuno
407 1717 514 1779 iterum
529 1716 677 1795 disputare
692 1733 752 1777 non
768 1714 875 1795 plaeet;
890 1713 943 1775 sed
959 1713 1053 1775 dioarn
1069 1711 1104 1773 de
1121 1711 1184 1774 aliis
1199 1710 1380 1792 quibusdam
1395 1710 1473 1781 10010,

314 1820 350 1881 10
365 1818 470 1899 quibus
485 1818 557 1880 mihi
573 1837 640 1881 eum
654 1817 768 1879 Klotzio
783 1832 845 1877 non
861 1813 1010 1887 eosvenit,
1027 1830 1202 1894 quamquam
1214 1812 1377 1875 nonnullos
1389 1813 1419 1874 in
1430 1811 1473 1872 his

315 1940 381 1983 0000
407 1922 513 1995 fateor,
541 1921 576 1982 de
596 1920 701 2000 quibus
720 1920 751 1981 in
771 1918 932 1979 contrarias
953 1926 1051 1996 partes
1072 1916 1175 1978 disseri
1195 1914 1259 1996 pari
1275 1914 1475 1996 probabilitate

314 2041 404 2103 posse
418 2022 557 2084 videatur.

400 2123 504 2185 Statim
518 2123 567 2185 lib.
583 2124 605 2199 1,
624 2126 649 2199 1,
667 2126 681 2184 1
699 2123 769 2185 illud
785 2122 903 2202 quidem
918 2138 979 2184 non
995 2122 1153 2201 ambigitur
1166 2121 1242 2182 inter
1257 2138 1332 2194 nos,
1354 2121 1425 2200 quin
1437 2120 1476 2179 ai·

314 2228 388 2290 tiosa
404 2227 442 2288 sit
450 2226 585 2288 codicum
593 2225 680 2306 longe
687 2226 882 2306 plurimorum
898 2225 984 2286 100110
999 2223 1084 2304 quid
1098 2231 1153 2285 001
1167 2223 1261 2285 anim
1277 2223 1477 2285 temeritate

315 2332 328 2390 1
331 2329 460 2402 artius,
476 2328 512 2389 de
527 2345 583 2407 qua
598 2327 668 2389 satis
684 2346 701 2388 a
715 2346 764 2388 me
779 2326 959 2406 disputatum
975 2334 1021 2388 est
1035 2324 1106 2387 diss.
1121 2325 1188 2407 llp.
1201 2325 1221 2388 6
1233 2345 1313 2407 sqq,
1325 2326 1479 2387 refutatae·

283 2450 298 2500 0
316 2450 372 2513 que
391 2430 489 2492 Wolfii
509 2430 650 2509 argutiae,
670 2428 776 2510 quibus
791 2446 868 2503 eam,
884 2446 946 2491 non
960 2437 1021 2491 tam
1035 2429 1096 2490 veri
1110 2429 1208 2491 studio
1224 2447 1318 2508 quam
1333 2427 1480 2490 refellendi

315 2532 477 2595 Heindorfii
493 2532 659 2613 eupiditate,
675 2531 829 2594 defendere
844 2542 966 2594 0000100
982 2539 1051 2594 erat.
1096 2532 1231 2593 Attamen
1252 2533 1337 2613 quod
1354 2533 1481 2595 iilotzias

316 2657 331 2697 o
348 2634 515 2697 coniectura
534 2635 633 2716 posuit
653 2634 810 2709 foedius,
831 2635 917 2714 longe
936 2635 1007 2698 mihi
1027 2635 1154 2697 deterius
1170 2652 1237 2697 esse
1253 2635 1382 2711 ridetur,
1399 2654 1481 2717 quam

316 2739 345 2800 id
361 2738 440 2819 quod
460 2745 598 2819 quattuor
618 2738 752 2799 oodieum
773 2738 954 2817 duarumque
974 2746 1104 2799 veterum
1125 2738 1292 2801 editionum
1314 2739 1483 2802 auotoritate

316 2842 447 2923 plerique
467 2841 595 2903 editores
614 2849 801 2922 receperunt,
821 2840 905 2921 quid
926 2850 980 2901 est
999 2841 1089 2901 enim
1106 2840 1316 2905 temeritate
1332 2843 1483 2924 turpius.

315 2944 388 3005 Nam
404 2946 553 3025 protecto,
574 2943 621 3005 ubi
637 2943 673 3005 de
689 2942 821 3005 moribus
837 2943 992 3004 hominurn
1014 2951 1063 3004 aut
1078 2941 1243 3005 actionibus
1259 2943 1371 3025 agitur,
1388 2966 1420 3007 ea
1435 2944 1482 3005 de-

316 3064 397 3107 mum
414 3046 517 3106 foeda
538 3044 592 3105 dioi
610 3045 714 3118 solent,
731 3063 804 3126 quae
819 3063 885 3106 eum
902 3044 1009 3123 insigni
1026 3044 1150 3125 quadam
1166 3046 1312 3126 pravitate
1328 3058 1359 3111 et
1374 3049 1484 3129 impro-

314 3148 402 3210 bitate
418 3148 571 3210 coniuncta
586 3157 669 3221 sunt,
689 3156 805 3228 tamque
819 3146 906 3226 longe
926 3146 961 3209 ab
980 3147 1134 3210 honestate
1149 3158 1279 3223 remota,
1301 3159 1337 3214 ut
1352 3170 1387 3214 ea
1402 3168 1484 3211 nemo

314 3250 469 3312 virbonus
484 3250 515 3311 in
529 3269 562 3312 00
577 3250 729 3313 admittere
744 3249 897 3323 sustineat,
913 3249 965 3310 sed
981 3267 1048 3311 oum
1064 3248 1159 3312 taedio
1170 3253 1273 3332 potios
1286 3262 1343 3316 aut
1354 3254 1485 3334 indigna·

314 3352 395 3414 tione
420 3361 575 3415 aversetur.
620 3352 669 3414 Sic
694 3372 718 3414 a.
745 3372 769 3412 0.
797 3350 908 3413 luxuria
926 3371 943 3413 a
963 3352 1117 3425 Cicerone,
1138 3353 1174 3415 de
1193 3355 1274 3418 offic.
1292 3357 1321 3432 1,
1344 3357 1400 3432 34,
1421 3354 1485 3421 123.

315 3473 406 3535 qaum
427 3455 509 3517 omui
528 3456 611 3517 aetati
633 3457 741 3535 turpis,
762 3462 825 3516 turn
845 3456 986 3517 senectuti
1006 3455 1176 3518 foedissima
1196 3476 1266 3519 0000
1283 3459 1485 3532 (1101100100.

316 3557 452 3619 indecora
467 3556 583 3638 quidem
600 3565 628 3617 01
642 3556 871 3636 reprehensione
886 3558 971 3639 digna
983 3558 1070 3621 etiam
1082 3560 1113 3623 in
1124 3559 1307 3634 iunioribus,
1325 3563 1382 3625 sed
1397 3562 1428 3624 in
1443 3579 1485 3622 00·

316 3659 403 3722 nibus
418 3659 504 3740 plane
518 3659 661 3739 flagitiosa
675 3659 814 3740 nulloque
830 3660 920 3723 modo
938 3661 1112 3725 excusanda.
1157 3663 1313 3745 Quidquid
1330 3665 1413 3728 enim
1428 3667 1488 3727 100·

315 3762 399 3835 1000,
419 3762 448 3824 id
465 3762 552 3823 etiam
568 3768 666 3843 turpe,
682 3779 745 3824 non
759 3770 857 3825 autem
872 3764 1011 3846 quidquid
1027 3772 1123 3847 turpe,
1139 3766 1168 3828 id
1184 3766 1275 3829 etiam
1292 3767 1420 3831 foedum
1434 3772 1487 3828 est:

315 3863 505 3945 quamobrem
521 3865 547 3926 si
562 3864 680 3945 quando
695 3864 870 3945 turpitudini
878 3865 1002 3929 foeditas
1010 3867 1154 3943 tribuitur,
1167 3876 1201 3932 ut
1215 3871 1300 3950 apud
1317 3870 1487 3933 Cineronem

315 3967 351 4029 de
367 3968 415 4028 110.
431 3966 482 4039 111,
500 3968 552 4041 11,
568 3966 622 4042 38,
637 3985 699 4029 000
715 3966 837 4048 simplex
853 3970 993 4049 quaedam
1015 3980 1043 4032 et
1058 3971 1226 4034 eommunis
1242 3973 1422 4055 turpitudo,
1436 3986 1489 4052 quaa

315 4069 399 4150 pauci
419 4088 544 4149 prorsus
565 4071 712 4133 immunes
733 4079 816 4144 sunt,
835 4071 886 4133 sed
912 4072 976 4135 talis
1003 4072 1175 4153 improbitas
1201 4074 1399 4156 intelligitur,
1421 4090 1489 4154 quse

314 4171 394 4263 nullo
415 4170 557 4235 dedecore
577 4192 611 4234 ao
630 4173 737 4253 flagitio
758 4173 915 4236 abstineat:
929 4182 963 4237 ut
976 4173 1026 4236 1110
1045 4174 1111 4237 1000
1127 4175 1163 4237 de
1177 4176 1362 4241 bominibus
1378 4176 1489 4241 dieitur.

315 4275 365 4354 qui
377 4274 511 4336 tenebras
527 4284 556 4336 et
571 4274 759 4339 solitudinem
773 4276 850 4338 00011
861 4276 990 4357 pessima
1002 4295 1133 4358 quaeque
1144 4278 1277 4341 laoinora
1290 4276 1489 4361 perpetraturi

316 4377 383 4439 sint
422 4377 578 4457 sicigitur
598 4378 791 4441 temeritatem
810 4388 926 4461 turpem
947 4379 1062 4461 quidem
1084 4398 1305 4460 saepenumero
1323 4382 1438 4446 dictam
1450 4379 1490 4441 ri·

316 4481 401 4554 deas,
423 4479 538 4542 foedam
557 4498 625 4545 rero
642 4500 696 4546 000
711 4482 766 4544 diei
782 4481 819 4544 ab
834 4480 892 4545 0110
909 4482 1039 4559 memini,
1055 4500 1108 4544 neo
1122 4481 1177 4544 dici
1194 4484 1340 4563 potuisse
1355 4483 1488 4547 arbitror.
