3266 5140
183 660 239 723 qua
262 644 325 723 ipse
346 651 438 707 aetam
461 645 546 706 luerit
567 652 596 706 et
618 646 724 724 qubus
738 645 805 707 bebi
819 645 938 725 gerendi
953 644 1091 708 subsidiis
1106 647 1282 719 instructus,
1309 654 1338 707 et

183 745 296 824 qualem
313 746 513 808 adversarium
527 746 660 810 habuerit
673 748 868 828 reputandum
883 756 935 810 est
969 747 1147 811 Adolescens
1162 748 1241 810 enim
1256 766 1337 809 erer-

182 846 272 910 aitum
290 847 373 909 duxit
390 849 507 910 vudum
522 869 539 910 e
552 849 677 929 pueritia
697 884 740 895 —
761 858 791 911 et
805 850 881 930 quali
895 850 1019 932 pueritia
1042 884 1083 895 —
1106 868 1254 930 egressus:
1281 868 1338 930 qus

183 957 274 1011 aetate
294 950 368 1012 alios
390 950 502 1013 tirones
518 950 649 1013 ridemus
670 960 872 1014 veteranorum
889 951 1080 1015 contubernio
1095 953 1132 1014 sd
1146 952 1255 1014 bellum
1269 970 1337 1013 eru·

183 1050 251 1125 diri,
278 1051 379 1114 eadem
397 1053 535 1133 ille,qui
553 1070 705 1134 nunquam
725 1063 791 1116 ante
805 1062 914 1128 casua,
938 1072 1089 1134 nunquam
1105 1054 1195 1116 aciem
1210 1053 1338 1127 vidisset,

183 1154 246 1234 ipse
258 1154 420 1234 imperator
433 1155 544 1217 naviter
557 1164 586 1217 et
600 1154 743 1237 intrepide
757 1156 864 1218 bellum
879 1157 978 1236 gessit,
994 1163 1022 1218 et
1037 1164 1139 1219 conba
1154 1175 1221 1218 eum
1237 1157 1338 1218 adver-

185 1255 293 1317 sarium
314 1255 418 1336 gessit,
444 1275 503 1336 quo
521 1275 609 1320 nemo
624 1266 694 1320 tunc
708 1277 744 1319 ex
760 1258 931 1321 Germaniae
945 1258 1126 1338 principibus
1141 1258 1241 1321 bellica
1255 1258 1339 1320 laude

184 1359 277 1438 magis
297 1358 428 1422 florebat.
471 1359 515 1421 Ab
535 1361 594 1422 boc
607 1360 695 1422 etiam
710 1359 785 1422 vinci
799 1379 861 1423 non
876 1369 961 1441 turpe
976 1360 1043 1423 suit:
1065 1378 1166 1441 parem
1181 1359 1339 1433 discedere,

184 1461 360 1540 gloriosum:
386 1461 569 1540 superiorem
584 1481 652 1524 vero
667 1462 794 1537 eradere,
810 1456 932 1543 magnae
946 1481 1018 1525 sene
1031 1470 1117 1543 atque
1132 1462 1266 1525 insolitae
1280 1462 1339 1524 vir-

184 1563 254 1626 tutis
270 1563 487 1641 documentum.
500 1600 541 1609 -
552 1565 652 1646 Neque
666 1573 763 1628 umen
774 1564 925 1644 Bogislaus
941 1571 1000 1627 mm
1015 1564 1090 1626 felici
1104 1582 1255 1627 umorum
1270 1583 1338 1628 suc·

184 1685 270 1728 sessu
288 1665 381 1728 elatus
402 1675 430 1728 et
445 1666 552 1746 glorim
565 1667 706 1730 illecebris
721 1676 823 1748 captus
838 1667 915 1729 bebo
930 1667 1062 1740 studere,
1088 1666 1208 1747 eiusque
1222 1666 1340 1746 gerendi

133 1804 138 1815 ·
184 1786 288 1830 causas
308 1776 395 1848 atque
414 1769 649 1849 opportunitates
668 1770 774 1850 cupide
794 1769 1020 1849 circumspicere
1040 1768 1149 1849 eoepit:
1172 1769 1252 1849 quod
1267 1769 1341 1831 solet

184 1874 245 1934 iere
259 1872 367 1932 malum
383 1871 537 1934 bellicosas
550 1872 717 1953 principum
731 1872 830 1935 virtuti
843 1873 1012 1935 adiunctum
1027 1890 1106 1934 essa:
1128 1871 1208 1951 pacis
1222 1890 1340 1952 semper
1357 1884 1390 1933 20

185 1973 405 2036 amantissimus
420 1975 483 2046 luit,
498 1983 528 2035 et
541 1974 701 2053 gloriosius
716 1974 798 2036 duxit
811 1993 935 2037 suorum
950 1973 1074 2037 salutem
1089 1981 1175 2053 atquc
1185 1974 1341 2036 ineolumi·

187 2084 276 2139 tatem
290 2083 411 2156 patema
426 2094 495 2139 eura
510 2075 585 2137 tueri
599 2094 721 2156 remque
736 2075 880 2156 publicem
895 2075 1001 2155 ornetis
1016 2083 1101 2154 atque
1116 2075 1168 2137 otii
1182 2075 1269 2138 bonis
1283 2077 1340 2138 llo-

186 2187 298 2241 rentem
325 2179 478 2242 salubriter
502 2177 718 2250 administrare,
744 2196 832 2257 quam
850 2176 933 2239 baliis
953 2177 1067 2239 fortiter
1084 2177 1218 2255 gerendis
1234 2179 1339 2239 lamam

186 2298 333 2363 quaerere.
377 2281 476 2361 ltaque
500 2288 571 2361 post
595 2297 697 2359 pacem
718 2296 785 2341 cum
799 2277 917 2341 biberto
937 2278 1133 2358 compositam
1152 2278 1183 2340 in
1201 2279 1260 2340 boc
1280 2296 1340 2340 uno

187 2402 275 2446 omne
300 2383 429 2446 studium
456 2381 619 2453 collocavit,
647 2389 679 2443 ut
696 2381 770 2443 bene
792 2381 897 2443 secaret
916 2379 1113 2459 reipublicae.
1157 2382 1198 2442 lle
1211 2380 1340 2459 primum

186 2486 316 2567 qeiidem,
340 2504 431 2565 quum
450 2485 550 2548 multis
573 2484 621 2544 illo
636 2491 771 2562 tempore
785 2481 944 2545 bundnds
958 2482 1132 2544 Pomorania
1146 2482 1340 2555 infestaretur,

186 2588 274 2650 etiam
283 2606 300 2649 e
310 2588 457 2651 nobilibus
473 2586 648 2667 quibusdam
662 2584 840 2658 bominibus,
855 2584 914 2664 qui,
930 2592 962 2646 ut
975 2593 1057 2647 eraut
1070 2584 1220 2647 etiamtum
1234 2603 1342 2655 mores,

187 2689 366 2753 nobilitatem
389 2709 474 2752 suam
496 2707 559 2751 non
572 2687 662 2768 pollui
676 2686 891 2750 arbitrabantur
905 2685 1085 2766 plebeiorum
1101 2686 1256 2749 bominum
1271 2705 1340 2749 sau·

187 2792 275 2871 gains
288 2800 319 2853 et
332 2791 445 2872 spoliis,
461 2790 664 2870 impunitatem
679 2797 776 2853 autem
790 2790 886 2852 adhue
900 2789 976 2850 inter
990 2788 1127 2851 continua
1138 2788 1219 2863 bella,
1235 2788 1341 2868 quibus

187 2893 361 2956 Pomerania
380 2893 477 2956 omnm
497 2891 665 2973 perturbata
683 2892 790 2961 iuerat,
816 2889 898 2953 iecile
916 2890 991 2953 nacti
1010 2900 1107 2953 erant:
1130 2889 1198 2952 buic
1212 2890 1340 2969 primum

189 2994 264 3056 mdo
280 2994 432 3074 Bogislaus
447 2991 663 3055 occurrendum
678 3009 744 3052 esse
759 2990 867 3054 statuit.
911 2991 1002 3072 Igitur
1016 2992 1091 3056 baud
1107 3010 1173 3054 raro
1189 3011 1255 3054 cum
1270 2991 1342 3054 lecta

187 3112 311 3157 suorum
325 3113 416 3158 manu
430 3094 494 3174 ipse
508 3092 672 3175 provincius
687 3094 868 3173 peragrabat,
882 3094 1031 3157 latronum
1045 3094 1224 3174 receptacula
1239 3093 1341 3173 exqui-

188 3196 285 3271 rebat,
307 3197 424 3261 castella
443 3196 625 3277 expugnabat
639 3215 673 3257 ac
687 3195 834 3268 ducebat,
859 3205 1030 3279 tantumque
1044 3196 1099 3259 ibis
1115 3196 1194 3259 brevi
1210 3204 1342 3274 tempore

187 3309 330 3361 terrorem
344 3298 482 3370 incussit,
503 3306 536 3361 ut
548 3316 694 3377 nusquam
709 3298 848 3377 posthac,
863 3298 933 3361 dum
948 3300 1013 3380 ipso
1026 3299 1149 3372 vivebat,
1163 3296 1268 3360 inventi
1283 3296 1343 3358 siut

187 3400 238 3479 qui
256 3399 421 3463 occeani
435 3399 588 3470 auderent,
609 3407 639 3460 et
651 3416 705 3477 per
721 3406 812 3460 totam
826 3397 1030 3462 Pomeranism
1046 3398 1132 3461 etiam
1148 3397 1198 3479 qui
1212 3398 1342 3460 inermes

188 3510 217 3564 et
236 3501 335 3564 solist
349 3500 571 3581 pretiosissimis
586 3500 674 3562 rebus
690 3499 788 3561 onusti
804 3509 1017 3573 commearent,
1040 3500 1139 3561 inviis
1155 3517 1272 3579 quoque
1286 3517 1342 3578 pu·

188 3601 271 3665 blicis
284 3619 346 3665 non
361 3602 459 3665 minus
473 3620 560 3682 quam
570 3621 642 3665 suos
657 3601 732 3663 intra
747 3599 870 3681 parietes
885 3601 940 3664 tuti
955 3619 990 3662 ee
999 3600 1094 3663 securi
1104 3609 1262 3662 essent-
1271 3599 1342 3661 bein

190 3722 280 3784 mum
306 3703 393 3767 etiam
418 3704 564 3767 redituum
591 3704 775 3785 publicorum
794 3703 867 3765 ratio
887 3702 1048 3766 admodum
1067 3702 1235 3781 perturbata
1257 3710 1343 3773 esset,

191 3804 344 3887 omanue
358 3825 461 3868 eorum
475 3806 685 3869 administratio
701 3804 777 3867 nulla
792 3813 870 3891 certa
884 3804 946 3882 lege
961 3803 1100 3884 nulloque
1114 3802 1216 3865 ordine
1230 3810 1343 3883 tempe-

189 3915 253 3969 rata
269 3917 299 3970 et
318 3907 476 3988 descripta,
498 3908 612 3987 publica
630 3908 720 3970 multa
740 3927 756 3969 a
774 3907 893 3987 privatis
914 3912 1067 3985 occupata,
1090 3905 1212 3968 aliorum
1233 3907 1344 3967 bustris

190 4006 391 4070 ministrorum
411 4008 456 4070 vel
474 4008 589 4071 avaritia
605 4009 648 4070 rel
663 4008 772 4071 incuria
788 4008 955 4088 intercepti,
970 4007 1178 4087 publicumque
1192 4007 1344 4080 amasium,

189 4108 260 4171 dnm
275 4110 362 4190 pauci
377 4109 535 4190 locupletas
549 4109 670 4184 liabent,
692 4110 865 4173 exhaustum
880 4121 973 4183 esset,
989 4118 1022 4173 ut
1036 4128 1075 4171 ne
1089 4108 1213 4173 assume
1227 4108 1342 4188 quidem

189 4211 363 4273 nmsssariis
377 4212 544 4292 sumptibus
560 4212 717 4284 sufficeret,
732 4230 822 4292 caque
836 4212 936 4291 inopie
951 4228 1069 4274 omnem
1084 4228 1184 4273 rerum
1199 4209 1341 4289 gerenda·
1360 4212 1391 4264 21

189 4331 256 4375 rum
270 4313 435 4376 facultatem
448 4313 602 4394 impediret
616 4331 650 4375 ac
662 4312 833 4376 retardaret:
848 4313 917 4377 buin
930 4331 1047 4394 quoque
1061 4313 1138 4376 malo
1150 4313 1272 4376 celerem
1284 4311 1344 4373 Bo·

189 4415 297 4495 gislsus
316 4424 402 4494 atque
416 4416 561 4479 ellicacem
576 4415 752 4479 medicinam
767 4414 906 4479 adhibuit.
948 4415 1118 4496 Assumptis
1133 4412 1210 4477 anun
1226 4413 1257 4477 in
1271 4429 1343 4474 con-
