3164 5138
587 388 710 503 -.Ε
757 495 783 500 ,

91 585 188 672 xro'er)
204 602 262 658 aut
276 614 371 676 quem
385 596 587 672 comitaretur,
601 595 743 678 impetum
758 594 911 659 facientem
926 592 1099 673 orionus.
1129 589 1260 666 horago

93 687 342 783 ινάριδμήτοις
354 694 429 763 τισὶ
443 699 597 780 probabile
611 700 674 762 loro
688 698 818 761 conlido:
833 696 928 778 paullo
945 693 1125 777 probabilius
1138 692 1261 757 Schnei-

9 826 10 829 ¹
95 798 224 862 nonus
240 795 423 865 παιδδδεν
437 802 601 882 significare
615 811 698 883 putat
714 802 782 863 inde
797 802 970 881 αριιονίδας
991 797 1043 858 sed
1061 794 1130 857 huic
1144 812 1262 875 quoque

9 904 10 907 ’
94 909 171 965 recte
190 902 321 984 obloqui
339 904 527 967 Welclrorum
550 905 646 971 iudico
665 924 693 984 p.
714 903 787 967 253.
830 901 994 964 Pessimum
1013 906 1110 963 autem
1129 897 1261 961 omnium

9 1074 11 1089 .
96 1005 300 1067 coniecmraro
314 1007 517 1071 llehlhornius
531 1008 661 1087 protulit,
675 1007 758 1081 παῖς
780 1000 863 1070 ὅθεν
884 997 1044 1089 ἡμετέρας
1065 994 1184 1087 φρένας
1197 1018 1262 1086 φν-

96 1099 226 1183 Macer,
252 1126 345 1187 quam
359 1110 424 1190 ipso
437 1111 655 1191 intorpretatur:
671 1129 709 1172 ero
722 1129 778 1190 pato
790 1108 893 1190 psello
905 1118 1027 1170 musmo
1037 1122 1133 1169 mcum
1143 1103 1264 1169 αυτλαδνλ

98 1208 156 1270 ie
173 1222 354 1292 occupatum
374 1222 454 1274 toret.
488 1213 562 1275 Nam
581 1231 678 1293 neque
697 1205 779 1275 ὅθεν
793 1230 848 1292 pro
864 1206 900 1286 ἐξ
921 1194 973 1285 οὗ,
992 1210 1052 1271 hoc
1071 1226 1161 1271 seusu
1177 1213 1209 1267 ut
1224 1205 1261 1267 sit

99 1329 135 1373 cc
152 1331 211 1393 paro
236 1323 381 1395 tenpore,
402 1332 531 1395 unqrranr
551 1334 566 1377 a
587 1314 705 1378 Graecis
724 1323 900 1396 usurpatum
919 1332 986 1377 cese
1004 1310 1142 1381 arbitror,
1168 1324 1261 1388 noque

99 1409 287 1498 φυλάσσειν
308 1410 430 1501 φρένας
450 1426 527 1483 reete
541 1419 597 1480 dici
612 1419 647 1481 de
663 1438 709 1492 eo,
724 1419 774 1498 qui
788 1420 819 1479 iu
833 1418 950 1481 uberim
965 1414 1064 1479 animo
1084 1412 1259 1483 dominetur,
1279 1419 1310 1470 lu

9 1504 11 1591 f
98 1513 155 1600 τῆς
169 1515 287 1602 ψυχῆς
300 1510 489 1603 ἡνιοχεδων,
513 1530 544 1582 ut
559 1528 605 1583 ast
619 1520 723 1583 alicubi
736 1522 815 1601 apud
829 1523 1051 1593 Anacreontom,
1066 1516 1117 1578 sed
1132 1515 1168 1575 de
1183 1513 1260 1576 zelu-

9 1660 10 1703 .
97 1628 166 1700 typo
193 1629 328 1694 tanturn,
356 1623 495 1685 amatoris
526 1623 656 1686 animum
683 1622 847 1703 suspiciose
873 1621 1055 1685 observante.
1094 1617 1262 1697 Amplectcr

9 1710 10 1731 ¹
97 1722 186 1801 igitur
199 1722 308 1785 Naelsii
321 1725 568 1799 mundationem,
583 1734 736 1807 totumque
750 1726 857 1798 mcum,
869 1723 965 1787 vorbis
978 1722 1081 1785 leniter
1097 1719 1260 1798 transposi-

101 1824 150 1897 tis,
170 1844 234 1905 quo
256 1846 362 1891 versus
381 1829 484 1891 evadat
508 1829 680 1892 concinnior
704 1837 733 1891 et
751 1827 901 1907 prioribus
919 1835 986 1907 apte
1009 1822 1199 1894 conveniens,
1222 1821 1260 1883 ita

98 1927 295 1991 srrdseudurn
309 1946 431 1992 censeo:

97 2023 248 2112 έρεμνδς,
281 2022 465 2115 δατεμβής,
489 2030 675 2116 κροταιΙιῦς
699 2028 849 2096 πεδόθεν
871 2025 994 2118 φρένας
1015 2024 1175 2114 ἡμετέρας
1201 2044 1260 2089 αα-

813 2131 941 2198 λδασοι.

97 2236 182 2297 errius
197 2253 305 2297 versuo
325 2234 408 2317 prius
428 2239 595 2303 membrum
611 2239 735 2302 iambico
750 2239 889 2320 rhythmo
904 2257 930 2299 s.
945 2237 1094 2300 trochaico
1111 2254 1178 2297 cum
1192 2252 1261 2295 anu-

98 2338 189 2411 ‹rusi‚
215 2338 346 2401 admisto
366 2341 516 2421 spondeo,
540 2342 881 2405 accommodatissimum
902 2348 950 2401 est
968 2341 1003 2402 ad
1026 2338 1202 2420 pingendam
1222 2338 1263 2399 rei

96 2440 284 2520 paritatem:
307 2442 508 2524 similibusque
531 2445 664 2508 numeris
689 2444 834 2508 Pindarus
858 2462 932 2507 usus
955 2452 1001 2505 est
1019 2443 1102 2505 Nem.
1117 2442 1141 2501 V
1157 2449 1207 2504 str.
1232 2445 1262 2503 l:

97 2554 186 2622 mget
199 2553 300 2607 autern
315 2546 483 2624 gravitatem
499 2546 556 2609 hoc
570 2566 688 2628 quoque
701 2549 780 2629 quod
795 2566 860 2609 eam
874 2547 961 2619 moin,
975 2565 1050 2626 quae
1064 2553 1110 2607 est
1124 2544 1153 2607 in
1168 2545 1262 2608 media

99 2644 208 2725 syllaba
220 2665 287 2709 roc
301 2644 474 2731 κραταιῶς,
491 2648 587 2711 statim
599 2649 688 2712 altera
702 2649 776 2711 arsis
792 2648 897 2729 excipit
911 2648 1023 2711 ordinis
1038 2647 1197 2727 logaoedici
1212 2666 1265 2727 per

98 2757 161 2807 tres
185 2749 336 2829 dactylos,
362 2750 439 2812 duos
465 2750 617 2813 trochaeos
647 2752 827 2814 decurrentis
854 2751 1100 2831 aptissimumque
1128 2749 1265 2828 strophae

99 2850 190 2911 hnern
205 2850 403 2932 imponentis.
433 2848 614 2936 Κραταιῶς
627 2871 683 2933 pro
698 2846 858 2935 κραταιός
873 2852 990 2916 codices
1006 2852 1143 2915 offerunt.

184 2953 287 3016 Etiam
310 2954 341 3016 in
363 2954 453 3016 altero
474 2954 551 3034 lhpci
579 2955 756 3034 fragmento,
782 2957 860 3035 quod
886 2963 963 3018 extat
984 2954 1061 3035 apud
1084 2952 1265 3016 Scholiasten

99 3056 234 3119 Platonis
259 3056 398 3119 Parmen.
421 3076 451 3137 p.
478 3056 538 3120 137
553 3058 596 3133 A„
618 3057 792 3121 medicinam
819 3076 835 3118 a
860 3056 1083 3119 Schneidewino
1107 3056 1265 3121 adhibitum

101 3158 230 3238 probare
244 3176 310 3220 non
325 3177 497 3239 possumus.
541 3159 667 3239 Scripsit
680 3159 728 3221 illc
742 3159 773 3221 iu
787 3159 867 3221 hunc
881 3159 1017 3222 modum:

101 3250 202 3346 Ἔρος
226 3247 310 3323 αὖτέ
334 3280 376 3340 μα
397 3255 584 3325 κυανέοισιν
605 3254 673 3323 ὑπὸ
694 3253 877 3346 βλεφάροις
900 3250 1011 3345 τακέρ’
1035 3251 1163 3342 δμμααι
1191 3258 1266 3344 δερ-

807 3358 946 3444 κδμενος

104 3461 275 3551 κηλήμασι
306 3460 538 3539 παντοδαποῖς
569 3458 603 3539 ἐς
635 3455 797 3549 ἀπείρονα
828 3459 946 3528 δίκτυα
972 3460 1149 3549 Κύπριδος
1182 3456 1267 3527 εἷσέ-

807 3562 914 3648 βολον,

103 3689 193 3751 quum
209 3670 292 3750 apud
304 3668 487 3732 Scholiaston
497 3668 609 3748 legatur
623 3661 672 3745 αἶς
686 3661 811 3753 δίπιιρα
827 3662 945 3732 δίκτυα
955 3662 1131 3754 Κύπριδος
1143 3662 1266 3750 βάλλει.

102 3772 243 3854 Displioat
253 3780 353 3834 autom
364 3771 451 3833 nobis
463 3771 532 3834 illud
545 3763 712 3853 εἰσέβαλον
721 3790 782 3834 non
795 3772 890 3835 solum
902 3780 1066 3853 propterea,
1081 3772 1147 3853 quia
1159 3771 1267 3835 nullam

102 3894 223 3937 mamm
239 3872 421 3954 prohabilem
437 3880 575 3953 exputare
588 3892 760 3954 possumus,
774 3892 831 3954 qua
845 3874 971 3955 permoti
985 3873 1092 3936 librarii
1106 3868 1223 3954 βάλλει
1237 3874 1268 3936 iu

104 3978 168 4038 cius
182 3977 283 4037 locum
299 3972 517 4049 substituerint,
537 3975 589 4037 sed
608 3976 700 4056 magis
715 3975 802 4039 oliam
818 3985 939 4056 propter
958 3985 1076 4056 tempus
1091 3976 1168 4038 verbi
1183 3995 1267 4058 prae-

105 4080 226 4141 totilum
248 4076 393 4139 hocloco
415 4076 539 4139 minime
558 4086 668 4158 aptum.
713 4077 938 4158 subiunguntur
959 4078 1037 4141 enim
1061 4077 1158 4141 statim
1181 4079 1268 4140 haec:

106 4169 128 4264 ἦ
151 4176 215 4259 μὰν
235 4172 364 4263 τρομέω
386 4199 436 4241 νιν
458 4173 690 4263 έπερχδμινονε
714 4180 764 4263 qui
788 4188 883 4243 autem
909 4179 1109 4242 adventantum
1130 4180 1267 4241 Amorem

107 4304 124 4345 a
140 4302 174 4344 se
187 4281 282 4344 timeri
296 4282 460 4361 profitetur,
475 4282 501 4344 is
517 4282 637 4357 indicat,
653 4285 773 4363 opinor,
795 4302 827 4344 se
842 4283 975 4345 noudum
990 4282 1053 4343 eius
1066 4281 1175 4360 laqueis
1194 4281 1268 4341 irre-

107 4387 197 4448 titum
211 4384 318 4459 timeri²
338 4385 391 4446 ssd
410 4393 542 4449 metuere
562 4402 600 4447 ne
615 4384 753 4467 capiatur.
797 4385 897 4471 ltaque
914 4382 1100 4452 retinendum
1115 4381 1170 4443 erit
1183 4397 1269 4464 prae-
