3290 5142
690 471 840 569 *sr-

183 660 303 735 hebent,
317 657 450 741 nihilque
467 659 543 723 eliud
565 658 720 741 Euripides
740 659 904 741 significare
923 658 1028 734 voluit,
1050 677 1139 741 quam
1159 677 1177 721 e
1198 659 1349 724 Thessalia

185 761 320 825 Xuthum
334 760 366 823 in
380 762 507 824 Atticam
522 762 673 843 migrasse.
700 762 938 826 deversantem
954 763 1080 843 priscam
1095 763 1259 826 Atticorum
1275 782 1348 844 gen·

186 873 248 928 tem
266 864 304 927 ab
323 864 374 940 iis,
403 863 454 944 qui
475 865 562 945 primi
587 883 621 926 ac
638 865 757 946 proprie
777 864 913 927 Hellenos
933 864 1105 927 dicebantur
1122 864 1348 948 Thessaliaeque

184 973 300 1051 partem
314 967 493 1041 habitabant,
510 967 580 1030 satis
594 973 710 1029 constat
722 966 867 1028 diversam
877 966 978 1028 brisso.
1009 965 1125 1028 Nomen
1140 968 1246 1048 gentis,
1260 969 1286 1030 ai
1298 976 1350 1033 aut

185 1071 407 1153 aPelasgorum
422 1073 546 1136 obscura
559 1077 590 1133 et
603 1088 731 1152 prorsus
750 1068 862 1131 incerta
883 1067 1091 1150 appellatione,
1113 1074 1165 1131 aut
1183 1088 1200 1132 a
1221 1071 1348 1156 Cranair,

185 1174 301 1239 Actaeis
315 1175 438 1257 aliisque
451 1173 593 1236 fabulosis
608 1171 787 1245 dhcesseris,
802 1170 917 1233 nullum
937 1169 1086 1251 antiquius
1107 1189 1198 1252 quam
1217 1173 1349 1236 Ionum

186 1277 360 1351 invenimus,
376 1292 535 1340 commuue
556 1274 658 1338 Atticis
677 1291 746 1336 cnm
768 1272 832 1335 aliis
851 1272 959 1354 partim
979 1273 1011 1334 in
1031 1274 1199 1337 continente
1219 1276 1348 1352 Graecia,

187 1380 296 1460 partim
310 1379 342 1441 in
356 1380 446 1442 maris
460 1377 565 1459 Aegaei
579 1377 685 1439 insulis
706 1376 891 1454 maximeque
911 1376 943 1437 in
962 1376 1030 1439 Asia
1053 1376 1259 1442 habitantibus.
1290 1380 1349 1442 Sed

186 1481 276 1563 prisci
288 1481 331 1544 illi
344 1481 442 1556 Attici,
458 1499 549 1561 quum
564 1480 596 1542 in
610 1485 720 1541 terram
734 1495 838 1540 eorum
852 1478 943 1540 etiam
961 1478 1123 1540 Hellenicae
1134 1480 1234 1561 stirpis
1248 1480 1349 1562 populi

187 1584 406 1666 immigrassent
420 1590 448 1645 et
464 1601 533 1645 cnm
547 1582 584 1643 iis
599 1580 785 1655 coaluissent,
801 1599 871 1643 mox
891 1589 921 1643 et
939 1580 996 1662 ipsi
1015 1580 1184 1644 Hellenibus
1203 1581 1350 1647 adnume-

187 1687 247 1751 rari
263 1688 360 1769 coepti
374 1692 454 1749 sunt.
480 1684 541 1747 llos
556 1691 655 1746 autem
670 1683 811 1757 advenas,
827 1701 955 1763 quorum
975 1683 1088 1745 ducem·
1098 1683 1145 1746 alii
1158 1683 1350 1766 Amphictyo·

187 1805 268 1860 nem,
280 1788 411 1870 plerique
426 1795 526 1851 autem
538 1786 671 1849 Xuthum
686 1786 832 1860 direnrnt,
846 1785 988 1849 falluntur
1001 1803 1180 1867 magnopere
1198 1786 1249 1868 qui
1263 1788 1349 1851 lones

188 1891 279 1953 tuisse
293 1889 329 1953 ab
343 1890 438 1971 iisque
453 1889 511 1952 hoc
524 1906 636 1952 nomen
654 1888 757 1950 Atticis
777 1888 949 1970 impositum
968 1906 1032 1951 esse
1052 1889 1211 1969 opinantur
1228 1898 1350 1971 propte·

106 2054 114 2069 ,
187 2011 248 2067 ree,
269 1993 348 2074 quod
368 1993 470 2056 ionem
488 2011 505 2053 a
521 1990 697 2072 mythologie
717 1989 808 2052 Xuthi
826 1990 918 2052 lilium
937 1990 994 2052 dici
1014 1990 1119 2053 rident.
1152 1991 1227 2054 Naor
1242 1994 1350 2057 Ionum

187 2113 259 2177 gene
272 2112 443 2177 nomenque
457 2093 585 2158 dubitari
601 2109 665 2155 non
683 2099 797 2174 potest,
817 2091 890 2172 quin
908 2091 993 2172 longe
1012 2092 1061 2155 illa
1081 2094 1254 2174 migratione
1272 2097 1350 2159 anti·

188 2198 274 2280 quius
288 2199 404 2278 lateque
417 2198 487 2260 olim
502 2214 639 2278 sparsum
652 2195 757 2271 tuerit3
771 2194 851 2257 lonis
865 2202 965 2258 autem
979 2194 1064 2257 istius
1075 2193 1167 2258 Xuthi
1188 2197 1239 2259 iiiii
1251 2197 1351 2261 tabula

187 2300 359 2363 recentioris
374 2300 494 2382 originis
507 2306 562 2374 est,
576 2317 672 2380 neque
684 2298 808 2360 condeta
822 2303 889 2359 ente
903 2297 975 2360 hlud
989 2302 1117 2379 tempus,
1133 2316 1227 2379 quum
1237 2300 1350 2382 priseo-

187 2421 256 2466 rum
270 2403 302 2464 in
313 2403 433 2467 Graecia
447 2403 554 2465 ionum
570 2402 725 2464 obscurata
735 2400 888 2475 memoria,
903 2418 1073 2481 nomenque
1087 2400 1146 2463 hoc
1154 2401 1270 2464 Asianis
1281 2411 1350 2466 tan·

186 2513 253 2569 tum
267 2511 298 2568 et
311 2504 454 2568 insulanis
469 2505 644 2585 quibusdam
657 2503 812 2585 proprium
826 2510 913 2577 esset,
928 2504 980 2584 qui
990 2503 1070 2584 quod
1085 2504 1197 2567 colonis
1209 2524 1245 2567 er
1258 2505 1353 2570 natica

187 2608 265 2672 aucti
279 2615 372 2682 erant,
389 2608 641 2688 credebanturque
656 2624 760 2668 omnes
776 2605 845 2668 hinc
858 2606 976 2670 oriundi
990 2626 1066 2682 asse,
1081 2608 1171 2671 etiam
1185 2625 1350 2690 eponymns

187 2711 223 2774 iis
238 2730 275 2773 er
290 2710 384 2774 Attica
399 2711 484 2774 datus
499 2717 545 2772 est
558 2710 622 2783 lon,
638 2708 778 2790 κτίστωρ
791 2701 952 2783 Ἀσιάδος
971 2703 1096 2787 χθονός
1117 2714 1154 2788 (a.
1174 2711 1243 2789 74),
1264 2711 1348 2793 isque

189 2812 280 2876 Xuthi
293 2813 370 2876 tilius
384 2814 479 2876 dictus
493 2818 660 2894 propterea,
675 2810 756 2892 quod
770 2818 838 2892 poet
849 2811 941 2873 Xuthi
950 2812 1011 2876 sire
1022 2810 1176 2875 lichenum
1188 2813 1346 2877 adventum

186 2922 362 2998 aureumque
380 2916 450 2977 hinc
468 2915 622 2978 hominum
642 2914 862 2977 multitudinem
882 2916 1002 2978 colonos
1020 2916 1085 2978 iilos
1110 2935 1146 2978 er
1165 2916 1261 2980 Attica
1287 2916 1347 2979 mi·

185 3039 284 3105 grasse
298 3018 451 3082 constabat
460 3019 473 3058 ²
482 3017 521 3097 ¹).

271 3123 376 3186 Narrat
389 3136 478 3203 porro
493 3118 664 3190 stercorius,
679 3136 774 3200 quum
788 3118 838 3182 diu
851 3118 949 3182 sterile
971 3128 1049 3184 essct
1063 3121 1156 3185 Xuthi
1175 3130 1207 3185 et
1221 3123 1347 3186 &cusae

184 3224 419 3299 matrimonium,
434 3225 488 3287 hos
502 3222 667 3285 remedium
683 3221 752 3286 huic
765 3222 844 3285 malo
856 3231 1030 3304 quaerentes
1041 3225 1182 3306 Apollinis
1194 3226 1346 3291 oraculum

185 3329 306 3392 adiisse:
732 3332 735 3335 ’

650 3411 696 3488 ὧν
717 3418 833 3488 obes

348 3526 466 3615 ἥκουσι
487 3523 572 3609 πρὸς
592 3520 715 3609 μαντεῖ’
736 3519 946 3603 Ἀπόλλωνος
966 3521 1055 3605 adde,

184 3632 309 3718 legimus
323 3656 350 3699 r.
366 3634 417 3707 65,
432 3650 529 3712 neque
544 3631 668 3695 dubium
682 3638 737 3705 est,
753 3631 825 3711 quin
838 3631 910 3694 iliud
926 3624 1042 3694 οὕνεκα
1056 3633 1143 3696 etiarn
1154 3633 1187 3697 in
1197 3633 1346 3697 codicibus

254 3783 296 3849 21)
308 3783 461 3836 Accuretius
473 3785 536 3835 haec
554 3784 635 3835 omnia
648 3784 891 3836 demonstratarum
907 3784 933 3835 io
954 3784 1046 3850 Opone.
1065 3799 1102 3835 ac
1119 3784 1130 3835 l
1145 3799 1168 3849 p.
1183 3785 1228 3836 151
1248 3801 1303 3852 sqq.
1319 3794 1346 3838 et

185 3868 252 3933 ³28,
265 3884 328 3934 qnae
340 3869 432 3935 siquis
444 3867 558 3921 relutare
570 3869 663 3934 cupiat,
675 3869 828 3922 firmioribus
840 3877 911 3922 certe
923 3869 1078 3935 argumentis
1091 3869 1129 3921 nti
1143 3869 1253 3934 debebit,
1273 3886 1347 3936 quam

185 3968 276 4006 eeesor
286 3957 371 4007 nescio
384 3956 448 4024 quis,
463 3955 504 4022 qni
516 3955 615 4020 priseos
627 3954 727 4007 Atticos
740 3952 812 4006 lones
823 3954 910 4006 haberi
920 3970 993 4021 poree
1002 3955 1108 4021 primum
1118 3962 1253 4022 propterea
1263 3964 1347 4022 neget,

185 4039 244 4104 quie
255 4041 438 4093 autochthones
451 4056 508 4093 esre
520 4041 695 4093 crederentur:
710 4040 749 4093 sic
761 4041 826 4092 enim
837 4038 903 4107 lore,
915 4048 945 4092 ut
960 4040 1074 4093 Arcades
1086 4057 1193 4108 quoqne,
1206 4043 1248 4107 qni
1258 4050 1284 4095 et
1295 4042 1347 4107 iprl

184 4125 367 4176 autochthones
378 4126 540 4191 potabantur,
552 4125 624 4178 lones
637 4126 787 4187 evaderent3
799 4126 889 4177 deinde
906 4133 991 4178 eutem
1004 4127 1063 4193 qnia
1074 4126 1155 4179 eruci
1166 4124 1204 4177 iili
1220 4128 1252 4178 ab
1264 4125 1347 4179 ilorc-

186 4208 246 4259 doto
255 4208 281 4260 in
292 4209 407 4276 Pelasgis
418 4218 592 4277 numerentur,
604 4211 736 4278 dequibus
748 4210 856 4276 scilieet,
868 4213 969 4278 quinem
982 4219 1008 4265 et
1024 4210 1111 4279 quales
1129 4213 1232 4276 proprie
1243 4210 1346 4280 luerint,

185 4306 276 4345 eenecr
287 4294 332 4346 iile
343 4296 438 4364 aliquid
450 4298 515 4350 certi
527 4298 577 4349 sibi
588 4303 744 4362 compertam
756 4310 812 4348 esee
825 4297 953 4362 opinatur.
977 4297 1095 4350 Eiusdem
1106 4298 1207 4371 generis
1220 4305 1269 4363 eet,
1280 4298 1346 4363 quod

184 4378 252 4433 lonis
261 4377 371 4435 fabulam
383 4383 433 4436 eibi
445 4399 494 4436 non
506 4382 659 4436 recentioris
670 4382 716 4433 sed
728 4388 892 4448 pervetmtae
905 4382 1011 4448 originis
1029 4383 1138 4448 speciem
1155 4398 1216 4449 pree
1233 4398 1261 4435 re
1278 4380 1347 4436 lerre

184 4464 395 4522 riderialttrnrat.
773 4464 776 4468 ’
