3164 5138
689 420 711 480 ⁷

118 614 236 679 notor
256 604 381 692 χόλον·
404 603 525 673 Moeso
540 598 573 669 δ’
589 595 630 669 ἂν
642 599 680 685 ἐξ
699 598 903 684 ὑποθέσεως.
940 600 1063 693 μήποτ’
1078 595 1134 672 οὖν
1156 601 1283 673 α’κούων

119 715 195 794 τοὺς
233 718 346 799 Τρῶας
377 706 600 793 καταρᾶσθαι
633 700 733 771 αὐτοῦ
764 703 926 789 ἔχολοῦτο.
980 712 1019 773 Et
1050 730 1120 773 sane
1155 712 1280 774 invisum

119 822 317 884 Alexandrum
327 816 467 878 Troianis
483 813 575 875 luisse
588 811 711 891 legimns
726 811 774 885 111,
785 813 858 887 451,
872 813 1041 894 multosque
1055 822 1122 876 ante
1136 815 1199 877 eius
1213 833 1281 877 cum

120 924 252 987 umens
272 928 418 984 certamen
437 918 539 979 lovem
558 914 724 989 invocasse,
741 923 807 977 uter
824 934 926 977 eorum
945 915 1012 978 belli
1025 925 1128 979 auctor
1147 926 1238 993 esset,
1256 917 1281 978 is

119 1038 150 1090 ut
169 1027 346 1088 rincerebrr.
394 1020 453 1083 Sed
473 1037 530 1081 nec
548 1017 692 1080 audivisse
717 1018 790 1079 bsec
808 1017 1003 1081 Alexandrum
1022 1027 1108 1100 poeta
1127 1028 1281 1093 memorat,

119 1142 159 1197 et,
179 1129 206 1191 si
227 1130 305 1189 torte
322 1122 431 1186 audivit
455 1139 597 1202 aegreque
616 1120 693 1193 tulit,
718 1119 873 1182 Hectorem
893 1129 991 1183 tumen
1010 1121 1183 1183 mirabimur
1205 1123 1282 1185 benc

119 1233 191 1294 usn
218 1227 321 1291 tratris
345 1234 380 1288 ut
404 1224 551 1304 cognitam
576 1222 632 1284 sibi
651 1230 895 1303 perspectamque
913 1223 977 1285 eius
996 1223 1142 1285 absentiae
1163 1241 1280 1287 causam

120 1334 219 1396 statim
238 1336 463 1393 memorantem.
512 1327 557 1388 lin
582 1324 713 1387 dicemus
738 1325 819 1387 hunc
844 1325 977 1387 simulare
994 1325 1087 1413 loqui,
1112 1334 1280 1405 pareantum

9 1418 10 1427 ἵ
119 1435 230 1498 scilicet
260 1450 363 1495 eoram
388 1429 495 1492 Helena
524 1427 624 1491 fratris
653 1426 775 1508 pudori,
805 1427 929 1508 ideoque
954 1427 1028 1489 iram
1054 1427 1164 1501 dicere,
1189 1447 1280 1509 quum

117 1538 263 1617 ignavium
281 1534 382 1616 potins
407 1531 561 1611 coqitsret,
587 1529 667 1592 illurn
693 1540 790 1592 autem
816 1530 892 1592 beno
917 1529 1133 1593 simulationem
1158 1530 1283 1595 libenter

9 1666 11 1675 =
119 1635 273 1720 arripere?
316 1636 350 1698 ld
369 1651 487 1714 quoque
504 1631 655 1694 nonnullis
674 1632 791 1711 placuit
840 1632 897 1694 Sed
917 1633 1013 1694 verior
1032 1633 1106 1695 rstio
1125 1634 1198 1696 heec
1215 1652 1281 1696 esse

118 1743 246 1813 ridetur,
264 1746 301 1802 nt
317 1737 462 1808 munus,
483 1735 520 1797 de
534 1734 577 1797 ira
591 1743 621 1796 et
633 1733 833 1814 indignatione
846 1734 1000 1797 Alexandri
1019 1735 1155 1798 disertius
1170 1735 1279 1799 dictum

119 1847 211 1907 lmese
224 1844 257 1904 in
272 1851 369 1903 vetere
381 1836 526 1910 dormine,
547 1836 630 1899 errius
644 1836 717 1899 bsec
729 1852 788 1899 una
803 1855 872 1916 pars
887 1838 924 1899 de
937 1846 1072 1901 revocato
1092 1839 1122 1899 in
1137 1838 1279 1917 proelium

120 1946 284 2010 mnndm
298 1943 330 2004 in
344 1942 422 2004 bano
434 1947 567 2002 nostrum
581 1938 699 2002 llisdem
714 1947 832 2021 recepta
846 1940 893 2002 sit

202 2044 365 2128 Proposita
383 2043 456 2105 bsec
475 2061 492 2104 a
510 2061 558 2103 me
576 2050 648 2104 sunt
665 2060 727 2104 non
746 2060 783 2103 eo
803 2026 941 2115 consilio,
960 2051 994 2105 ut
1013 2060 1117 2104 omnes
1137 2042 1166 2103 id
1186 2060 1280 2122 genus

119 2153 216 2225 boos,
241 2147 350 2230 quibus
363 2143 541 2226 explicandis
560 2143 638 2206 diurn
656 2143 823 2207 reticentiae
844 2144 967 2222 flqursm
988 2151 1100 2206 veteres
1122 2144 1212 2207 critici
1230 2153 1281 2207 aut

118 2263 196 2316 recte
206 2261 259 2315 aut
272 2267 359 2313 secus
373 2247 577 2321 adhibueram,
590 2245 755 2326 singulatim
767 2262 967 2326 persequerer,
980 2246 1031 2307 sed
1047 2253 1080 2307 ut
1093 2247 1280 2326 proluderem

119 2353 343 2436 quodammodo
376 2350 548 2413 accuratiori
577 2348 739 2430 quamtioni
768 2348 805 2410 de
833 2347 940 2410 tinibus
973 2348 1036 2411 eius
1065 2349 1174 2429 figurae
1202 2349 1280 2429 apud

118 2459 284 2521 Homerum
298 2454 447 2535 regundis.
475 2450 549 2514 Nam
564 2451 589 2513 si
603 2450 782 2513 reticentiam
794 2450 973 2530 appellemus
988 2451 1153 2532 ubicumque
1163 2450 1280 2532 aliquid,

118 2560 198 2642 qnod
220 2558 279 2622 dici
297 2556 434 2620 debuisse
452 2554 595 2627 udestur,
615 2570 676 2615 non
692 2560 791 2615 umen
805 2552 915 2615 dictum
931 2553 979 2625 sit,
993 2553 1150 2615 verendum
1165 2561 1223 2628 est,
1241 2571 1279 2616 ne

119 2662 218 2743 paullo
238 2660 324 2742 plura
343 2659 432 2721 huius
445 2657 559 2738 generis
577 2657 609 2718 in
623 2656 709 2719 ltisde
722 2655 892 2736 praesertim
908 2654 1178 2734 deprehendantur,
1192 2672 1280 2736 quam

120 2784 192 2846 qnae
207 2764 306 2825 adhuc
320 2780 337 2823 a
351 2759 456 2823 enticis
474 2758 534 2820 boo
550 2758 672 2821 nomine
689 2766 789 2820 notate
809 2766 886 2819 sunt
930 2757 987 2819 Sed
1002 2756 1134 2819 intricata
1150 2757 1280 2837 quaestio

121 2868 176 2929 erit
197 2875 369 2946 propterea,
394 2862 474 2942 quod
493 2860 562 2940 quid
588 2859 720 2921 debuerit
743 2858 850 2940 ubique
868 2859 940 2933 dici,
966 2859 1035 2940 quid
1057 2874 1119 2922 non
1138 2857 1279 2931 debuerit,

122 2968 238 3031 denuoi
254 2968 427 3047 plerumque
441 2982 503 3026 non
518 2962 641 3042 poterit,
659 2961 718 3023 nisi
737 2962 774 3023 de
788 2961 912 3024 consilio
927 2970 1033 3041 poetae
1051 2961 1208 3041 operisque
1227 2960 1280 3023 de-

121 3069 282 3152 scriptione
293 3069 329 3130 ad
340 3069 398 3130 hoc
408 3065 564 3130 consilium
576 3064 796 3127 accommodata
807 3064 983 3127 constiterit:
998 3064 1035 3126 de
1050 3064 1171 3126 consitio
1183 3071 1279 3125 sutem
1304 3049 1309 3058 ’

120 3184 149 3235 et
173 3171 374 3250 descriptione
397 3168 494 3231 Iliadis
519 3168 743 3247 haudquaquam
768 3166 864 3229 adbuc
888 3166 964 3229 inter
988 3167 1066 3230 viros
1091 3165 1281 3228 doctissimos

121 3284 268 3347 constare,
295 3272 361 3353 quis
386 3266 503 3333 nescit?
550 3269 703 3333 coaluisse
725 3286 789 3330 eam
808 3286 844 3330 er
863 3268 1065 3349 compluribus
1092 3266 1279 3339 carminibus,

121 3380 179 3441 boc
189 3377 310 3458 quiden
327 3391 431 3436 omnes
446 3390 526 3436 nuno
537 3371 737 3444 consentiunt3
752 3370 803 3432 sed
816 3388 873 3451 qus
886 3370 1000 3433 ratione
1011 3370 1158 3442 coaluerit,
1174 3369 1281 3450 quidve

121 3481 185 3543 dur
205 3476 393 3557 compositor
416 3474 447 3537 in
473 3474 572 3556 operis
598 3473 797 3553 designatione
822 3480 964 3553 sequutus
984 3472 1035 3546 sit,
1061 3486 1218 3552 permagna
1236 3477 1283 3533 est

122 3580 281 3645 dissensio.
326 3576 380 3641 biii
393 3577 472 3640 enim
489 3594 577 3639 omne
590 3575 667 3638 illius
682 3574 836 3637 consilium
857 3574 887 3636 in
903 3594 938 3636 eo
955 3574 1122 3637 substitisse
1136 3574 1280 3636 arbitran-

122 3694 184 3759 tur,
204 3694 238 3746 ut
251 3699 312 3744 nna
326 3680 401 3742 actio
414 3679 555 3760 primu-ia
569 3677 605 3741 ab
621 3677 704 3739 initio
719 3677 754 3739 sd
769 3676 877 3738 exitum
897 3677 1020 3739 nstnreti
1034 3678 1162 3757 quodam
1179 3676 1282 3737 ordine

122 3783 312 3869 probabiliter
326 3781 530 3852 dmucermur,
549 3779 713 3842 subiunctis
733 3780 795 3843 aliis
814 3780 896 3860 masi
912 3778 1092 3842 secundariis
1106 3778 1280 3852 actionibus,
1297 3801 1314 3855 ς

122 3907 199 3968 qnae
218 3904 287 3948 cum
307 3884 354 3946 illa
371 3884 448 3945 nomi
467 3883 625 3945 commode
637 3900 728 3962 posse
742 3882 922 3953 riderentur,
938 3890 1029 3961 utque
1041 3882 1233 3943 ascisceretur
1246 3898 1281 3942 ex

121 3991 278 4053 diaconum
297 3985 460 4048 oerminum
474 3984 660 4048 multitudine
678 3985 703 4045 si
722 3985 792 4064 quid
812 3985 881 4046 huie
895 3983 1018 4046 consilio
1039 3993 1088 4045 aut
1107 4002 1160 4044 sua
1175 3987 1282 4061 sponte

123 4090 380 4155 accommodatum
406 4095 500 4160 esset,
525 4095 575 4150 sut
598 4085 815 4149 accommodari
841 4085 921 4147 tacite
947 4094 1057 4164 posset
1106 4084 1160 4145 Atii
1181 4090 1284 4144 eontra

122 4213 192 4257 eum
211 4209 275 4254 non
294 4191 353 4252 boc
366 4191 463 4253 solnm
479 4198 629 4270 spectasse
642 4186 759 4259 volunt,
778 4194 811 4249 ut
829 4186 1009 4269 probabilem
1030 4185 1179 4248 exhiberet
1191 4181 1283 4244 actio-

124 4316 195 4359 num
215 4296 322 4358 seriem
337 4303 367 4356 et
381 4293 608 4364 connexionem,
626 4289 679 4352 sed
690 4297 723 4351 ut
742 4288 826 4370 quasi
840 4287 990 4368 speculum
1007 4286 1153 4367 quoddam
1169 4298 1283 4363 propo·

123 4404 204 4462 neret
222 4398 298 4460 ritae
317 4396 478 4469 humanae,
504 4394 540 4458 ad
560 4391 746 4456 delectandos
770 4406 833 4451 non
852 4389 946 4467 megia
969 4388 1136 4450 auditorum
1155 4382 1283 4454 animos,
