3266 5140
779 502 784 507 .
828 413 969 509 tlt.

299 597 363 660 sola
380 598 484 679 agendi
502 598 615 661 ratione
634 597 809 672 consistant,
826 605 860 661 ut
877 599 948 661 haec
966 598 1031 680 ipsa
1051 618 1105 680 per
1123 619 1156 663 se
1170 602 1286 682 explere
1299 620 1450 667 summum

232 690 236 697 ’
298 699 409 761 bonum
424 699 577 774 iudicetur,
593 701 712 763 edoctus
726 707 823 761 nutem
838 700 960 762 actionis
976 701 1053 763 haud
1068 701 1189 781 perinde
1204 703 1348 767 habeatem.
1371 704 1451 767 Scri·

298 802 426 865 bendum
450 810 496 865 est
519 802 620 882 igitur,
645 806 705 865 aiei
722 806 808 864 mom
827 804 937 862 evirare
951 813 1061 883 posset:
1088 811 1121 864 ut
1134 805 1207 867 haec
1221 806 1321 879 verba,
1336 807 1450 871 etiamsi

299 912 434 984 poterant
454 904 517 967 sinc
538 905 644 969 damno
664 903 823 965 sententiae
837 902 951 975 abesse,
967 912 1139 966 nontamen
1154 906 1341 971 incommode
1355 908 1451 971 addita

299 1007 371 1080 sint,
386 1006 421 1068 ad
437 1008 495 1069 hoc
508 1006 622 1085 ipsum,
638 1006 716 1087 quod
732 1005 808 1067 inest
829 1004 860 1065 in
874 1004 1011 1067 vitatione
1025 1006 1136 1068 doloris
1151 1007 1215 1086 ipsa
1231 1027 1284 1087 per
1299 1029 1341 1081 se,
1356 1010 1450 1073 diser-

299 1111 355 1171 tius
370 1109 456 1173 etiam
472 1108 685 1171 declarandum.
728 1109 765 1170 ut
780 1108 904 1170 correxit
922 1107 962 1169 ita
977 1106 1034 1169 um
1057 1107 1167 1171 dudum
1183 1110 1323 1173 Ursinus:
1342 1114 1452 1193 recepit

299 1221 395 1274 antem
411 1211 621 1273 correctionem
637 1211 722 1272 etiam
738 1210 855 1272 Bromio
870 1209 1021 1289 probatam
1037 1227 1132 1291 nuper
1150 1211 1266 1274 deruum
1282 1213 1450 1293 Madvigius.
1474 1206 1478 1218 '

383 1313 450 1393 Cap.
474 1313 504 1385 9,
528 1318 546 1390 ᾖ
568 1313 618 1374 24.
649 1312 764 1374 Primae
783 1311 897 1391 periodi
916 1311 1046 1373 membra
1068 1331 1085 1373 a
1109 1313 1256 1375 nonnullis
1279 1316 1450 1391 editoribus,

298 1434 373 1496 quos
387 1415 565 1496 liroysenius
580 1415 724 1494 sequitur,
742 1432 897 1494 perperam
919 1412 1138 1491 distinguuntur
1157 1416 1216 1477 lucc
1233 1417 1338 1478 modo:
1359 1418 1451 1480 Omne

299 1516 411 1578 animal
425 1536 454 1578 sc
467 1521 566 1598 s'prorm
578 1516 683 1597 dilipit,
700 1536 734 1576 oc
748 1514 837 1577 amul
849 1525 882 1576 ut
896 1526 994 1577 ortum
1008 1525 1062 1586 est,
1078 1517 1109 1577 id
1123 1519 1191 1597 opit,
1206 1528 1238 1579 ut
1252 1537 1280 1581 ae
1293 1532 1448 1592 morerere,

299 1620 388 1701 (quod
402 1618 447 1682 lu'c
462 1623 490 1680 ei
498 1623 615 1700 primur
630 1618 668 1679 ud
687 1635 799 1679 omnem
818 1619 909 1679 eitam
924 1618 1060 1681 trundum
1080 1622 1220 1698 oppetitur
1239 1639 1259 1680 o
1272 1630 1381 1683 amoro
1395 1623 1451 1684 da-

297 1733 354 1793 tur,
370 1740 399 1783 sc
414 1732 446 1783 m
461 1717 628 1801 conservet)
645 1729 727 1800 otqoe
741 1723 782 1781 ito
796 1723 833 1779 ait
847 1719 993 1800 offertum,
1013 1730 1046 1780 ut
1064 1724 1167 1799 optime
1186 1722 1344 1785 monadum
1362 1734 1450 1785 noae
1538 1754 1550 1775 ο

296 1842 363 1884 rom
375 1824 510 1904 affectum
524 1841 582 1884 csse
593 1825 693 1902 possit.
724 1821 862 1883 Statuunt
876 1838 997 1900 nempe,
1018 1821 1066 1901 qui
1081 1820 1248 1884 istiusmodi
1262 1823 1449 1903 parenthesin

297 1924 456 1987 commenti
471 1932 550 1997 sunt,
560 1924 728 1986 Ciceronem
743 1924 801 1985 hoc
817 1922 921 1995 dicere,
933 1940 1022 1985 omne
1033 1923 1139 1985 animal
1153 1923 1242 1986 umor
1256 1936 1338 2005 atque
1352 1936 1451 1987 ortum

296 2029 407 2088 sitnon
422 2026 451 2087 id
467 2026 563 2087 solum
578 2044 671 2105 agere,
685 2043 719 2086 sc
734 2033 933 2098 utconservet,
948 2042 1047 2086 verum
1062 2025 1148 2087 etiam
1164 2034 1197 2087 ut
1210 2024 1248 2087 ita
1258 2026 1296 2087 sit
1305 2028 1449 2099 affectum,

297 2136 330 2190 ut
344 2128 455 2208 optimc
470 2128 631 2191 secundum
646 2134 780 2189 naturam
794 2128 927 2189 allectum
947 2145 1013 2188 esse
1034 2127 1139 2205 possit
1169 2128 1256 2208 Atqui
1274 2128 1333 2190 hoc
1350 2128 1448 2208 ipsum

297 2229 396 2291 Cicero
412 2238 508 2309 negot,
524 2228 632 2309 quippe
647 2227 695 2309 qui
711 2228 844 2309 proxima
863 2227 961 2290 statim
982 2228 1104 2307 periodo
1125 2230 1183 2291 hoc
1198 2248 1289 2291 unum
1305 2228 1388 2291 initio
1404 2230 1450 2309 aqi

297 2331 332 2392 ab
348 2330 465 2393 animali
480 2331 569 2401 dicat,
590 2350 623 2392 se
638 2338 670 2392 ut
684 2339 812 2402 tueatur,
828 2328 1026 2411 qualecunque
1044 2329 1095 2402 sit,
1110 2349 1172 2392 non
1186 2338 1219 2392 ul
1233 2349 1321 2411 qnam
1337 2331 1449 2410 optime

298 2433 431 2495 allectum
452 2433 502 2493 sit:
531 2432 561 2493 id
584 2432 662 2494 enim
681 2431 856 2511 procedente
875 2431 993 2495 demum
1014 2440 1107 2494 aetate
1132 2433 1277 2512 paullatim
1295 2414 1448 2495 'accedere

298 2534 369 2595 Vera
384 2542 479 2596 autem
496 2534 703 2595 sententiarum
720 2532 863 2594 connexio
878 2533 1021 2606 homost,
1037 2543 1070 2595 ut
1083 2534 1212 2614 primurn
1227 2535 1296 2596 illud
1312 2544 1449 2615 ponatur,

297 2636 374 2697 undo
389 2636 486 2698 omnis
512 2636 620 2714 reliqua
636 2634 793 2714 disputatio
809 2634 1019 2713 proficiscitur,
1040 2654 1128 2698 omne
1146 2635 1255 2697 animal
1273 2655 1307 2697 se
1324 2635 1450 2716 diligere,

297 2737 400 2799 deinde
414 2757 447 2798 ea
461 2738 665 2817 adiungantur,
681 2754 754 2813 quae
768 2734 837 2797 hino
852 2743 1080 2817 consequuntur.
1110 2736 1337 2818 Consequuntur
1352 2747 1449 2800 autem

297 2840 367 2900 haec
382 2839 450 2911 duo,
466 2840 594 2919 primum
610 2846 641 2898 ut
656 2856 688 2898 se
703 2854 874 2898 conservare
889 2839 1014 2909 studeat,
1030 2836 1134 2899 deinde
1148 2846 1182 2900 ut
1195 2839 1304 2918 expleri
1315 2849 1448 2903 naturam

297 2960 380 3003 suam
396 2941 475 3002 velit:
490 2941 548 3002 hoc
562 2948 606 3001 est
617 2939 705 3013 enim,
721 2940 800 3018 quod
815 2939 863 3012 ait,
877 2939 914 3001 ita
930 2941 1065 3001 allectum
1081 2958 1155 3012 esse,
1172 2950 1203 3002 ut
1218 2940 1327 3020 optime
1341 2958 1448 3003 sccun-

296 3044 366 3105 dum
385 3050 517 3104 naturam
537 3043 671 3103 allectum
690 3059 756 3105 csse
774 3038 878 3120 possit'.
907 3041 967 3103 lam
988 3059 1054 3102 rere
1075 3060 1109 3103 ex
1125 3042 1171 3102 lris
1186 3042 1301 3104 duobus
1316 3043 1448 3116 alterum,

297 3165 329 3207 se
348 3152 380 3205 ut
398 3152 564 3215 conservet,
585 3154 718 3223 tempore
737 3143 818 3222 prius
840 3152 898 3215 est,
921 3146 1077 3222 statimque
1091 3162 1108 3204 a
1122 3144 1219 3223 primo
1235 3154 1302 3206 ortu
1316 3152 1447 3225 apparet,

265 3257 281 3306 9
298 3248 418 3311 alterum
434 3253 539 3315 autem,
554 3254 586 3306 ut
600 3244 708 3325 expleri
722 3254 855 3307 naturam
871 3262 954 3304 suam
969 3244 1046 3317 volit,
1068 3245 1214 3325 posterius
1230 3254 1259 3307 et
1273 3246 1448 3325 procedente

297 3350 414 3409 demum
430 3355 521 3408 aetate
536 3349 733 3427 consequitur.
763 3346 863 3408 Posito
880 3345 968 3423 igitur
981 3346 1030 3406 illo
1045 3347 1149 3421 altero,
1164 3349 1243 3427 quod
1260 3347 1448 3427 simulatque

298 3458 395 3511 ortum
415 3457 461 3530 est
479 3448 586 3509 animal
601 3458 734 3527 apparet,
748 3449 794 3509 sui
809 3446 1000 3509 conservandi
1014 3448 1127 3523 studio,
1142 3449 1259 3527 nequis
1273 3450 1332 3511 hoc
1346 3466 1448 3523 uuum,

297 3551 425 3629 nihilque
439 3560 587 3631 praeterea
607 3551 703 3613 inesse
724 3551 751 3611 in
772 3568 805 3611 so
826 3548 969 3627 diligendo
991 3550 1101 3622 credat,
1127 3549 1276 3629 subiungit
1295 3551 1392 3613 statim
1412 3550 1447 3613 ad

297 3671 415 3715 omnem
433 3652 520 3715 huius
539 3653 678 3715 naturalis
703 3650 966 3714 commendationis
985 3650 1044 3712 vim
1069 3651 1272 3713 declarandam
1297 3653 1450 3732 utriusque

297 3755 385 3818 studii
400 3756 723 3826 commemorationem,
737 3761 767 3814 et
780 3753 887 3833 prioris
902 3752 993 3823 illius,
1013 3753 1091 3834 quod
1110 3752 1168 3814 iam
1184 3762 1250 3815 ante
1266 3771 1448 3815 commemo·

296 3866 391 3918 ratum
407 3866 482 3930 crat,
502 3862 762 3925 senecensem,
783 3863 811 3916 et
830 3855 916 3918 huius
930 3852 1115 3935 posterioris,
1130 3856 1210 3935 quod
1226 3864 1326 3934 postea
1342 3872 1448 3917 conse-

297 3959 404 4038 quitur,
413 3967 445 4020 ut
452 3967 585 4021 naturam
601 3976 684 4019 suam
699 3956 820 4038 expleat,
836 3958 929 4037 sitque
945 3956 1153 4037 quamoptime
1167 3957 1310 4019 affectum.
1340 3955 1450 4021 nonde

296 4078 400 4122 rursus
415 4062 501 4123 etiam
517 4060 652 4121 disertius
668 4059 739 4119 haec
754 4059 916 4139 distinguit:
938 4060 1034 4138 primo
1055 4057 1138 4119 initio
1158 4056 1229 4118 nihil
1244 4057 1318 4119 aliud
1333 4056 1450 4119 animali

295 4163 481 4243 propositum
497 4181 570 4233 esse,
586 4162 643 4223 nisi
659 4169 692 4223 ut
706 4180 738 4223 se
753 4169 905 4222 conservet
920 4161 1118 4241 qualecunque
1134 4160 1185 4229 sit3
1199 4157 1251 4220 ubi
1265 4167 1361 4220 autern
1377 4175 1449 4237 pru·

297 4264 415 4327 cesserit
430 4263 566 4343 paullum,
580 4281 642 4324 non
655 4263 713 4325 iam
728 4263 786 4324 hoo
800 4263 870 4325 satis
885 4281 961 4336 esse,
977 4262 1026 4325 sed
1043 4262 1141 4342 quaeri
1158 4278 1231 4340 quae
1242 4268 1307 4339 apta
1321 4260 1380 4320 sint
1394 4276 1449 4321 na-

296 4376 387 4439 turae,
402 4365 432 4427 ln.
448 4385 473 4427 e.
490 4383 564 4445 quae
577 4365 613 4429 ad
628 4365 797 4446 explendam
809 4371 942 4427 naturam
954 4363 1126 4444 pertineant,
1142 4362 1325 4442 efficiantque
1339 4370 1373 4423 ut
1386 4361 1450 4425 ani-
