3190 5136
859 419 918 481 176

305 612 440 686 apparet,
455 622 513 687 qua
526 603 639 668 ratione
653 603 756 686 aliqsris
771 593 915 685 δαίμονα
925 600 1108 684 interpretari
1118 593 1214 665 κότον
1223 595 1362 682 potuerit.
1391 597 1461 661 Non

305 706 399 788 magis
417 706 571 790 probabile
590 716 636 770 est
655 699 836 794 νέριραφῇ,
859 706 940 787 quod
959 705 1007 768 ille
1026 723 1082 785 pro
1102 697 1202 785 νεαροὶ
1223 695 1330 789 φάους
1350 701 1460 783 posuit

305 808 406 873 Volunt
419 810 560 875 nimirum
575 829 682 874 noram
702 808 875 873 insolentiae
897 807 1142 871 machinationem
1168 804 1332 885 significari.
1374 804 1461 887 Atqui

305 908 398 1000 ραφή
411 915 448 977 de
460 913 573 977 dolosis
584 913 750 994 callidisque
760 911 899 988 consiliis,
909 910 1092 990 maximeque
1102 910 1139 973 de
1149 907 1335 972 clandestinis
1347 905 1460 982 dicon,

306 1034 380 1097 quae
393 1017 492 1080 minus
507 1016 691 1092 insolentiae,
712 1017 741 1078 h.
757 1037 782 1078 e.
798 1013 888 1078 feroci
910 1021 940 1076 et
952 1021 1092 1096 protervo
1107 1011 1220 1088 animo,
1236 1030 1325 1093 quam
1339 1009 1457 1073 naudu-

304 1118 382 1181 iento
397 1139 431 1183 ae
444 1119 592 1183 malitioso
608 1119 764 1183 convenire
779 1118 921 1181 videntur.
951 1116 1008 1179 Sed
1024 1115 1122 1196 ipsum
1136 1114 1220 1189 illud,
1235 1115 1317 1196 quod
1331 1113 1362 1175 iu
1377 1112 1459 1175 codi-

305 1218 387 1284 oibus
401 1223 543 1305 scriptum
558 1231 619 1299 est,
634 1215 743 1310 φάους
756 1219 894 1285 contrarii
909 1218 1052 1296 rocabmi,
1068 1210 1201 1291 σκότον,
1216 1216 1275 1281 um
1290 1216 1461 1298 superiores

305 1325 447 1406 quosdam
467 1325 584 1390 criticos
602 1325 768 1401 admonuit,
789 1324 877 1406 idque
895 1322 967 1386 mihi
992 1340 1110 1404 quoque
1133 1338 1234 1383 rerum
1253 1338 1320 1383 esse
1338 1320 1459 1383 udetur.

303 1425 363 1491 Pro
378 1421 477 1514 νιαρά
491 1429 695 1511 reponendum
710 1429 765 1491 erit
775 1421 889 1512 νεαρόν
899 1434 962 1501 aut,
977 1426 1059 1507 quod
1071 1423 1142 1487 mihi
1153 1423 1251 1504 aptius
1262 1442 1329 1486 esse
1339 1423 1460 1498 videm,

303 1522 425 1594 νέατον.
455 1532 508 1595 His
522 1532 611 1614 igitur
624 1532 750 1614 receptis
765 1550 867 1595 versus
881 1530 1023 1593 habemus
1038 1529 1142 1591 hosce:

502 1629 579 1697 τότε
600 1624 655 1719 δῆ
675 1624 751 1712 τόδ,
774 1623 815 1719 ἢν
834 1628 874 1696 τδ
895 1626 1008 1717 κόριον
1029 1623 1116 1716 μόλῃ
1136 1621 1236 1705 τέλος,

502 1729 616 1800 νέατον
637 1730 743 1822 φάους
757 1729 883 1814 σκότον,

302 1837 469 1920 pendetque
487 1840 667 1903 accusativus
687 1859 704 1902 a
724 1837 813 1900 verbo
832 1829 956 1901 τίκτειν
974 1836 1005 1898 in
1025 1852 1112 1898 vorsu
1129 1832 1237 1915 primo.
1273 1831 1394 1915 Reliqua
1416 1833 1461 1895 sio

302 1938 481 2004 restituenda
495 1948 594 2004 erunt:

505 2036 649 2125 δαίμονά
669 2034 729 2106 τιν’
753 2034 881 2125 άμαχσν
903 2033 1074 2122 άπόλεμόν
1094 2030 1135 2116 ά,

503 2137 632 2233 άνίερον
651 2139 781 2231 θράσος
801 2137 959 2227 μελαίνας
977 2135 1199 2226 μελάθροισιν
1221 2130 1316 2217 δίνας,

502 2240 674 2330 σίδομέναν
694 2242 852 2313 τοκεῦσιν.

301 2347 330 2409 in
346 2349 452 2430 quibus
463 2348 535 2411 nihil
549 2368 566 2412 a
581 2349 731 2413 codicibus
746 2349 880 2424 discessi,
894 2348 952 2412 nisi
969 2347 1049 2429 quod
1063 2347 1094 2410 in
1109 2365 1196 2410 versu
1206 2347 1305 2429 primo
1315 2338 1462 2427 δαίμονά

300 2440 362 2511 τιν’
375 2468 431 2530 pro
447 2442 591 2531 δαίμονά
611 2469 648 2513 το
667 2444 727 2514 τόν
740 2450 938 2526 scribendum,
952 2451 983 2512 in
998 2451 1057 2513 dne
1070 2468 1174 2512 versus
1193 2457 1291 2512 autem
1304 2440 1333 2511 τ’
1347 2448 1461 2512 adden·

303 2551 373 2614 dum
388 2552 451 2615 duit.
495 2553 637 2617 Codicum
652 2555 827 2634 scripturam
841 2552 977 2616 vitiosam
995 2570 1062 2615 esse
1075 2552 1119 2613 vel
1133 2551 1203 2614 hinc
1220 2551 1338 2633 intdiigi
1351 2560 1462 2633 potest,

300 2653 379 2732 quod
395 2654 494 2719 sicilie
509 2647 637 2737 δαίμονι
650 2656 787 2737 distingui
800 2655 915 2719 videtur
929 2674 946 2718 a
960 2655 1067 2718 mentis
1083 2655 1291 2730 occaecatione,
1307 2674 1396 2737 quam
1412 2655 1463 2717 in·

301 2755 423 2819 scientia
438 2757 474 2820 ad
489 2767 652 2822 extremum
666 2777 769 2840 parere
783 2757 859 2821 dictu
869 2766 928 2833 eet,
941 2776 1032 2839 quum
1047 2756 1173 2822 dubitari
1183 2776 1245 2821 non
1255 2759 1350 2840 possit
1363 2757 1461 2821 tribus

301 2858 348 2920 his
368 2860 538 2924 nominihus
558 2855 692 2938 σκότον,
715 2852 872 2941 δαίμονα,
894 2852 1024 2944 θράσος
1045 2849 1142 2939 deae,
1164 2880 1254 2925 unam
1278 2859 1463 2941 eundemque

300 2978 364 3023 rem
380 2962 533 3043 designari.
564 2963 638 3026 Nam
652 2963 717 3043 ipsa
731 2962 777 3024 illu
791 2962 897 3024 mentis
911 2962 1073 3025 comestio
1088 2963 1240 3027 daemonis
1254 2964 1348 3027 instar
1357 2963 1460 3026 homi·

300 3079 354 3126 nes
380 3063 412 3126 in
431 3065 590 3146 perniciem
609 3064 727 3146 abripit,
747 3064 812 3145 ipsa
830 3063 904 3125 nihil
921 3062 997 3126 aliud
1020 3071 1079 3138 est,
1099 3084 1187 3146 quam
1207 3067 1277 3129 Atos
1297 3066 1459 3130 temeritas.

300 3166 373 3229 Post
387 3159 559 3246 ἀπόλεμον
576 3175 674 3230 autem
689 3186 742 3231 our
755 3156 783 3229 τ’
796 3164 966 3240 addiderim,
981 3185 1017 3229 ex
1031 3168 1214 3250 antistropha
1230 3168 1353 3250 patebit,
1369 3189 1459 3251 quarn

299 3287 380 3332 nuuc
393 3269 558 3333 adscribam
573 3270 617 3333 sic
630 3280 663 3333 ut
676 3270 762 3333 debet
775 3268 967 3332 emendatam.

400 3363 492 3435 Δίκα
507 3366 545 3436 δὲ
558 3366 687 3454 λάμπει
701 3367 762 3454 μὲν
775 3365 810 3435 ἐν
829 3366 1034 3449 δυσκάπνοις
1050 3367 1209 3455 δώμασιν,
1224 3370 1281 3440 τδν
1296 3366 1461 3439 devotos-

499 3493 561 3556 μον
573 3466 640 3538 τίει
661 3468 752 3557 βίον·

397 3571 441 3638 cd
463 3570 501 3640 dd
520 3568 723 3659 χρυσόπαστ’
746 3568 874 3641 ἔδεθλα
895 3572 953 3640 σδν
974 3568 1063 3663 πίνῳ
1084 3575 1188 3662 χερῶν

398 3673 642 3762 παλιντρόποις
662 3668 795 3742 λιποῦά

398 3768 545 3861 ὄμμασιν
567 3771 755 3867 δσιότροπα
776 3774 943 3865 προσέβα,

397 3875 534 3965 δύναμιν
555 3875 593 3947 οδ
615 3879 760 3965 σέβουσα
781 3876 925 3947 πλούτου
947 3877 1146 3972 παράσημον
1168 3877 1268 3972 αἴνῳ·

397 3981 466 4047 πᾶν
487 3976 582 4050 δ’δπδ
602 3979 707 4069 τέρμα
727 3982 828 4072 νωμᾷ

296 4086 330 4149 ln
349 4106 436 4151 versu
455 4089 586 4152 mcuudo
606 4089 723 4153 codices
742 4089 851 4152 habeut
868 4084 911 4151 τὰ
931 4082 1150 4175 χρυσόπαστα
1171 4083 1315 4156 decent
1335 4100 1387 4156 aut
1412 4088 1458 4155 τὰ

295 4181 498 4277 χρυσόπαστ’
519 4183 642 4255 δσδλάε
664 4183 790 4254 ἔδεθλα
811 4198 907 4253 autem
930 4191 1119 4256 scribendum
1147 4212 1215 4256 esse
1239 4194 1298 4257 iam
1326 4196 1458 4259 summe

296 4293 435 4369 coniecit,
460 4301 691 4376 receperuntque
717 4292 872 4356 Schdtzius
898 4292 1151 4373 aldermannus,
1176 4305 1210 4359 ut
1236 4296 1459 4361 evidentissime

295 4414 406 4459 rernm.
451 4395 615 4459 Pertculam
636 4389 675 4460 δό
693 4396 849 4479 transponi
868 4414 990 4461 neeesse
1009 4396 1077 4474 fnit,
1098 4417 1157 4480 quo
1176 4416 1280 4464 versus
1299 4400 1457 4482 strophico
