3164 5138
184 1606 246 1696 llll
269 1606 484 1698 saluauit
508 1601 778 1698 multotum
805 1604 933 1699 lulis
957 1607 1020 1698 ll)
1044 1606 1227 1701 HESIODI

527 1761 672 1855 OPERA
697 1764 885 1858 ululas,

207 2048 254 2129 [le
269 2065 399 2126 carmine
414 2064 571 2139 llesiocleo
584 2063 665 2143 quod
677 2062 772 2142 Opera
787 2063 1090 2137 acuminatum,
1106 2082 1193 2143 quam
1206 2064 1282 2126 varia
1300 2078 1315 2127 a

119 2187 155 2231 ac
168 2168 285 2230 diver-sa
306 2167 369 2227 sint
386 2166 627 2229 doctissimorum
643 2165 773 2228 suorum
792 2165 897 2228 iudicia
917 2167 1064 2227 neminem
1079 2165 1152 2244 fugit
1170 2166 1283 2227 medio-

119 2268 428 2332 matermodoinhoc
438 2269 595 2331 litterarum
607 2286 714 2345 genere
723 2276 879 2329 versatum.
912 2268 989 2329 Sunt
998 2266 1088 2341 enim,
1101 2268 1150 2347 qui
1158 2269 1284 2330 sormam

118 2373 185 2435 eins
198 2381 228 2434 et
243 2371 505 2449 compositionem,
520 2370 545 2431 si
560 2370 658 2431 minus
679 2369 812 2431 laudibus
828 2370 973 2445 extollant,
988 2378 1017 2432 at
1032 2378 1109 2432 certe
1123 2369 1196 2431 satis
1211 2389 1283 2449 pro·

118 2474 246 2537 hahilem
262 2494 330 2535 csse
341 2475 530 2546 contendant,
544 2474 576 2535 in
590 2491 647 2551 qua
660 2472 728 2532 licet
738 2472 849 2552 passim
861 2472 1026 2535 iuncturam
1041 2472 1138 2552 paullo
1150 2471 1284 2553 asperio-

117 2597 182 2639 rem
202 2578 423 2657 transitumque
443 2575 479 2638 ah
499 2577 554 2639 alia
568 2582 650 2654 parte
670 2574 706 2636 ad
721 2574 806 2637 aliam
827 2574 1026 2655 abruptiorem
1045 2594 1111 2637 ease
1131 2576 1283 2647 fateantur,

117 2689 218 2741 tamen
239 2698 304 2741 non
326 2679 400 2741 adeo
420 2677 528 2741 nouum
548 2677 608 2739 hoo
629 2676 719 2739 videm
740 2695 831 2756 posse
851 2685 1004 2739 autumant
1024 2677 1055 2738 in
1074 2677 1203 2739 carmine
1223 2684 1282 2738 tam

118 2790 236 2844 vetusto
251 2800 344 2862 saque
354 2789 447 2843 ceute
462 2788 540 2851 nato,
554 2797 627 2860 quae
641 2778 712 2860 quid
722 2779 852 2858 poeticae
862 2780 932 2841 artis
947 2780 1025 2858 leges
1037 2786 1195 2858 poscerent
1205 2795 1283 2839 non-

117 2885 190 2946 dum
212 2884 289 2946 satis
309 2883 440 2956 mlleret3
460 2881 531 2944 boni
550 2891 647 2945 autem
668 2882 835 2961 interpretis
857 2900 937 2954 esse,
961 2881 1075 2960 siquid
1100 2881 1136 2942 ad
1156 2880 1283 2960 partium

117 2996 218 3065 aptam
246 2985 495 3065 compositionem
517 2985 644 3060 delicat,
668 2985 699 3047 id
723 2993 837 3046 suamet
862 2984 960 3064 ipsum
987 2982 1116 3045 sollertia
1138 2982 1283 3063 supplere,

117 3107 284 3168 musasque
297 3096 327 3149 et
339 3087 485 3161 rationes,
506 3106 580 3168 quas
594 3095 682 3168 poeta
697 3087 727 3149 in
748 3104 836 3166 opere
851 3086 1057 3166 componendo
1080 3094 1220 3167 sequutus
1236 3084 1283 3160 sit,

118 3192 263 3271 sagaciter
283 3189 428 3268 indagare
472 3189 582 3253 Contra
602 3190 648 3252 alii
673 3197 772 3269 partes
791 3189 911 3269 quidem
930 3188 1040 3268 aliquot
1059 3189 1185 3250 maiores
1205 3196 1282 3250 recte

118 3292 304 3373 compositas
319 3301 347 3353 et
361 3291 444 3372 quasi
459 3291 599 3355 continuo
615 3292 663 3353 iilo
679 3291 818 3353 deductas
833 3310 898 3353 esse
914 3291 1091 3364 concedunt,
1111 3310 1159 3353 eas
1176 3292 1281 3371 impri-

7 3414 12 3441 ¹
117 3397 191 3472 mis,
211 3414 290 3476 quae
304 3395 340 3456 de
354 3394 529 3473 agmmltura
543 3404 572 3458 et
591 3394 629 3456 de
641 3393 824 3474 navigatione
838 3394 931 3473 deque
945 3394 1058 3456 dierum
1073 3394 1237 3456 locatorum
1253 3403 1282 3456 et

118 3498 319 3561 infaustorum
339 3496 542 3560 observatione
559 3496 753 3577 praecipiunt,
772 3498 824 3559 sed
845 3495 890 3557 his
905 3496 976 3558 alias
996 3514 1150 3576 perperam
1165 3504 1280 3559 assutas

12 3666 16 3685 Ι
119 3619 198 3673 esse,
212 3600 295 3662 nullo
311 3599 427 3662 intorno
442 3600 557 3663 vinculo
572 3608 623 3663 aut
635 3600 710 3662 inter
729 3620 762 3661 se
776 3608 826 3661 aut
841 3618 909 3662 cum
924 3598 979 3661 illis
993 3596 1156 3661 maioribus
1172 3598 1280 3661 cohae-

120 3710 235 3776 rentes,
263 3703 316 3765 sed
335 3704 488 3767 contusam
511 3702 658 3783 quandam
678 3702 889 3765 sententiarum
911 3720 944 3763 ao
967 3710 1191 3781 praeceptorum
1213 3699 1282 3763 varii

121 3807 238 3885 generis
257 3807 447 3886 sanguem,
466 3824 554 3886 qiam
569 3806 620 3884 qui
640 3803 842 3884 congesserint
855 3813 904 3867 aut
921 3821 1038 3866 merum
1057 3802 1208 3867 arbitrium
1232 3812 1282 3869 aut

120 3909 247 3970 sortasse
262 3916 412 3970 externam
431 3908 576 3988 quandam
596 3907 815 3969 similitudinem
831 3906 862 3967 in
877 3906 1022 3968 vocabulis
1042 3906 1173 3986 adeoque
1188 3906 1219 3967 in
1233 3905 1281 3967 lit-

121 4013 191 4074 tcn's
206 4018 350 4093 sequutus
365 4031 443 4085 esse,
458 4011 494 4072 ad
510 4009 635 4072 eundem
654 4012 792 4082 modum,
812 4026 899 4090 quem
917 4008 949 4070 in
967 4008 1117 4086 elegorum
1133 4007 1280 4087 Theogni-

14 4128 16 4155 ³
122 4114 244 4176 deornm
260 4113 432 4175 collectione
446 4112 537 4175 critici
551 4113 695 4176 acutiores
709 4111 983 4175 animadverterunt.
1012 4112 1107 4191 Atque
1121 4109 1156 4172 ab
1171 4110 1280 4173 horum

121 4216 264 4278 sententia
288 4234 343 4294 ego
364 4234 483 4296 quoque
506 4234 554 4277 me
575 4232 637 4276 non
656 4215 814 4277 abliorrere
838 4214 988 4294 profiteor.
1022 4212 1137 4286 Quanto
1163 4212 1280 4290 saepius

121 4318 196 4380 enim
215 4335 338 4381 carmen
355 4319 518 4398 perlustro,
538 4324 705 4400 quantoque
724 4316 886 4379 accuratius
906 4314 1095 4377 defensorum
1115 4314 1231 4374 illorum
1247 4331 1281 4373 ac

121 4421 303 4485 hudatorum
323 4422 453 4485 rationes
468 4421 620 4495 examino,
634 4439 758 4485 acumen
773 4418 891 4500 quidem
906 4426 935 4480 ct
951 4417 1107 4481 sollertiam
1123 4429 1281 4490 argumen-
