3290 5142
784 433 935 531 -ιο-

260 643 263 646 ’
286 619 390 695 buius,
411 638 500 701 quam
522 627 574 684 ant
595 619 738 684 nobilium
759 628 810 683 aut
832 621 955 684 divitum
974 628 1025 685 aut
1043 621 1136 703 plebis
1157 620 1294 696 interest,
1314 627 1349 684 ut
1367 621 1443 684 bena

283 723 384 787 omnia
398 722 654 786 administrentur:
670 722 819 803 praefiniet
833 724 921 805 igitur
935 743 1002 800 eos,
1018 743 1094 807 quos
1109 725 1238 808 optimos
1252 723 1354 805 reique
1368 723 1444 786 bene

283 824 428 906 gerendae
448 824 575 888 maxime
594 824 715 887 idoneos
734 827 917 906 cognomrit,
934 827 968 889 in
981 844 1144 910 eorumque
1160 828 1291 902 delectu,
1312 827 1369 890 etsi
1382 824 1444 889 falli

283 935 391 1010 potest,
405 962 449 974 -·
461 944 532 991 nam
547 944 672 990 errare
686 928 884 991 humanum
900 946 982 992 esse
996 945 1085 993 nemo
1099 931 1201 1005 nescit,
1216 934 1371 992 -tamen
1380 944 1444 990 non

283 1030 399 1113 saepius
419 1038 499 1094 certe
518 1029 650 1104 fallatum,
670 1047 759 1110 quarn
773 1037 825 1093 ant
839 1031 994 1112 optimates
1008 1033 1049 1095 illi
1062 1039 1114 1097 aut
1128 1032 1303 1107 multitudo,
1322 1031 1353 1093 in
1368 1048 1444 1112 quos

282 1133 354 1197 illud
369 1152 495 1197 errare
509 1133 582 1196 item
597 1132 700 1196 cadere
715 1132 911 1196 certbsimum
926 1141 980 1210 est,
994 1135 1087 1198 immo
1099 1135 1189 1199 etiam
1203 1134 1317 1198 facilius
1328 1132 1442 1207 cadere,

283 1254 343 1319 qno
362 1236 508 1299 difficilius
526 1241 572 1298 est
589 1235 620 1299 in
643 1235 733 1298 unius
747 1235 818 1299 boni
831 1236 941 1317 publici
955 1238 1053 1301 studio
1068 1239 1179 1303 multos
1193 1239 1271 1301 inter
1284 1257 1332 1310 sa,
1352 1252 1443 1318 quam

282 1355 377 1403 unum
396 1357 498 1403 secum
517 1338 617 1419 ipsum
639 1338 814 1401 consentire.
844 1338 983 1402 Ceterum
1003 1340 1029 1402 si
1043 1340 1123 1404 illam
1136 1358 1228 1404 unam
1242 1339 1314 1421 rogii
1326 1336 1444 1420 imperii

281 1440 410 1504 formam
423 1447 600 1523 spectamus,
616 1458 706 1522 quam
722 1435 969 1521 παμβασιίείαν
982 1441 1012 1503 lr.
1026 1461 1051 1505 e.
1064 1442 1229 1506 absolutam
1240 1440 1442 1504 monarchiam

282 1543 455 1607 Aristoteles
470 1543 604 1624 appellat,
619 1560 682 1606 non
696 1559 767 1605 sane
782 1543 1016 1607 dissentiendum
1031 1544 1068 1608 ab
1082 1564 1119 1607 eo
1131 1563 1197 1608 esse
1206 1544 1376 1618 fatebimur,
1392 1542 1443 1624 qui

282 1645 371 1708 lamus
391 1650 504 1708 tantam
523 1644 748 1727 amplitudinem
762 1650 883 1727 tamque
898 1646 1024 1710 arduum
1037 1647 1115 1729 ragis
1130 1647 1262 1711 officium
1275 1664 1342 1709 esse
1356 1645 1442 1719 dicat,

282 1755 316 1810 ut
341 1765 445 1829 parem
468 1747 666 1810 cihominem
687 1753 738 1810 aut
755 1765 823 1810 raro
843 1752 895 1810 aut
914 1763 1068 1830 nunquam
1087 1750 1147 1813 ulla
1166 1757 1246 1813 aetas
1264 1747 1440 1824 riderit¹⁸).

282 1850 369 1924 Quod
391 1856 490 1915 autam
505 1848 677 1913 Aristoteles
691 1850 723 1911 in
737 1868 808 1912 suae
821 1849 923 1913 aetatis
939 1851 1105 1915 ciritabbus
1118 1853 1165 1915 vix
1178 1852 1263 1916 aliam
1278 1868 1369 1933 quam
1383 1869 1440 1932 po-

286 1953 420 2035 pnlarem
440 1954 484 2017 rei
502 1953 634 2035 publicae
652 1952 781 2016 formam
799 1953 859 2015 sive
880 1952 1088 2018 democratiam
1108 1954 1208 2018 locum
1226 1955 1334 2017 babere
1353 1971 1440 2035 posse

281 2056 405 2132 iudicat,
425 2064 562 2121 errarunt
580 2073 759 2138 magnopere
779 2057 830 2137 qui
849 2057 891 2119 sic
911 2063 1102 2140 acceperunt,
1124 2076 1159 2122 ac
1177 2058 1203 2121 si
1221 2058 1299 2120 banc
1312 2056 1440 2119 maxime

281 2159 464 2241 probandam
484 2178 549 2223 esse
569 2159 752 2238 dicerct⁹⁹)‚
772 2159 802 2221 id
818 2159 898 2241 quod
911 2159 998 2242 longe
1013 2161 1049 2223 ab
1064 2161 1126 2223 cius
1140 2160 1296 2243 prudentia
1310 2156 1440 2223 ebenum

281 2280 348 2326 esse
361 2280 450 2326 nemo
464 2279 527 2325 non
540 2263 697 2344 intelliget,
718 2263 769 2343 qui
782 2263 838 2325 hoa
853 2263 890 2325 de
904 2263 1067 2344 republica
1081 2263 1171 2326 libros
1185 2280 1247 2326 non
1262 2262 1358 2326 obiter
1371 2269 1440 2325 tan·

253 2408 257 2417 .
281 2371 345 2428 tum
354 2366 522 2448 inspexerit,
539 2365 590 2427 sed
602 2370 682 2428 totos
692 2371 826 2428 accurate
837 2365 1014 2447 cognoverit.
1040 2364 1168 2447 Respicit
1178 2366 1268 2440 enim,
1284 2365 1356 2429 dum
1368 2363 1439 2427 illud

281 2468 391 2542 scribit,
407 2469 487 2531 solos
502 2467 629 2530 Graecos
644 2468 690 2530 sui
705 2468 857 2549 temporis,
872 2468 950 2549 apud
964 2485 1039 2549 quos
1054 2475 1177 2550 propter
1189 2468 1308 2532 urbium
1324 2469 1438 2550 magni·

281 2571 415 2635 tudinem
436 2587 499 2632 non
517 2570 654 2651 sperabat
673 2569 749 2633 alind
770 2589 863 2652 genus
882 2570 926 2632 rei
945 2570 1078 2651 publicae
1099 2570 1218 2634 tolerari
1239 2588 1343 2653 posset
1369 2587 1439 2633 nam

280 2674 409 2737 urbanae
424 2666 516 2755 plebis
531 2672 690 2736 multitudo
705 2674 820 2737 nullum
835 2673 961 2737 libertati
975 2691 1046 2736 suae
1061 2673 1106 2736 vel
1120 2673 1220 2754 potins
1234 2672 1367 2736 licentiae
1377 2673 1439 2735 fra·

280 2794 355 2839 num
375 2775 505 2838 adbiberi
519 2775 647 2849 sinebat,
668 2782 789 2858 eratque
804 2777 913 2858 pariter
927 2775 1113 2857 optimatium
1128 2776 1294 2839 auctoritati
1307 2775 1439 2840 etunius

281 2879 405 2961 imperio
419 2878 542 2941 infensa.
569 2877 687 2941 Rectius
699 2878 798 2959 itaque
809 2878 940 2942 dicemus
951 2878 1070 2941 fatalem
1080 2879 1180 2960 potius
1190 2886 1221 2941 et
1231 2878 1437 2952 inevitabilem,

282 3000 371 3062 qnam
391 2981 500 3044 bonam
519 2986 551 3041 et
563 2980 711 3044 salubrem
727 2980 906 3043 Graecorum
921 2981 1086 3043 civitatibus
1101 2980 1311 3044 democratiam
1325 2981 1439 3044 bristo·

280 3087 331 3148 teli
350 3084 442 3147 visam
462 3101 537 3146 esse.
568 3083 706 3146 Getarum
728 3083 914 3146 demonstrat
934 3083 997 3145 eius
1012 3082 1218 3164 disputationis
1233 3090 1330 3158 tenor,
1349 3082 1440 3146 luisse

280 3188 435 3251 etiamtum
460 3186 512 3268 qui
536 3185 764 3249 saluberrimum
790 3185 879 3249 unius
906 3185 1063 3266 imparium
1092 3184 1298 3261 diceneum),
1331 3185 1439 3268 quibus

280 3288 362 3369 quod
379 3306 473 3350 unum
492 3287 528 3349 ab
551 3287 600 3349 illo
616 3287 789 3368 opponitur,
811 3301 874 3349 non
887 3286 976 3349 babet
989 3286 1071 3369 regni
1085 3287 1178 3368 ipsius
1191 3287 1438 3369 reprobationem,

280 3390 333 3453 sed
347 3390 562 3454 dubitationem
573 3395 689 3453 tantum
700 3389 738 3451 de
748 3387 1035 3474 regnossbereditario,
1051 3390 1085 3452 in
1094 3407 1154 3470 quo
1166 3390 1325 3472 lieriposse
1335 3388 1440 3471 arguit,

347 3574 391 3640 aa)
410 3572 500 3641 urm,
514 3576 621 3641 ποια
634 3576 673 3642 ιι,
686 3575 711 3640 o,
723 3574 747 3627 e.

347 3659 391 3724 29)
408 3657 437 3712 ln
451 3661 491 3714 bis
508 3659 539 3713 G.
554 3659 682 3714 aarum
701 3674 758 3713 aare
775 3661 892 3728 vidntur,
908 3660 1059 3714 Gaaclricbt·
1075 3662 1119 3714 dea
1131 3663 1303 3715 damnemur
1315 3661 1439 3714 Jahrbnn·

280 3746 359 3810 dertr‚
370 3744 413 3810 lv,
425 3762 449 3813 p.
463 3746 502 3799 to.

348 3831 391 3897 30)
409 3829 473 3884 Nan
484 3829 525 3899 ut,
538 3831 579 3897 10,
591 3831 607 3883 8
619 3839 751 3900 postquam
762 3833 855 3901 posuit,
867 3834 935 3891 ierac
947 3829 1015 3887 οὐδὲ
1027 3828 1129 3904 ῥᾴδιον
1140 3826 1182 3886 ire
1192 3834 1344 3902 γίγνεσθαι
1355 3833 1439 3885 ποίε-

280 3918 358 3969 veter
372 3914 469 3985 ἑτέραν
485 3915 563 3987 παρὰ
580 3914 786 3987 δημοκρατίαν,
803 3916 902 3969 seilicet
917 3926 1023 3986 propter
1038 3919 1139 3972 urbium
1150 3919 1360 3986 magnitudinem,
1377 3916 1439 3970 inei

279 3999 474 4072 patiemim
486 4002 641 4073 συμβέβηκε
653 3999 704 4060 τὰς
712 3999 818 4068 πόλεις,
831 4005 918 4055 statim
928 4002 1058 4071 subiungit
1069 4004 1086 4073 b
1099 4005 1127 4055 a:
1141 4004 1166 4057 εί
1177 4002 1210 4057 δὲ
1221 4001 1256 4070 δή
1269 3998 1441 4073 reciprocos

279 4087 344 4151 θείη
359 4084 392 4138 τὸ
403 4083 604 4153 βασιλεύεσθαι
616 4090 677 4148 ταῖς
687 4085 814 4155 πόλεσιν,
826 4089 915 4156 bisque
927 4089 977 4142 iarn
989 4090 1104 4158 opponit:
1122 4089 1182 4148 nair
1194 4086 1247 4150 ἕξει
1258 4087 1293 4142 τοὶ
1306 4090 1373 4158 περὶ
1384 4088 1440 4141 τοῖν

281 4171 397 4235 rasam
413 4169 451 4223 Gi.
468 4173 505 4238 V,
522 4172 552 4237 8,
568 4172 612 4225 2³.
629 4201 664 4212 -
678 4173 797 4226 (lateram
813 4173 944 4227 Platonem
960 4175 1014 4228 sina
1031 4175 1107 4227 dnbio
1124 4182 1150 4225 st
1166 4173 1280 4227 Platonis
1296 4181 1438 4227 secutores

281 4252 435 4307 Aristotelea
452 4257 478 4308 in
494 4265 577 4310 manta
592 4258 688 4310 babuit.
711 4256 749 4309 (li.
765 4256 893 4310 Plutarch.
909 4259 941 4311 de
956 4259 1085 4312 monarcb.
1099 4276 1121 4311 c.
1133 4260 1163 4311 4:
1182 4256 1198 4311 ὁ
1211 4255 1357 4318 πολιτικός
1367 4288 1402 4298 -
1413 4258 1440 4311 al

281 4340 387 4411 αἵρεσις
398 4337 474 4411 αὐτῷ
485 4341 600 4409 δοθείη,
611 4338 743 4411 καθάπερ
755 4337 891 4413 ὀργάνων,
903 4345 959 4399 τῶν
970 4343 1127 4410 πολιτειῶν,
1139 4338 1438 4413 condemnatione
1510 4402 1515 4411 ,

281 4422 356 4492 πλὴν
366 4423 417 4492 τὴν
426 4431 594 4498 μοναρχίαν,
607 4423 738 4482 Πλάτωνι
748 4423 930 4498 πειθόμενος.
