3290 5142
673 455 825 555 -ao-

272 632 342 705 ἀλλ’
363 634 448 728 ήβήν
467 636 585 729 ἐρωήν
606 636 826 729 ὀλοφύρομαι,
847 639 870 731 tp*
890 637 1105 728 p’tadsbm,

356 738 462 809 κλαίω
484 738 513 807 δ’
537 737 696 829 ἀργαλέον
716 748 819 833 γήρας
839 738 1066 832 ἐπερχόμενον.

171 848 269 912 Etiam
283 848 316 910 in
330 867 356 911 ν.
372 848 445 924 767,
459 849 510 912 ubi
524 857 661 930 precatur
674 859 762 933 poeta
775 860 809 915 ut
823 852 879 915 sibi
891 853 1042 934 confinget

457 946 562 1028 κακὰς
582 942 654 1016 dod
675 950 777 1039 νήρας
798 946 932 1034 ἀμύνειν

274 1046 378 1138 ypatio
397 1044 426 1116 τ’
447 1045 622 1134 ου’λδμεννν
642 1052 698 1118 καὶ
720 1048 885 1119 θανάτοιο
906 1049 1010 1130 τέλος,

172 1154 297 1218 senioris
315 1163 367 1218 aut
384 1164 464 1220 certe
483 1158 664 1222 senescentis
684 1165 787 1221 votum
810 1157 1006 1240 agnoscimus.
1050 1157 1214 1221 Gobaerent
1233 1162 1334 1221 autem

172 1257 205 1319 bi
223 1276 326 1321 uersus
345 1260 490 1325 artissime
510 1279 580 1324 cum
601 1261 844 1343 praecedentibus
862 1281 889 1324 v.
910 1260 972 1324 763
993 1279 1053 1343 sq,
1073 1260 1127 1343 qui
1150 1260 1334 1324 imminentis

172 1360 241 1424 belli
253 1359 408 1426 Medorum
421 1364 605 1428 mentionem
618 1365 737 1440 ament,

274 1456 423 1546 πίνωμεν
443 1465 595 1549 χαρίεντα
614 1458 682 1546 μετ’
707 1457 883 1551 ἀλλήλοισι
903 1462 1059 1548 λέγοντες,

359 1561 463 1651 μηδὲν
482 1563 542 1631 adr
562 1562 694 1653 Μήδων
716 1562 881 1643 δειδιότες
901 1561 1059 1647 πόλεμον,
1193 1574 1194 1577 ’

173 1668 365 1750 eiusdemque
378 1669 447 1733 belli
459 1670 624 1752 periculum
637 1670 810 1753 impendere
824 1670 913 1735 etiam
924 1689 951 1733 ν.
964 1671 1026 1732 775
1037 1669 1155 1745 indicat,
1169 1668 1221 1735 ubi
1231 1669 1335 1751 Apollo

174 1771 336 1847 invocatur,

275 1866 378 1951 αδτδς
398 1870 437 1939 δὲ
458 1869 599 1958 ambr
619 1866 777 1961 ὑβριστήν
797 1868 931 1960 Μήδων
953 1866 1097 1961 dadam

360 1974 463 2062 τῆσδε
483 1971 607 2053 πόλιες
620 2012 672 2039 -.
845 2028 848 2034 r

175 2081 288 2144 Instare
309 2088 408 2144 autem
430 2081 460 2144 id
481 2081 646 2163 perieulum
667 2081 830 2145 certissime
849 2080 1013 2162 praevideri
1033 2086 1149 2162 poterat
1169 2081 1236 2144 inde
1250 2080 1288 2143 ab
1302 2098 1337 2143 eo

175 2189 320 2264 tempore,
337 2201 429 2265 quum
453 2185 660 2247 caduceatores
674 2204 691 2247 a
704 2184 791 2247 llario
812 2184 845 2246 iu
859 2182 1011 2246 Graeciam
1031 2184 1115 2246 missi
1136 2191 1207 2247 sunt
1227 2191 1337 2246 tomam

175 2293 207 2350 et
220 2304 327 2368 aquam
342 2286 534 2368 postulantes,
547 2287 782 2368 negantibusque
794 2286 905 2350 bellum
920 2286 1134 2362 denuntiantes,
1149 2287 1220 2349 be.
1237 2287 1275 2348 ol.
1288 2286 1338 2358 72

177 2387 208 2451 2.
224 2408 250 2453 a.
264 2389 332 2451 Chr.
348 2389 427 2465 4913
449 2396 481 2451 et
496 2396 564 2453 ante
577 2407 707 2471 pugnam
722 2388 935 2452 Marathoniam
949 2390 1109 2453 admodum
1123 2389 1339 2452 lonnidabilem

177 2491 237 2553 vim
259 2491 417 2554 Persarum
437 2491 554 2555 Graecis
568 2494 663 2555 visam
682 2512 749 2556 esse
767 2492 933 2556 Herodotus
944 2500 1071 2556 testatur
1090 2492 1136 2568 vl,
1160 2492 1238 2553 112:
1258 2486 1340 2566 τέως

178 2585 218 2655 δὲ
237 2580 278 2676 ήν
295 2592 385 2656 τοῖσι
397 2586 537 2678 Ἕλλησι
557 2588 615 2657 καὶ
634 2590 674 2658 τὰ
698 2585 822 2675 ε’δνομα
842 2590 882 2658 νδ
904 2590 1036 2680 Μήδων
1057 2589 1166 2681 φόβος
1187 2584 1339 2657 ἀκοῦσαι.

177 2694 271 2776 lgitru
283 2712 345 2758 non
359 2695 532 2770 errabimus,
550 2696 665 2777 opinor,
680 2695 706 2758 si
720 2697 778 2758 boc
790 2696 853 2759 lere
867 2705 1002 2779 tempore
1017 2716 1119 2762 versus
1141 2698 1208 2761 illos
1228 2717 1245 2761 a
1260 2697 1340 2759 Tbe-

178 2797 285 2878 ognide
298 2798 426 2881 scriptos
440 2818 504 2862 esse
520 2799 686 2872 statuimus,
703 2798 753 2879 qui
768 2799 841 2879 quin
854 2806 927 2862 tunc
941 2801 1000 2863 iam
1016 2801 1088 2863 satis
1102 2807 1197 2863 aetate
1218 2816 1341 2881 prouec-

180 2905 228 2962 tus
242 2901 332 2963 fuerit
345 2900 472 2964 dubitari
485 2918 547 2963 nou
561 2907 670 2982 potest.
693 2900 768 2964 Nam
784 2918 877 2982 quum
891 2902 1027 2966 floruisse
1039 2904 1153 2966 dicatur
1167 2903 1204 2966 ol.
1217 2901 1258 2964 59
1273 2903 1303 2964 b.
1315 2919 1340 2962 e.

181 3021 207 3064 a.
224 3004 292 3066 Cbr.
308 3003 475 3065 ear-541
497 3004 558 3080 ¹⁸),
574 3003 691 3066 circiter
702 3004 740 3067 ol.
753 3003 795 3065 52
818 3009 857 3082 (a.
873 3006 941 3067 Chr.
964 3005 1146 3085 572-569)
1168 3012 1256 3068 natus
1277 3022 1342 3066 esse

178 3103 334 3178 ridebitur,
349 3113 383 3169 ut
397 3123 474 3170 anno
490 3106 528 3169 ol.
544 3106 595 3181 72,
610 3103 631 3165 2
648 3105 735 3188 (491)
756 3124 860 3170 senem
882 3107 920 3171 81
946 3115 998 3171 aut
1019 3108 1060 3173 78
1082 3125 1229 3172 annorum
1249 3106 1343 3170 iralsse

180 3217 386 3290 consequatur.

265 3312 328 3373 lam
341 3330 412 3374 vero
424 3329 516 3392 quum
530 3313 584 3375 bas
598 3313 777 3394 Theognidis
792 3313 929 3394 reliquias
944 3312 1149 3376 diversissimis
1159 3311 1344 3394 temporibus

180 3413 369 3494 assignandas
385 3434 451 3477 esse
465 3422 612 3498 appareat,
628 3421 693 3479 tum
707 3416 779 3479 illud
796 3434 915 3498 quoque
930 3416 1122 3478 mmiiestum
1137 3421 1191 3490 cst,
1209 3430 1272 3477 non
1285 3415 1344 3477 im·

182 3517 288 3579 mento
304 3535 360 3579 uos
375 3516 535 3599 quidquam
550 3538 586 3581 ex
600 3518 636 3580 iis
651 3519 687 3580 de
700 3518 917 3599 Megarensium
931 3518 1051 3581 historia
1063 3517 1201 3598 cognosci
1212 3534 1344 3598 negasse,

181 3618 238 3681 nisi
253 3620 333 3700 quod
347 3619 393 3680 vel
407 3620 449 3682 sic
462 3620 586 3684 dubium
601 3640 665 3684 csse
680 3621 853 3703 nequiverit,
869 3621 979 3684 scilicet
991 3620 1085 3684 fuisse
1099 3618 1222 3699 Megaris
1236 3619 1346 3701 pariter

182 3727 271 3802 atque
287 3724 318 3784 in
331 3723 436 3786 ceteris
447 3723 596 3806 plerisque
611 3723 747 3786 Graeciae
762 3723 927 3788 civitatibus
942 3724 1018 3786 inter
1032 3722 1150 3805 plebem
1167 3729 1197 3783 et
1219 3721 1346 3802 optima-

181 3831 229 3888 tes
243 3831 398 3903 certatum,
418 3827 593 3910 plebemque
608 3828 767 3910 aliquando
782 3828 965 3911 superiorem
980 3827 1117 3902 evasisse,
1139 3843 1196 3888 uec
1217 3825 1347 3889 defuisse
1364 3846 1368 3859 ¹

253 4106 296 4172 13)
314 4105 371 4159 Vid.
388 4094 521 4157 Welele'r.
539 4105 652 4172 prolegg.
665 4120 689 4172 p.
702 4103 774 4168 XVI,
792 4108 835 4174 qui
852 4106 945 4159 Saldae
967 4104 1046 4157 verbe
1062 4100 1187 4174 reposcis
1205 4097 1236 4155 ἕν
1252 4102 1287 4172 τῇ
1299 4096 1347 4155 rd'

192 4188 247 4244 ’ot
263 4207 314 4244 nou
326 4191 357 4243 de
374 4207 440 4243 euno
457 4190 537 4242 sardi
552 4190 697 4258 accipienda
717 4204 774 4241 osse
795 4192 868 4245 uobis
891 4192 990 4261 quidem
1009 4189 1073 4242 eatis
1094 4188 1216 4256 probasse
1236 4186 1347 4239 videtur.

185 4274 241 4342 lpse
253 4274 406 4327 wolckerus
417 4274 587 4341 Theognidem
599 4275 633 4326 ol.
645 4276 687 4339 55,
698 4274 714 4324 2
727 4282 771 4327 aut
784 4276 799 4326 3
811 4281 898 4327 natum
910 4274 1009 4338 statuit,
1021 4275 1087 4342 quod
1099 4273 1212 4342 quamuis
1221 4273 1349 4340 haudqua-

186 4376 260 4427 quam
271 4361 421 4413 incredibile
432 4360 476 4426 sir,
487 4358 643 4428 probabilius
655 4369 739 4413 tamer
751 4361 855 4414 videmr
866 4360 932 4426 quod
942 4376 989 4413 uos
1000 4360 1139 4429 posumus,
1150 4374 1182 4412 ue
1194 4358 1267 4411 ulmis
1276 4358 1349 4410 iave-

186 4447 233 4499 ulll
243 4444 633 4501 uuuehrmtonndicetor.
1168 4461 1170 4466 ·

1102 4526 1145 4589 3*
