3290 5142
733 467 753 531 3

159 672 358 737 romanaeque
378 655 577 737 cognitionem
593 656 821 738 profiterentur,
842 655 950 738 quippe
971 674 1064 737 quum
1080 664 1228 723 constaret
1242 662 1320 743 apud

159 765 321 841 utrumque
341 761 487 840 populum
501 777 620 823 summo
635 760 667 822 iu
682 759 751 822 odio
764 760 856 823 luisse
871 759 985 840 regium
999 760 1171 841 imperium,
1193 769 1222 825 et
1236 770 1318 826 tanto

158 877 207 922 res
230 878 333 923 eorum
349 860 521 924 illustrium
536 869 624 942 utque
639 862 823 924 llorentiores
838 860 930 923 luisse
946 869 1057 942 quanto
1073 864 1185 927 maiore
1199 872 1320 927 uteren-

157 968 208 1026 tur
221 964 366 1028 libertate.
397 964 513 1027 Scilicet
526 965 569 1026 sic
582 965 679 1027 solent
691 965 753 1027 lore
768 964 904 1027 homines
920 964 956 1026 de
970 963 1058 1027 rebus
1072 982 1135 1027 non
1148 966 1219 1029 satis
1230 986 1317 1031 accu-

158 1073 220 1129 rate
235 1073 266 1129 et
280 1067 365 1147 qnasi
380 1067 461 1129 intus
475 1066 599 1147 cognitis
615 1075 727 1130 temere
742 1066 896 1148 opiniones
911 1066 967 1128 sibi
980 1067 1151 1143 informare,
1166 1088 1320 1151 quumque

158 1168 254 1250 aliqua
274 1168 453 1231 Graecorum
474 1176 504 1230 et
517 1169 719 1233 Romanorum
740 1169 844 1233 notitia
864 1169 980 1250 pueruli
1002 1170 1032 1231 in
1050 1171 1159 1234 scholis
1178 1189 1240 1235 non
1261 1173 1319 1235 im-

156 1269 222 1333 buti
236 1272 289 1333 sed
304 1270 405 1334 leviter
418 1271 509 1334 modo
523 1272 608 1335 tincti
622 1272 693 1347 sint,
708 1290 861 1354 unumque
876 1278 928 1333 aut
937 1271 1063 1335 alterum
1074 1274 1180 1337 veteris
1192 1277 1320 1357 scripto-

155 1372 195 1436 ris
210 1374 319 1436 librum
330 1380 381 1436 aut
392 1374 457 1436 libri
468 1375 640 1455 particulam
651 1374 783 1456 legerint,
798 1374 858 1437 iarn
869 1374 939 1438 satis
951 1394 983 1437 se
994 1374 1117 1438 idoneos
1129 1395 1192 1439 esse
1204 1385 1319 1458 putant,

154 1475 262 1557 quide
282 1483 416 1540 veterum
435 1477 524 1539 rebus
543 1477 649 1541 iudicia
667 1484 816 1559 promant.
854 1477 911 1551 Qui
932 1485 1031 1541 autem
1051 1477 1222 1542 interiorem
1241 1482 1320 1544 anti-

153 1578 273 1659 quitatis
293 1579 494 1661 cognitionem
515 1580 632 1643 assidua
653 1589 682 1642 et
701 1580 831 1661 diligenti
853 1578 1175 1661 praestantissimorum
1196 1581 1319 1645 histori-

153 1699 257 1744 corum
269 1691 300 1744 et
310 1683 556 1765 pbilosophorum
567 1684 692 1747 lectione
703 1689 818 1764 partam
829 1682 946 1757 babent,
960 1682 1066 1759 bqrum
1079 1682 1127 1744 rix
1139 1692 1319 1766 quemquam

152 1782 218 1847 lore
232 1792 389 1866 putamus,
410 1787 482 1868 quin
495 1787 533 1849 de
548 1786 728 1849 Graecorum
742 1785 1006 1865 Romanorumque
1020 1784 1154 1849 libertate
1170 1786 1319 1870 rebusque

155 1885 278 1969 publicis
292 1889 377 1970 longe
393 1890 477 1952 aliter
491 1908 580 1970 quarn
594 1889 635 1952 illi
649 1888 806 1952 semidocti
819 1888 935 1951 sentiat.
961 1887 1052 1950 llulta
1067 1886 1193 1953 Graecos
1208 1890 1319 1953 Roma-

158 2006 284 2071 nosque,
297 2008 389 2073 quum
402 2010 519 2054 summa
528 1990 662 2054 libertate
671 1990 850 2065 fruerentur,
861 1990 1009 2072 praeclare
1017 1991 1152 2071 gessisse,
1164 1991 1319 2074 ipsamque

157 2092 238 2156 illam
262 2093 429 2156 libertatem
455 2111 595 2176 magnum
614 2094 705 2156 fuisse
727 2093 905 2183 optimarum
925 2093 1033 2157 artium
1054 2094 1208 2158 stimulum
1230 2104 1318 2178 atque

156 2194 391 2272 incitamentum,
407 2197 436 2259 id
451 2215 523 2259 sane
533 2214 589 2260 nee
599 2214 656 2260 nos
667 2214 809 2277 negamus
821 2188 918 2277 neque
928 2215 945 2258 a
957 2215 1108 2277 quoquam
1120 2200 1219 2280 negari
1230 2219 1319 2282 posse

158 2299 357 2363 concedimus.
382 2299 421 2361 At
435 2299 585 2363 enimvero
599 2298 742 2363 lubricam
754 2298 830 2361 hanc
840 2306 871 2361 et
881 2298 1039 2380 ancipitem
1050 2299 1216 2363 libertatem
1226 2302 1319 2365 luisse

158 2402 378 2476 contendimus,
402 2420 438 2464 ex
458 2419 515 2482 qua
535 2420 603 2464 cum
623 2400 710 2465 bonis
732 2402 820 2463 etiam
840 2402 917 2464 mala
939 2409 1027 2483 atque
1049 2402 1237 2490 incommoda
1257 2423 1319 2468 non

157 2505 295 2587 pauciora
315 2512 539 2587 promanarunt,
561 2523 709 2586 quemque
730 2504 793 2567 sine
813 2504 923 2568 damno
944 2504 1051 2569 babere
1072 2505 1170 2568 nullus
1190 2508 1318 2589 populus

156 2608 215 2671 nisi
228 2609 264 2671 ad
279 2609 367 2671 breve
380 2616 499 2688 tempus
513 2607 655 2689 potuerit,
675 2606 788 2669 tamdiu
803 2607 926 2681 scilicet,
943 2608 1084 2689 quamdiu
1099 2627 1131 2671 se
1147 2609 1267 2691 dignum
1282 2630 1318 2673 ea

156 2717 320 2793 praestaret
339 2728 498 2792 veramque
517 2699 681 2773 libertatem
702 2710 739 2772 ab
758 2709 822 2771 eius
842 2710 915 2772 lalsa
936 2718 965 2772 ct
984 2710 1078 2773 fallaci
1093 2712 1190 2792 specie
1206 2713 1317 2776 discer-

156 2821 255 2889 neret,
275 2814 305 2877 id
325 2813 405 2894 quod
425 2812 559 2875 omnium
579 2811 783 2875 difficillimum
804 2831 838 2874 ac
852 2811 1037 2874 rarissimum
1053 2832 1120 2875 esse
1133 2822 1164 2876 et
1178 2814 1317 2880 historiae

156 2916 289 2999 exempla
304 2916 410 2979 docent
424 2922 454 2977 et
468 2922 579 2977 veteres
593 2914 753 2995 scriptores
768 2913 977 2996 sapientissimi
996 2933 1058 2977 uno
1078 2933 1129 2978 ore
1141 2927 1316 2998 queruntur.

157 3019 231 3082 llam
246 3023 318 3101 Jvera
338 3018 456 3099 quidem
475 3017 593 3080 libertas
613 3017 644 3079 in
659 3036 693 3080 eo
708 3023 827 3079 tantum
842 3024 969 3090 constat,
988 3025 1023 3079 ut
1036 3036 1126 3081 suum
1141 3021 1248 3102 cuique
1262 3022 1317 3085 tri·

155 3122 279 3194 buatur,
300 3120 357 3183 boc
377 3128 423 3183 est
441 3127 476 3183 ut
494 3138 586 3200 aequa
607 3119 646 3182 sit
664 3118 736 3182 iuris
756 3117 922 3181 distributio
937 3138 992 3199 pro
1008 3122 1150 3203 utriusque
1166 3120 1316 3204 dignitate,

156 3232 187 3289 et
213 3244 281 3289 eum
303 3224 428 3306 quisque
446 3223 477 3285 in
496 3241 529 3286 re
549 3222 664 3304 publica
682 3223 781 3285 locum
803 3220 949 3297 obtineat,
976 3241 1036 3304 quo
1057 3242 1089 3287 se
1109 3225 1231 3305 dignum
1251 3247 1316 3291 csse

155 3327 347 3409 praestiterim
377 3326 428 3388 sed
449 3325 485 3389 de
505 3326 568 3406 ipsa
587 3325 642 3387 hac
661 3323 815 3404 dignitate,
842 3343 901 3405 quo
922 3325 1011 3389 modu
1033 3327 1181 3390 aestimari
1202 3328 1316 3406 debeat,

156 3444 299 3511 perquam
321 3428 438 3492 difficile
458 3434 504 3491 est
522 3427 676 3500 iudicium,
700 3444 793 3508 quum
808 3426 855 3489 alii
869 3426 977 3490 avitam
991 3429 1106 3510 generis
1120 3429 1315 3509 nobilitatem,

155 3533 205 3596 alii
220 3531 350 3606 diritius,
370 3531 417 3595 alii
431 3530 570 3593 virtutem
585 3534 700 3591 tantum
716 3535 746 3591 et
760 3529 946 3609 prudentiam
962 3530 1087 3612 spectari
1103 3532 1219 3609 volunt,
1236 3533 1317 3597 unde

155 3636 219 3698 fleri
229 3652 291 3699 non
301 3641 401 3716 potest
412 3633 484 3715 quin
494 3632 664 3705 discordiae,
677 3631 839 3694 certamina
850 3632 1012 3714 turbaeque
1023 3633 1178 3696 intestinae
1189 3652 1316 3699 nascan-

155 3744 220 3813 tur,
247 3738 354 3818 quibus
379 3736 490 3799 nullam
510 3752 572 3798 nun
591 3734 738 3798 civitatem
758 3741 887 3796 veterem
910 3754 1085 3799 concussam
1106 3736 1266 3799 identidem
1287 3746 1317 3801 et

155 3843 313 3906 laceratam
334 3839 476 3903 ridemus.
506 3837 559 3900 llis
579 3835 789 3900 certaminibus
810 3836 904 3899 sicubi
923 3855 1043 3912 eorum,
1066 3838 1116 3918 qui
1130 3846 1181 3900 rut
1194 3847 1316 3921 propter

154 3943 337 4008 nobilitatem
353 3947 404 4004 aut
414 3947 535 4027 propter
545 3938 658 4002 diutius
668 3937 899 4021 praevaluerant,
913 3939 1045 4020 potentia
1057 3941 1148 4003 lracta
1159 3950 1232 4018 erat,
1247 3956 1315 4005 vera

155 4054 186 4109 et
198 4047 276 4110 insta
289 4043 408 4108 libertas
421 4044 453 4107 h.
469 4063 495 4105 e.
510 4041 581 4104 iuris
595 4041 784 4122 aequabilitas
796 4041 1006 4123 aliquantisper
1017 4043 1143 4105 fortasse
1156 4042 1314 4120 observari,

155 4166 328 4231 permanere
347 4153 446 4210 autem
466 4145 517 4208 diu
535 4160 682 4225 nusquam
703 4145 810 4224 potuit
840 4144 918 4207 Nihil
932 4145 1011 4207 eninr
1027 4145 1111 4207 citius
1126 4163 1160 4207 ac
1174 4146 1315 4227 frequen·

154 4252 216 4315 tius
225 4250 288 4314 lieri
298 4250 382 4327 solet,
399 4266 488 4331 quum
500 4254 534 4309 ut
545 4243 691 4327 dignitatis
702 4262 772 4307 suae
783 4245 908 4308 modum
918 4247 982 4328 ipse
992 4246 1049 4310 sibi
1060 4247 1184 4328 quisque
1194 4255 1314 4324 statuat,

155 4372 253 4436 neque
272 4361 419 4437 praestaro
440 4351 496 4414 sibi
514 4349 589 4412 alios
608 4364 703 4429 aequo
723 4348 822 4410 animo
841 4348 931 4424 ferat,
951 4350 1004 4412 sed
1018 4368 1120 4433 parem
1133 4350 1190 4414 sibi
1204 4351 1313 4427 locum,

153 4475 209 4541 par
224 4456 273 4522 ius
294 4475 364 4521 cum
384 4455 515 4540 quolibet
529 4451 585 4519 alio
601 4448 701 4513 deberi
715 4446 858 4527 clamitet;
878 4468 1029 4533 quumque
1043 4452 1139 4515 maior
1151 4470 1270 4536 semper
1283 4452 1315 4516 in

1073 4549 1113 4612 ¹*
