3154 5138
109 632 157 674 res
172 613 236 693 ipsa
252 616 359 694 arguit
405 616 481 690 Quid
497 625 543 678 est
559 618 636 679 enim
654 619 755 681 leuiter
765 624 875 701 posito,
897 623 1046 685 autetiam
1062 623 1177 696 iareim,
1194 624 1272 703 qnod

110 716 195 777 tabet
210 717 304 779 codex
320 717 542 797 Glogariensis?
557 720 689 781 Meliores
705 722 820 783 codices
836 742 929 805 neque
942 725 1132 806 copulativam
1148 725 1273 788 coniun-

1 864 2 869 1
110 818 237 881 ctionem
252 830 426 900 agnoscunt,
441 831 469 883 et
483 822 703 885 collocationem
722 826 879 887 verborum
900 826 1008 889 habent
1026 827 1115 889 hanc:
1136 825 1207 889 lade
1221 826 1273 888 n·-

110 922 157 982 des
168 927 267 1002 posito
287 923 389 986 keller
410 943 541 986 convena
560 928 687 998 videtur,
708 928 786 990 unde
810 929 1011 1006 Heindorfins,
1034 931 1141 992 inserta
1160 930 1272 1010 copula,

108 1026 230 1106 scripsit
241 1031 339 1107 posito
354 1039 382 1089 ει
394 1028 494 1089 leviter
509 1048 648 1090 convexo.
698 1031 754 1091 Sed
775 1031 862 1112 longe
876 1033 1062 1095 verisimilius
1076 1032 1202 1106 ridetur,
1214 1052 1272 1114 po-

107 1132 163 1188 rr‘to
177 1148 211 1190 ex
227 1134 325 1209 positu
340 1132 447 1192 lactum
463 1151 543 1207 esse,
559 1152 617 1212 quo
632 1143 751 1213 recepto
768 1135 854 1196 etiam
877 1154 1009 1198 eoeoeco
1023 1135 1129 1198 mutari
1144 1134 1270 1210 debebit,
1289 1146 1320 1197 13

107 1248 169 1292 non
184 1231 305 1312 quidem
321 1233 352 1294 in
367 1252 508 1307 corerrerco,
526 1236 603 1315 quod
620 1236 787 1316 complures
802 1238 919 1299 codices
934 1239 1070 1313 oderunt,
1086 1238 1137 1300 sed
1153 1237 1184 1299 in
1200 1256 1271 1300 coa·

106 1352 210 1407 oneo,
235 1336 485 1415 quemadmodum
506 1337 562 1399 iam
583 1338 726 1400 Bolaerius
741 1338 848 1413 voluit,
868 1358 1043 1420 quamquam
1064 1340 1135 1402 isin
1151 1340 1270 1421 reliquis

106 1454 168 1497 non
183 1438 309 1500 recessit
323 1459 339 1499 a
354 1438 465 1519 vulgata
481 1439 612 1500 lectione.
656 1439 767 1502 leviter
782 1459 924 1503 conuerso
938 1450 1033 1505 autem
1049 1450 1095 1504 est
1109 1442 1127 1504 i.
1140 1461 1168 1523 q.
1180 1442 1271 1524 poul-

106 1537 203 1599 totum
217 1539 360 1601 decimato
374 1552 402 1604 et
414 1541 571 1623 obliquato.

193 1643 265 1723 Cap.
281 1643 377 1719 xttV,
394 1646 462 1719 114,
477 1646 513 1707 de
528 1645 688 1707 Centauro:

313 1745 369 1808 Hic
385 1747 520 1809 ἀετειναεη
531 1767 668 1831 perperos,
685 1749 850 1831 quadrupes
864 1769 921 1831 quo
936 1761 1019 1813 ousta
1034 1761 1153 1823 teretur,

314 1847 415 1911 Tendit
426 1861 453 1911 et
465 1850 608 1913 illustrem
624 1849 804 1913 truculentas
819 1853 891 1914 redit
905 1854 944 1915 cd
958 1873 1053 1915 arom.

193 1950 284 2024 Quod
304 1949 335 2012 in
354 1951 488 2031 plurimis
507 1952 588 2014 libris
610 1954 638 2014 h.
660 1953 678 2013 l.
703 1960 731 2013 et
746 1952 777 2014 in
797 1954 907 2016 Arateis
929 1975 955 2016 v.
972 1957 1033 2018 454
1049 1956 1153 2035 legitur
1169 1957 1268 2029 coedit,

107 2053 246 2132 equidem
262 2053 367 2116 lalsum
383 2074 448 2117 esse
462 2055 567 2117 iudico.
612 2055 686 2115 Nam
705 2073 795 2134 quum
817 2057 904 2118 leram
926 2068 1060 2139 porrecta
1080 2060 1178 2121 dextra
1194 2058 1269 2119 Cen-

1 2224 2 2229 *
108 2162 209 2217 murus
230 2164 343 2235 portet,
363 2155 515 2219 immolare
536 2177 600 2219 eam
621 2156 665 2218 sic
683 2166 806 2237 portans
826 2159 905 2220 nullo
927 2161 1016 2222 modo
1037 2169 1149 2241 potest3
1175 2180 1270 2242 neque

108 2257 290 2319 tmeulentur
311 2258 483 2321 adiectivum
505 2260 576 2321 satis
596 2268 697 2339 aptum
720 2259 833 2321 videtur
853 2261 889 2322 de
915 2261 1108 2339 sacrificante,
1129 2263 1268 2344 quoniam

108 2360 273 2422 sacrificare
287 2361 402 2440 pietatis
417 2361 514 2442 potius
530 2380 617 2442 quam
632 2361 821 2424 truculentiae
836 2373 890 2425 εει.
920 2366 1012 2446 Atque
1020 2368 1095 2428 hanc
1102 2367 1140 2428 ola
1149 2385 1269 2428 cansam

106 2478 144 2522 ne
161 2461 327 2524 Heindorlli
347 2464 465 2543 quidem
485 2463 734 2537 emendationem,
753 2477 785 2526 ot
803 2466 945 2529 illustrem
970 2468 1150 2531 truculentus
1169 2470 1269 2531 caedet

108 2565 146 2625 od
161 2584 260 2639 orum,
276 2566 408 2645 quamvis
424 2566 591 2647 ceteroquin
604 2567 779 2647 speciosam,
796 2570 1030 2649 recipereausus‚
1044 2591 1205 2652 paucorum
1215 2572 1268 2634 sed

108 2668 258 2732 honorum
276 2670 409 2733 codicum
426 2671 579 2733 lectionem
596 2672 668 2733 cedit
678 2671 816 2751 praetuli,
838 2672 884 2733 cui
900 2674 977 2753 quod
994 2673 1030 2736 ab
1045 2674 1153 2736 Orellio
1171 2693 1267 2754 oppo-

1 2850 2 2853 ,
108 2772 199 2845 nium,
221 2774 355 2853 putidam
374 2793 439 2836 esso
459 2773 660 2854 repetitionem
681 2773 813 2834 eiusdem
834 2773 926 2847 verbi,
946 2811 988 2820 -
1002 2776 1148 2856 praecedit
1174 2776 1267 2838 enim:

109 2874 187 2937 Cedit
200 2880 268 2957 equi
277 2887 380 2957 portes
391 2894 558 2957 properans
572 2876 745 2956 subiungere
761 2875 861 2949 chelim
877 2912 918 2923 —
934 2878 1009 2938 malo
1025 2896 1078 2957 ego
1095 2878 1267 2940 Ciceronem

109 2978 205 3040 minos
221 2980 369 3059 eleganter
382 2980 473 3060 loqui,
488 2999 575 3061 qoam
591 2979 750 3060 pugnantia
766 2979 870 3042 dicere.
901 2980 973 3042 Nam
990 2990 1134 3062 pugnant,
1150 2990 1183 3045 ut
1198 2982 1266 3054 dixi,

110 3079 182 3143 lerre
196 3080 320 3143 bestiam
336 3091 469 3163 porrecta
486 3084 584 3145 deutra
599 3093 629 3144 et
643 3084 769 3145 caedere.

192 3184 262 3266 Cap.
278 3184 388 3259 xtvtt
408 3185 638 3248 larzonem
655 3204 781 3267 quaeqae
795 3206 898 3266 periere
915 3200 1115 3267 permaneant.
1159 3189 1267 3250 lmme·

111 3284 164 3347 rito
180 3287 317 3349 codicum
326 3286 506 3367 optimorum
516 3287 599 3349 lectio
611 3299 786 3369 permenam
799 3289 835 3350 ab
848 3289 986 3351 omnibus
999 3290 1159 3352 editoribus
1172 3300 1268 3371 spreta

110 3397 161 3449 est.
206 3390 284 3451 llam
303 3408 364 3451 non
384 3408 449 3451 raro
471 3389 514 3451 sie
528 3389 630 3451 Cicero
651 3389 682 3451 in
701 3390 759 3453 hoc
774 3410 878 3471 genere
893 3401 1057 3455 structurae
1071 3394 1149 3455 verbi
1162 3412 1267 3455 nume-

1 3487 2 3494 '
109 3509 174 3553 rom
189 3493 225 3554 ad
242 3493 418 3574 singularem
434 3493 619 3574 pronominis
635 3493 666 3554 in
679 3493 783 3555 eodem
797 3496 928 3557 membro
940 3495 1039 3575 positi,
1056 3514 1142 3576 quam
1154 3497 1189 3557 ad
1201 3496 1268 3576 plu·

107 3596 199 3657 ratem
216 3595 347 3658 nominis
363 3597 394 3657 in
409 3596 561 3676 superiore
576 3594 709 3657 membro
726 3597 918 3660 accomodare
932 3597 1043 3671 maluit,
1060 3617 1116 3678 qua
1128 3598 1164 3659 de
1176 3618 1207 3661 re
1219 3617 1268 3660 sa·

108 3696 144 3759 tis
159 3698 272 3761 dictum
288 3707 333 3759 est
347 3718 362 3762 a
377 3698 519 3778 Madvigio
535 3699 571 3760 ad
588 3700 618 3759 C.
635 3699 670 3759 de
686 3698 770 3760 Finn.
786 3719 814 3779 p.
832 3700 902 3762 693.

193 3801 264 3882 Cap.
280 3800 379 3876 XLIX,
398 3800 471 3862 tat:
484 3801 589 3862 dicitnr
603 3801 639 3861 de
654 3801 772 3881 platalea
788 3802 884 3863 eibum
897 3812 1051 3882 quaerente
1066 3822 1099 3865 ex
1112 3801 1147 3865 iis
1157 3803 1267 3876 aribus,

107 3924 181 3985 quae
196 3924 229 3967 se
244 3905 273 3966 in
291 3904 363 3966 mari
379 3910 526 3983 mergant:
547 3903 680 3965 advolare
701 3904 778 3965 enim
799 3904 833 3966 ad
854 3925 914 3979 eas,
937 3924 1027 3985 quum
1044 3906 1155 3986 piscem
1172 3906 1268 3986 cepis·

107 4017 187 4081 sent,
203 4015 234 4068 et
252 4027 361 4089 „eraque
380 4026 411 4070 eo
429 4025 563 4088 premere
583 4026 685 4069 eorum
701 4010 797 4087 eapite
810 4008 967 4079 mordicus,
985 4010 1053 4071 dum
1068 4008 1137 4070 illae
1152 4019 1269 4089 coptum

108 4115 281 4183 omitterent,
297 4112 328 4172 id
343 4110 420 4192 qood
433 4114 498 4191 apso
511 4110 698 4172 invaderem.
742 4109 809 4170 Non
829 4110 920 4171 modo
935 4111 1109 4190 probabilis,
1130 4120 1164 4173 nt
1178 4111 1268 4173 llein·

1 4231 5 4236 ’
20 4230 21 4235 ’
108 4213 222 4276 (lortius
233 4215 280 4290 ait,
297 4214 350 4275 sed
364 4231 490 4294 prorsus
505 4212 670 4276 necessaria
684 4220 729 4274 est
743 4211 870 4274 Wallreri
885 4214 1048 4275 emendatio
1064 4218 1096 4275 ira
1114 4215 1190 4295 qnod
1205 4217 1268 4295 ipso

106 4317 272 4388 invaderet,
289 4334 376 4397 qnam
401 4335 417 4377 a
439 4314 518 4376 nullo
539 4314 649 4377 editore
663 4323 809 4395 receptam
826 4335 892 4376 esse
907 4315 969 4377 iure
983 4315 1108 4378 mireris.
1153 4316 1223 4377 Nam
1239 4316 1270 4375 id

107 4420 186 4503 quod
199 4437 296 4500 neque
311 4419 414 4483 Cicero
430 4436 525 4498 neque
539 4418 694 4499 quisquam
709 4418 806 4481 bonus
821 4418 949 4499 scriptor
964 4418 1046 4491 dicit,
1060 4418 1116 4480 nisi
1133 4417 1178 4478 his
1194 4417 1268 4478 doo-

149 4522 198 4585 lll.
734 4510 745 4535 ³
1028 4520 1069 4579 22
