3222 5148
820 465 969 565 -a-oo-

316 657 374 719 dm
391 657 548 739 particulae
562 657 715 719 fatendum
730 654 796 724 erit,
811 663 872 727 aut,
887 655 912 717 ai
928 656 994 736 quia
1008 656 1065 719 boc
1079 656 1162 729 nolit,
1177 664 1255 720 certe
1269 674 1331 720 non
1346 675 1475 721 mercae

315 761 487 841 simpliciter
511 760 704 841 copulativam
731 776 810 830 ease,
837 757 889 819 aed
914 757 1158 838 superadditivam
1181 760 1402 840 quodammodo
1423 768 1474 822 aut

315 864 572 942 augmentativam,
600 861 694 942 qualia
719 867 765 922 eat
790 859 820 920 in
846 864 946 921 noatm
972 860 1179 923 coniunctione
1197 863 1306 935 auch,
1331 880 1387 924 nec
1405 880 1492 947 raro⁸

314 966 403 1027 etiem
419 965 450 1026 in
464 983 566 1045 graeca
581 957 648 1038 καί,
664 981 791 1044 quacum
807 962 884 1024 banc
898 962 1018 1023 latinam
1034 963 1121 1024 etiam
1138 971 1260 1045 propter
1273 964 1373 1046 atirpia
1387 964 1472 1027 aimi-

314 1066 468 1128 litudinem
495 1083 665 1147 comparare
685 1064 762 1126 licet.
792 1064 824 1125 ld
846 1080 906 1143 quo
926 1063 1026 1125 minua
1042 1063 1234 1143 improbabile
1248 1066 1394 1139 videauar,
1419 1067 1473 1129 ad·

312 1186 436 1231 monere
456 1176 555 1250 poteat
574 1167 771 1246 hodieque,
796 1165 875 1245 quod
895 1165 963 1243 quid
986 1174 1032 1228 eat
1050 1166 1129 1228 aliud
1144 1184 1232 1247 quarn
1248 1168 1358 1231 bodie
1379 1187 1472 1249 quo·

314 1289 396 1352 que,
412 1271 522 1333 etiam
537 1270 662 1342 bodie,
678 1264 737 1329 καὶ
758 1261 965 1351 σήμερονο)1

396 1373 491 1434 Etiam
507 1373 538 1433 in
551 1373 674 1451 itaque
688 1387 749 1433 non
764 1388 832 1432 raro
847 1370 986 1450 ambigna,
1002 1388 1077 1451 quaa
1091 1371 1135 1432 via
1146 1372 1307 1452 particulae
1317 1373 1471 1437 tribuenda

311 1474 360 1537 ait.
398 1475 514 1536 Veteres
540 1473 661 1554 quidem
686 1472 867 1551 grammatici
892 1472 1013 1535 divaraia
1039 1474 1135 1535 modia
1160 1475 1345 1555 pronuntiari
1369 1476 1470 1538 volunt

312 1576 455 1658 itaqua,
481 1582 566 1638 acuta
585 1574 762 1657 penultima,
784 1574 836 1635 ubi
856 1582 886 1635 et
906 1575 1024 1655 propria
1042 1574 1169 1637 adverbii
1187 1575 1237 1637 ita
1253 1576 1425 1656 significatio
1439 1586 1470 1639 at

311 1679 354 1741 via
381 1677 539 1758 particulae
560 1676 722 1755 copulativa
748 1676 904 1738 manifesta
925 1676 977 1750 ait,
1004 1677 1234 1757 antepenultima
1254 1686 1353 1740 autem
1375 1688 1469 1753 acuta,

312 1781 450 1859 itaque,
474 1779 526 1840 ubi
546 1795 600 1858 pro
619 1777 827 1840 coniunctione
846 1779 885 1839 ait
905 1779 1053 1840 collectiva
1072 1779 1117 1840 vel
1130 1780 1280 1852 rationali,
1301 1781 1333 1842 iu
1346 1800 1406 1862 qua
1420 1782 1470 1843 ad·

311 1883 401 1945 ditum
427 1880 600 1961 particulam
626 1879 699 1940 nibil
723 1879 780 1940 niai
805 1878 970 1959 syllabicam
992 1881 1141 1960 epectaain
1162 1899 1227 1942 esee
1242 1883 1468 1963 opinantem).

310 1983 401 2064 Atqui
425 1999 487 2045 non
511 1983 602 2045 modo
621 1982 800 2046 collectivam
823 1982 900 2042 banc
919 1983 964 2042 vel
982 1981 1155 2044 rationalem
1176 1982 1421 2063 significationem
1435 2004 1470 2047 ax

310 2086 357 2150 illa
383 2086 538 2148 adverbiali
563 2094 662 2149 natam
684 2104 748 2148 eme
766 2093 901 2164 apparet,
927 2085 980 2147 aed
994 2103 1140 2166 perpauca
1154 2085 1242 2147 etiam
1256 2086 1345 2149 buiua
1358 2088 1469 2168 aiquili-

310 2189 432 2253 cotionia
458 2190 591 2269 exempla
606 2188 692 2261 aunt,
716 2187 746 2249 in
762 2187 868 2266 quibua
884 2203 943 2248 non
958 2194 1037 2249 reete
1051 2195 1140 2268 atque
1154 2189 1364 2252 convenienter
1378 2209 1469 2271 copu-

217 2268 226 2285 '
309 2293 367 2353 am
392 2291 520 2352 naama
547 2308 612 2352 aaa
627 2289 747 2362 orrens,
769 2287 877 2369 cuppa
897 2289 981 2350 curus
1000 2290 1044 2351 va
1058 2289 1196 2363 mesta,
1218 2299 1260 2363 ut
1276 2301 1467 2373 posteaquam

309 2392 417 2473 aliquid
442 2411 506 2453 eaae
527 2393 638 2453 dictum
657 2398 712 2462 eat,
733 2389 870 2470 adiungat
883 2390 983 2451 atatim
993 2390 1087 2453 etiam
1101 2392 1173 2472 quid
1188 2392 1258 2455 binc
1272 2403 1469 2475 consequntur

308 2501 360 2558 aut
378 2501 570 2557 consecutum
590 2494 647 2571 cita
664 2492 872 2572 consequentia
892 2500 991 2555 autem
1007 2510 1077 2554 cum
1090 2493 1135 2566 iia,
1151 2495 1230 2556 unda
1245 2506 1468 2576 mnaequuutur

308 2603 360 2660 aut
381 2595 488 2678 quibua
508 2595 644 2657 adiuncta
663 2602 743 2667 aunt,
762 2596 851 2657 etiam
866 2611 920 2677 per
933 2594 1128 2674 copulativam
1143 2597 1315 2676 particulam
1330 2598 1468 2680 coniungi

308 2715 369 2760 non
391 2716 462 2760 aona
481 2698 590 2760 mirum
611 2704 672 2770 eat,
695 2697 817 2778 fierique
837 2696 961 2779 proinde
976 2696 1007 2757 in
1022 2696 1127 2776 quovia
1141 2716 1280 2761 aermone
1294 2699 1379 2761 eclet
1408 2700 1469 2764 llec

307 2802 415 2863 deaunt
434 2799 505 2873 loci,
525 2799 557 2861 in
579 2799 684 2879 quibua
698 2799 776 2861 baud
792 2799 890 2878 inepte
906 2817 974 2879 que
987 2799 1019 2861 iu
1034 2799 1160 2879 itaqua
1174 2801 1193 2860 i.
1209 2820 1238 2882 q.
1255 2819 1401 2882 quoquo
1415 2821 1467 2865 va·

307 2902 368 2964 lere
388 2901 495 2964 dixeris
504 2904 515 2941 ¹
525 2902 563 2979 ¹),
585 2902 619 2962 ba
631 2920 657 2962 e.
679 2918 740 2963 uon
754 2900 925 2980 simpliciter
938 2901 1137 2981 copulativum
1150 2901 1203 2964 aed
1218 2902 1466 2985 superadditivum

306 3023 381 3067 eaae.
411 3003 497 3065 Talea
517 3010 631 3077 autem,
650 3004 681 3064 iu
695 3002 801 3083 quibua
816 3002 888 3066 nibil
903 3002 1065 3083 significare
1080 3003 1239 3066 dicendum
1253 3005 1309 3081 ait,
1329 3005 1378 3068 vix
1390 3005 1466 3069 uiloa

306 3105 431 3168 inveniri
444 3105 580 3168 arbitror.

374 3274 400 3336 0)
419 3274 479 3324 Cum
496 3274 553 3324 aliia
569 3272 698 3323 vocabulis
711 3287 766 3340 quc
777 3273 825 3322 boc
837 3287 913 3323 aenan
926 3273 1090 3339 compoaitum
1104 3288 1152 3322 nou
1165 3272 1302 3337 iuvenitur,
1315 3290 1395 3343 neque
1406 3292 1465 3343 pro·

305 3359 360 3411 bari
371 3365 456 3426 pcteat
468 3359 559 3425 quoda
571 3358 660 3409 Botbic
673 3365 700 3409 ct
712 3357 880 3409 Lindeuauuo
892 3358 957 3422 apud
971 3357 1087 3410 Plautum
1100 3356 1155 3407 ltu.
1167 3355 1201 3423 gl.
1211 3356 1254 3422 lV,
1263 3361 1288 3422 4,
1298 3359 1331 3410 30
1344 3360 1465 3427 acciptuu

305 3451 357 3495 cat:
376 3442 484 3507 „Nunc
502 3444 564 3495 tibi
581 3442 787 3510 viciaaimqua
803 3442 973 3507 imperabo.
1001 3440 1045 3492 Pl.
1062 3440 1197 3493 Dicito.“
1225 3442 1351 3495 Provocat
1367 3445 1465 3510 quidam

303 3527 502 3593 Lindemauuua,
518 3535 548 3579 ut
564 3527 771 3592 viciaaimqua
788 3542 836 3592 pro
848 3526 991 3578 viciaaim
1003 3542 1123 3592 quoquc
1134 3527 1184 3578 dici
1196 3528 1310 3595 potuiaaa
1322 3528 1422 3594 prabet,
1433 3529 1464 3580 ad

305 3610 383 3664 Grcu.
395 3613 426 3663 ad
438 3611 495 3664 biv.
511 3613 535 3677 1,
547 3612 580 3663 28
591 3621 619 3664 et
631 3614 687 3664 intt
700 3614 730 3664 ad
743 3612 775 3676 V,
787 3614 830 3677 2'l,
843 3615 866 3678 1,
878 3614 990 3679 adeoque
1002 3614 1034 3664 ad
1045 3613 1141 3677 lexica3
1153 3615 1198 3665 aad
1211 3628 1257 3665 nec
1266 3612 1313 3680 llll,
1327 3630 1373 3666 nec
1382 3613 1462 3665 lexico

304 3698 329 3749 id
351 3698 455 3762 docent,
476 3713 549 3763 quum
567 3699 598 3750 dc
613 3697 766 3763 hodieque
782 3704 878 3749 tautum
890 3699 1034 3763 loquantur.
1056 3697 1142 3750 Poaait
1153 3706 1237 3750 autom
1248 3697 1359 3751 tortum
1371 3697 1462 3765 aliquia

303 3797 401 3847 neque
417 3784 466 3834 boc
481 3784 597 3847 trabere,
614 3783 703 3850 quippe
719 3783 785 3848 qood
798 3797 978 3848 nonnumquam
991 3784 1028 3834 aic
1040 3789 1184 3850 usurpetur,
1200 3789 1229 3834 ut
1240 3799 1286 3849 pro
1299 3799 1357 3834 nou
1369 3785 1463 3836 ctiam

303 3866 384 3931 accipi
396 3868 486 3932 poaalt
510 3865 548 3919 Gi.
561 3864 646 3919 Kritz.
659 3868 690 3917 ad
702 3868 764 3920 Sall.
779 3865 831 3934 loq.
844 3883 867 3920 o.
880 3868 922 3931 08,
934 3870 962 3931 43
977 3883 1023 3919 nec
1035 3865 1085 3918 alia
1097 3868 1188 3919 deauut
1199 3867 1322 3935 exempla,
1334 3868 1359 3919 iu
1372 3869 1462 3934 quibua

303 3966 360 4016 quc
378 3952 444 4003 baud
465 3952 539 4017 longo
556 3954 588 4004 ab
605 3954 652 4003 bac
670 3953 709 4016 vi,
729 3958 758 4003 ut
769 3953 804 4003 ait
814 3951 868 4003 iero
880 3953 897 4005 i.
909 3968 933 4018 q.
945 3967 1079 4018 quoquc,
1101 3952 1191 4004 oleata
1203 3952 1310 4004 dixerit.
1334 3950 1374 4004 01.
1387 3952 1461 4007 ocu

301 4035 411 4088 Excora.
431 4038 462 4088 ad
482 4037 564 4090 'l'acit
580 4037 667 4104 Agrio.
683 4055 706 4105 p.
721 4038 778 4089 251.
802 4037 875 4105 Apud
892 4038 1008 4089 Plautum
1028 4052 1091 4089 vero
1107 4037 1219 4089 dubitari
1235 4038 1322 4103 nequit
1334 4037 1394 4103 qalu
1406 4051 1461 4089 oon

301 4119 440 4173 llitacbalio
453 4130 479 4174 et
490 4120 655 4174 Flackciaeuo
667 4123 825 4174 acribaudum
836 4123 883 4175 ait:
905 4139 1005 4189 „nuuc
1025 4122 1088 4174 tibi
1109 4122 1256 4175 viclaalru
1276 4132 1352 4188 quae
1368 4122 1461 4189 impe·

301 4206 378 4259 rabo
391 4207 537 4259 discito.“

372 4290 413 4355 10)
431 4289 469 4342 Cf.
490 4290 612 4343 Priaciuu.
624 4291 657 4358 V,
673 4292 706 4345 05
726 4309 751 4361 p.
765 4293 822 4360 182,
843 4293 915 4346 tdat
928 4293 986 4358 181,
1006 4292 1040 4344 22
1052 4306 1106 4359 aqq.
1129 4290 1199 4356 xvi,
1221 4291 1252 4344 11
1265 4306 1291 4358 p.
1305 4291 1362 4359 100,
1376 4291 1459 4344 ibela

301 4383 398 4428 amant.
411 4392 434 4443 p.
449 4376 497 4428 521
512 4378 545 4428 lu.

372 4460 415 4527 11)
432 4459 470 4514 Gi.
482 4461 563 4514 llaud.
574 4462 685 4517 Turseli.
698 4462 731 4515 lll
743 4479 767 4529 p.
778 4463 828 4515 508
841 4462 856 4528 ξ
869 4462 894 4515 3.
