3190 5136
667 443 726 505 149

105 639 209 693 mento
237 623 426 705 ταλαίναις.
472 631 508 693 ln
535 629 663 692 lledioeo
691 626 755 716 φοῦ
774 623 932 707 ταλαίνας
952 644 1002 697 out
1022 633 1086 722 φεύ
1106 629 1278 714 ταλαίναις

105 752 171 796 ωτι
185 733 310 809 dicitur,
324 744 440 807 ortum,
456 742 491 796 ut
504 733 643 807 arbitror,
657 751 693 795 cx
707 727 951 819 φιλταλαίναις,
966 755 1057 818 quum
1069 739 1164 802 soliha
1179 760 1276 804 avere

107 835 250 898 romhnln
266 836 303 899 ad
317 835 382 899 eius
397 836 690 917 interpretamentum
704 835 850 899 aberraret
868 845 898 900 ct
912 838 956 901 sie
970 847 1127 922 utrumque
1140 842 1274 906 inunum

106 938 261 1001 conflaret
291 938 325 1000 ln
339 937 554 1019 antistrophioo
570 947 667 1002 anum
682 939 747 1001 sine
761 939 850 1001 duhio
864 940 1053 1006 scribendum
1067 953 1113 1007 est

312 1037 509 1120 μελοτυπεῖς
530 1031 666 1122 δίμουό
687 1035 722 1105 tr
743 1031 879 1127 ὀρθίοις
892 1037 1018 1124 νόμοις.

106 1143 181 1206 Nem
197 1132 332 1224 ἔμουσα
346 1142 524 1207 Cassandrae
537 1144 671 1207 ratidnie
684 1144 822 1208 diosmtrn
835 1146 937 1208 eadem
951 1148 1077 1226 ratione,
1091 1169 1148 1232 qua
1164 1152 1275 1232 Sphin-

107 1245 151 1326 gis
169 1247 301 1310 musto
321 1247 483 1326 aenigmata
503 1238 731 1328 δμουσόταται
753 1238 842 1333 picot
863 1250 939 1330 apud
959 1250 1142 1334 Euripidem,
1161 1253 1274 1318 Phoen.

107 1368 133 1410 r.
147 1348 224 1412 814.
251 1339 405 1429 Ὀρθίσις
417 1349 589 1431 disyllabum
604 1359 650 1412 est
662 1369 716 1431 per
730 1351 883 1433 synizesin.

189 1451 263 1513 ilex
276 1449 453 1525 Cassandra,
467 1460 625 1533 postquam
639 1460 736 1516 vetera
745 1453 953 1536 Pelopidarum
968 1457 1077 1520 scelera
1091 1477 1274 1525 commemo-

105 1553 190 1628 mit,
206 1553 336 1615 chorum
352 1554 506 1634 compellat
518 1555 718 1636 interrogans:
739 1547 897 1640 ἥμαρτον,
919 1547 943 1641 ἢ
962 1556 1060 1644 θηρῶ
1080 1581 1116 1624 τι
1136 1557 1274 1649 τοξότης

105 1677 156 1732 τις
176 1650 240 1733 δίςς
261 1645 287 1741 ἢ
306 1649 532 1738 ψευδόμαντίς
553 1650 624 1737 σίμι
638 1653 834 1742 θυροκόπος
848 1656 995 1747 piston
1014 1662 1044 1725 h.
1060 1682 1085 1726 e.
1101 1665 1185 1745 quid
1200 1665 1273 1729 ais?

105 1777 261 1822 reraxne
287 1757 354 1821 tihi
379 1777 461 1821 esse
486 1760 623 1836 videor,
649 1780 691 1823 an
716 1761 863 1824 mendax
889 1771 923 1824 et
949 1762 1055 1828 vana?
1107 1774 1194 1849 utque
1226 1768 1272 1831 his

105 1863 211 1925 deinde
226 1860 421 1941 subiungier.
440 1863 534 1924 1155;

310 1957 554 2050 ἐκμαρτύρησον
574 1958 810 2051 προύμύσας
830 1960 871 2031 τό
892 1959 925 2049 μ’
949 1960 1072 2033 εἰδέναι

308 2059 396 2151 λόγῳ
419 2062 568 2143 παλαιὰς
587 2060 682 2132 τῶνδ’
703 2061 867 2154 ἁμαρτίας
889 2064 1009 2150 δόμων.

103 2188 174 2251 quae
188 2169 282 2233 rsrha
298 2170 369 2250 quin
384 2178 522 2251 corrupte
537 2173 597 2235 siut
611 2170 733 2235 dubium
747 2191 889 2235 essenon
907 2181 1015 2253 potest
1044 2175 1214 2240 Absurdum
1228 2190 1273 2242 est

102 2273 180 2334 enim
194 2272 369 2353 postulare,
384 2281 418 2335 ut
431 2274 540 2336 choros
555 2275 666 2338 iuratus
685 2275 887 2339 testimonium
903 2275 994 2352 dieat,
1013 2278 1109 2358 ipsam
1128 2298 1177 2356 ea,
1198 2300 1272 2363 qnae

101 2375 260 2451 cecinerat,
276 2376 352 2438 frma
373 2378 533 2458 accepisse,
547 2371 636 2462 λόγῳ
659 2370 797 2442 stodor:
811 2396 881 2442 nam
894 2397 990 2460 neque
1004 2381 1080 2444 scire
1091 2382 1199 2446 chenus
1214 2403 1270 2465 po-

104 2488 172 2553 test,
186 2480 310 2541 imane
323 2487 443 2560 accepta
462 2498 500 2542 au
515 2480 651 2543 divinitus
670 2482 812 2562 inspirata
827 2482 977 2557 cecinerit,
991 2492 1020 2546 et
1034 2484 1060 2545 si
1076 2485 1180 2548 cecinit
1194 2487 1270 2550 fama

101 2590 235 2662 accepts,
253 2598 319 2643 non
337 2581 396 2644 iam
415 2591 508 2659 vates,
530 2584 643 2664 qualem
664 2603 697 2646 se
715 2603 781 2647 esse
799 2585 939 2659 affirmet,
959 2587 1013 2648 sed
1032 2586 1105 2649 nihil
1123 2588 1270 2652 diremaa

100 2685 208 2767 queris
223 2685 350 2746 relatore
363 2684 469 2748 veteris
488 2687 647 2749 memoriae
665 2686 819 2749 ridebitur.
848 2688 944 2767 Atque
962 2689 1050 2751 etism
1070 2690 1096 2751 si
1111 2709 1180 2752 cnm
1194 2691 1269 2754 ller-

100 2805 213 2849 manno
233 2787 348 2849 scribas
368 2783 408 2850 τδ
429 2783 476 2872 μὴ
500 2781 637 2864 σίδύναι,
653 2798 766 2869 partem
786 2789 904 2869 quidem
924 2793 1119 2872 corruptelae,
1134 2793 1269 2856 nondum

99 2899 199 2952 tamen
226 2898 323 2951 totam
355 2891 518 2953 sustuleris.
563 2892 638 2954 Nam
664 2882 861 2974 apodicticae
880 2888 921 2955 τδ
941 2890 987 2978 μη
1010 2886 1134 2959 εἰδέναι
1155 2912 1218 2957 nou
1244 2896 1269 2958 is

97 2993 154 3056 dici
165 3001 285 3074 potest,
303 2993 354 3072 qui
372 2993 509 3068 alterum,
528 2995 581 3056 sed
602 2995 627 3057 is
643 3002 772 3064 tantum,
795 2993 845 3075 qui
865 3003 959 3058 semet
972 2996 1069 3077 ipsum
1085 2997 1200 3060 nescire
1215 2998 1269 3062 ali·

97 3096 169 3177 qnid
189 3095 286 3158 iuret:
307 3103 339 3157 ut
358 3096 430 3157 nihil
444 3096 539 3159 (licem
560 3097 595 3158 de
615 3096 737 3159 nririhea
755 3097 820 3159 talis
840 3097 913 3160 iuris
932 3098 1046 3161 iurandi
1061 3100 1267 3180 postrdationc.

95 3199 264 3281 Aeschylus
278 3198 399 3279 scripsit
412 3191 655 3284 ἐκμαρτύρησον
676 3190 894 3284 πορύμοσιίση
916 3196 961 3285 μή
985 3193 1110 3264 εἰδέναι
1132 3238 1175 3249 -
1198 3203 1227 3265 h.
1243 3223 1267 3280 e,

95 3310 133 3362 tu
159 3301 254 3362 mihi
279 3301 389 3364 testis
414 3310 492 3364 esto
520 3303 598 3381 (scil.
618 3311 718 3365 unum
738 3321 803 3364 vera
822 3320 861 3364 an
876 3303 947 3365 lalss
966 3304 1056 3383 sim),
1076 3313 1268 3386 postquam

3 3384 5 3417 ⁵
94 3403 161 3465 tihi
181 3404 429 3480 affirmavero,
445 3424 499 3467 me
516 3404 607 3467 nihil
626 3405 779 3467 istarum
797 3423 918 3468 rerum
932 3408 1025 3469 ioma
1045 3416 1267 3489 compertum

93 3506 244 3568 hebere„
277 3505 392 3569 Scilicet
410 3508 482 3571 hoec
504 3507 657 3571 affirmatio
678 3508 709 3570 in
723 3508 771 3570 his
785 3507 859 3589 ipsis
875 3508 973 3570 verbis
986 3510 1070 3572 inest
1099 3511 1144 3573 hd
1159 3513 1267 3593 loquu-

93 3608 213 3670 tionem
228 3607 358 3670 coniemi
382 3618 482 3690 potest
500 3629 525 3671 ν.
549 3610 644 3672 1143:
674 3604 733 3673 καὶ
754 3610 947 3695 μαρτυριῖτσ
968 3604 1158 3694 συνδρόμως
1178 3605 1268 3693 ἴχνος

91 3707 212 3774 κακῶν
239 3705 457 3798 ῥινηλατούσῃ
483 3708 550 3774 τῶν
575 3705 684 3774 πύλαι
706 3706 955 3797 πεπραγμένων.
979 3747 1021 3757 -
1039 3702 1268 3799 Ἐκμαρτνρσῖν

89 3832 150 3894 pro
164 3812 349 3897 μαρτυρεῖν
370 3815 406 3877 de
419 3815 596 3896 praesentis,
610 3833 686 3889 non,
701 3825 733 3877 nt
746 3815 778 3877 in
793 3814 904 3877 forensi
920 3833 1071 3891 sermone,
1086 3818 1124 3882 de
1136 3816 1266 3881 absentis

88 3915 274 3980 testimonio
289 3934 351 3978 non
364 3917 461 3979 solum
475 3917 636 3998 Aeschylus
652 3916 722 3978 dixit
735 3916 820 3978 Eum.
835 3936 861 3979 v.
877 3917 953 3992 453,
973 3918 1025 3980 sed
1044 3919 1131 3981 etiem
1145 3920 1266 3983 Aeschi-

90 4038 147 4081 nes
169 4020 207 4080 in
227 4017 377 4080 Timarch.
397 4038 427 4100 p.
450 4019 566 4097 111111
589 4020 680 4097 107),
700 4018 750 4083 uhi
769 4026 847 4083 reete
867 4020 1041 4083 scholiastes
1059 4022 1266 4103 iuterpretstrn·

90 4115 243 4205 ἐκφῆναι
266 4114 328 4182 διὰ
348 4113 538 4203 μαρτυρίας.
551 4156 592 4167 -
607 4122 777 4203 Respondet
791 4123 913 4185 chorus:
928 4118 986 4185 καί
1001 4118 1076 4199 πῶς
1090 4113 1131 4186 δν
1145 4116 1264 4208 ὅρκου

93 4220 218 4305 πῆγμα
239 4216 396 4304 γενναίως
422 4217 528 4305 παγὲν
549 4217 715 4287 παιώνιον
736 4225 879 4307 γένοιτος
903 4226 931 4287 h.
962 4245 986 4287 e.
1019 4243 1080 4289 nou
1107 4227 1163 4290 sihi
1189 4246 1265 4308 opus

9 4350 18 4413 ρ
96 4342 164 4387 esse
177 4325 324 4405 signifieat
338 4325 520 4389 Cassandrae
533 4327 738 4402 affirmatione,
753 4328 893 4408 quoniam
902 4328 975 4390 nihil
990 4348 1025 4391 ex
1036 4346 1072 4390 eo
1088 4327 1183 4390 solitii
1197 4346 1265 4408 per-

18 4466 22 4481 ·
102 4436 239 4509 neptunus
258 4429 311 4505 sit,
330 4427 358 4492 si
378 4427 416 4490 de
434 4428 553 4491 veritato
572 4429 634 4492 eins
653 4428 886 4510 praedictionum
905 4429 960 4492 sihi
981 4447 1156 4511 persuasum
1171 4428 1264 4491 inerit
