3284 5152
855 489 1006 586 233-

350 695 407 759 que
421 676 553 759 plerique
567 676 654 740 vitam
670 694 790 741 omnem
806 675 842 739 ab
852 675 1104 740 administratione
1114 676 1157 739 rei
1168 674 1300 758 publicae
1311 676 1397 758 longe
1408 694 1510 741 remo·
1612 680 1613 699 ¹

348 786 410 842 tam
426 779 590 854 habuerint,
606 779 661 841 sibi
676 785 775 842 tamen
790 798 939 842 summam
950 785 1052 842 rerum
1062 778 1195 861 permitti
1205 797 1317 860 suraque
1328 779 1443 854 iudicia,
1459 787 1510 844 aut

349 882 503 965 opiniones
517 883 615 963 potius
630 888 661 945 et
671 882 845 965 cupiditates
855 881 921 963 plus
932 882 1027 945 valere
1036 882 1196 963 postulent,
1212 900 1301 963 quam
1316 883 1508 965 probatorum

348 984 480 1048 virorum
495 985 623 1059 consilia,
640 1003 715 1066 quos
729 985 807 1065 regis
822 984 1004 1065 providentia
1018 984 1207 1046 administros
1222 983 1278 1046 sihi
1297 983 1383 1066 elegit
1401 985 1509 1065 guber·

348 1088 518 1169 nemusque
533 1087 672 1160 admovit,
687 1105 788 1150 rerum
803 1106 860 1150 usu
875 1096 906 1151 et
917 1088 1094 1168 experientia
1109 1086 1173 1149 istis
1192 1093 1272 1148 certe
1290 1087 1440 1167 popularis
1454 1105 1508 1151 ou·

302 1240 307 1247 .
349 1209 399 1254 rae
423 1190 621 1272 captatoribus
648 1192 795 1272 aliquanto
817 1191 921 1254 melius
946 1192 1114 1254 instructos.
1148 1188 1263 1264 Quotus
1282 1189 1363 1251 enim
1384 1189 1508 1271 quisque

350 1292 476 1356 istorum
492 1299 547 1366 est,
563 1293 615 1375 qui
628 1310 690 1357 non
705 1301 773 1356 ante
788 1312 877 1375 quam
892 1300 1116 1377 promoveretur
1129 1292 1286 1355 hominum
1301 1291 1348 1354 sui
1369 1290 1509 1354 similium

255 1414 259 1419 ’
350 1395 495 1477 suffragiis
509 1403 590 1459 totns
605 1397 739 1476 quaestui
759 1414 814 1459 suo
834 1396 982 1470 intentus,
1005 1395 1101 1458 autin
1120 1400 1182 1457 arte
1209 1393 1405 1476 qualicunque
1423 1393 1509 1457 iacti·

349 1498 438 1561 tanda
453 1497 549 1561 autin
560 1508 726 1561 mercatura
740 1498 922 1581 negotiisque
942 1498 1064 1561 lucrosis
1084 1496 1183 1560 autin
1201 1497 1325 1559 minutis
1345 1497 1442 1560 musis
1462 1497 1510 1559 io·

350 1600 487 1665 rensibus
501 1600 621 1681 agendis
636 1605 666 1663 et
676 1601 873 1682 disceptandis
888 1610 1030 1676 versatus,
1041 1601 1084 1663 rei
1098 1599 1231 1682 publicae
1249 1617 1352 1662 causas
1375 1608 1405 1662 et
1419 1599 1509 1664 ratio·

268 1745 270 1748 >
350 1720 404 1766 nes
418 1709 470 1767 aut
483 1703 569 1785 plane
583 1719 645 1765 non
659 1702 795 1784 attigerit,
811 1709 862 1766 aut
876 1711 954 1766 certe
968 1720 1029 1765 non
1044 1700 1161 1765 aliunde
1180 1721 1269 1785 quam
1289 1702 1398 1784 partim
1418 1722 1454 1766 ex
1475 1702 1511 1765 li·

350 1804 411 1868 bris
427 1804 463 1868 ab
480 1803 652 1868 umbraticis
679 1805 850 1869 doctoribus
870 1806 901 1867 in
921 1805 1043 1870 alicuius
1064 1805 1180 1869 scholae
1201 1804 1308 1886 angulo
1330 1805 1512 1888 compositis,

349 1908 458 1991 partin
472 1928 515 1954 ὦ·
529 1908 609 1989 qnod
623 1907 706 1989 peius
719 1915 823 1971 ost-
836 1928 853 1969 e
866 1908 1014 1971 vilissimis
1028 1907 1190 1982 schedulis,
1206 1908 1307 1990 quales
1326 1908 1364 1971 nb
1381 1907 1512 1971 homini-

350 2010 408 2074 hhe
421 2015 473 2073 ant
485 2009 628 2091 improbis
642 2017 694 2072 aut
706 2010 850 2091 imperitis
866 2011 996 2091 quotidie
1007 2019 1200 2092 sparguntur,
1216 2010 1346 2092 cognitas
1366 2008 1512 2087 hahuerit,

348 2113 377 2175 si
390 2111 520 2194 cognitas
533 2111 630 2175 dicere
645 2110 713 2175 licet
727 2130 774 2174 res
788 2113 864 2174 male
878 2113 984 2177 relatm
1000 2115 1134 2196 maleque
1148 2121 1292 2196 acceptes.
1321 2113 1388 2176 Non
1402 2113 1513 2176 mhnrn

348 2214 439 2297 'gite
451 2215 484 2278 iu
497 2214 601 2278 uuum
614 2214 768 2277 hominum
783 2214 913 2277 conciliis
930 2224 965 2278 ut
984 2214 1110 2297 quisquc
1127 2215 1321 2279 audacissime
1341 2215 1449 2297 loquax
1467 2223 1515 2278 est

348 2336 512 2400 rerumque
524 2319 722 2399 ignoratarum
736 2320 864 2399 peritum
880 2336 913 2381 se
931 2338 998 2382 esse
1018 2320 1116 2394 iactat,
1138 2319 1179 2382 ita
1198 2318 1330 2381 maximo
1349 2318 1380 2381 in
1399 2316 1514 2382 honore

347 2440 417 2484 esse
428 2421 506 2503 apud
521 2420 678 2496 auditores,
693 2419 790 2483 bonos
809 2421 934 2484 tortasse
954 2420 1090 2484 viros-
1109 2419 1176 2503 quis
1193 2420 1275 2483 'enim
1295 2421 1353 2482 hoo
1373 2415 1514 2502 negabit?

350 2548 392 2572 -e-
402 2524 458 2587 scd
470 2540 577 2607 perum
591 2530 692 2586 tarsen
704 2522 816 2604 peritos
831 2531 862 2585 et
878 2524 977 2587 m'mus
993 2523 1083 2587 etiam
1103 2540 1192 2605 mam
1210 2522 1282 2584 istos
1302 2522 1513 2587 declamatores

349 2638 451 2690 mnu
462 2642 581 2707 gnerus,
596 2626 766 2707 nrdtosque
780 2626 903 2708 insuper
916 2628 1004 2690 etiam
1019 2624 1125 2689 morbo
1144 2625 1274 2706 quodam
1289 2626 1408 2691 allectos
1422 2624 1513 2688 n‘nrris

350 2728 438 2793 lrovhn
448 2735 613 2810 pavagato,
628 2744 717 2809 quem
732 2729 831 2791 neseio
846 2748 974 2811 quonam
990 2730 1102 2812 aptiore
1114 2744 1202 2811 quem
1216 2729 1364 2810 vertiginis
1375 2746 1514 2810 prognes·

349 2833 428 2896 rivae
442 2830 567 2894 cosroe
578 2830 732 2913 appellem.
758 2830 787 2893 ls
802 2833 926 2895 morbus
940 2832 1035 2914 qualis
1049 2833 1097 2907 sit,
1113 2849 1173 2912 quo
1187 2830 1332 2914 progredi,
1348 2846 1438 2913 quem
1449 2832 1513 2895 exi·

349 2936 421 2999 t'nnv
431 2934 544 2997 hahere
554 2934 657 3007 soleat,
672 2952 709 2996 er
723 2933 844 2997 historie
858 2937 1036 3016 populorum
1051 2934 1140 2997 simili
1155 2934 1232 2997 malo
1247 2934 1419 2997 affectorum
1440 2934 1514 2997 disci

350 3033 576 3119 spadonum
589 3042 688 3117 potest
702 3035 873 3119 dictumque
887 3037 1000 3100 dudmu
1015 3045 1062 3100 est
1075 3054 1092 3099 a
1106 3036 1238 3111 Platone,
1254 3036 1290 3099 de
1304 3052 1338 3099 re
1351 3035 1432 3118 publ.
1448 3034 1513 3099 vul

350 3158 380 3223 p.
396 3139 507 3213 meo,
522 3154 613 3220 φοι
623 3138 731 3214 bmm,
746 3139 915 3203 adicerone
929 3140 1162 3223 desepelire
1177 3141 1215 3202 14
1225 3137 1315 3202 latine
1325 3148 1510 3214 comessum,

351 3240 513 3323 tegurium
522 3241 771 3324 relegendumque
785 3243 922 3306 omnibns
933 3243 1209 3315 commendaverim,
1226 3242 1275 3321 qui
1286 3254 1348 3303 nou
1359 3246 1444 3322 impe
1455 3241 1513 3305 sibi

351 3342 803 3408 mutaruumdooeri.
826 3340 928 3424 Neque
938 3343 1066 3407 ebenum
1077 3343 1168 3406 brerit
1177 3343 1267 3405 etiam
1278 3342 1399 3407 tabellae
1409 3343 1510 3408 onius-

351 3445 424 3508 deru
434 3444 576 3526 Aesopias
590 3445 815 3509 meminisse-de
828 3453 975 3527 serpente,
991 3446 1073 3509 euius
1085 3462 1179 3527 quum
1193 3445 1287 3508 cauda
1296 3445 1382 3526 copiti
1393 3446 1512 3509 obedire

352 3546 526 3629 etohseqni·
533 3556 684 3611 recusaret
696 3548 924 3630 pervicissetquc
937 3550 1059 3612 tandem
1076 3557 1110 3613 ut
1126 3548 1260 3629 regimen
1280 3547 1336 3611 sihi
1355 3548 1511 3630 permitte·

349 3657 444 3724 retur,
456 3658 569 3713 temere
585 3655 618 3713 et
627 3649 732 3712 stolide
744 3667 882 3731 grassans
895 3666 955 3715 uua
975 3664 1043 3714 cum
1063 3651 1158 3733 eapite
1175 3658 1275 3713 semet
1290 3651 1353 3732 ipsu
1371 3662 1511 3732 pessum·

352 3751 486 3829 dodittb
506 3752 580 3815 barn
601 3752 724 3834 ancipiti·
738 3752 826 3833 igitm
844 3751 949 3815 morbo
969 3753 1024 3835 qut
1041 3752 1158 3815 obsistit
1176 3766 1306 3834 eumque
1318 3768 1455 3816 coercere
1481 3759 1513 3815 et

350 3855 519 3938 reprimere*
527 3855 681 3928 medicine,
696 3855 726 3917 si
736 3862 843 3936 potest,
858 3854 928 3932 leni,
942 3855 989 3919 sin
998 3855 1071 3918 haee
1080 3868 1185 3936 porum
1196 3855 1338 3936 proficiat,
1350 3855 1513 3918 vehemen-

351 3956 424 4021 timiv
433 3957 542 4031 nudet,
558 3956 638 4019 horno
651 3974 706 4037 epo
719 3972 781 4020 nou
795 3956 872 4020 mele
886 3958 924 4020 dc
938 3972 970 4021 re
985 3957 1100 4040 publicu
1112 3958 1219 4021 mereri
1230 3957 1371 4035 arbitror,
1380 3957 1513 4039 nihilque

350 4060 444 4141 rupis
459 4059 621 4140 optandum
635 4067 813 4140 pnto¹qnam
826 4067 860 4123 ut
876 4061 1054 4142 contemptis
1068 4068 1265 4141 semmurum,
1288 4061 1339 4142 qni
1361 4080 1394 4125 se
1414 4061 1515 4125 smmi

351 4161 466 4236 noluntt
481 4159 739 4224 vooitorruonbus
752 4168 784 4224 et
797 4162 934 4226 condetis
948 4163 980 4228 in
990 4161 1185 4244 exsequendis
1194 4162 1324 4227 consiliis
1335 4163 1514 4228 salutaribus

354 4282 555 4311 m

421 4392 451 4461 η’
459 4390 570 4450 liecurt
579 4398 644 4451 lianc
655 4394 773 4453 labellum
784 4399 938 4454 Plut'aroh'ns'
947 4403 973 4454 in
985 4403 1040 4454 vite
1050 4390 1140 4468 ligius
1153 4403 1178 4452 'e.
1195 4399 1223 4452 2:
1241 4417 1297 4454 nam
1312 4404 1338 4455 in
1357 4384 1512 4456 collectione

350 4480 727 4558 mmmmm
737 4485 840 4553 terrem.
852 4484 890 4542 dt
904 4484 980 4543 etiem
991 4492 1079 4543 demut
1092 4494 1173 4541 nomn.
1184 4486 1211 4540 in
1223 4478 1290 4540 utos.
1309 4490 1334 4557 p.
1346 4480 1389 4543 δι’.
