3290 5142
298 1409 488 1505 seucum
519 1411 567 1504 IN
598 1412 824 1505 EURIPIDIS
855 1411 1006 1505 IONEM.
1037 1411 1165 1504 PARI.
1197 1405 1230 1504 1.

270 1661 305 1722 In
318 1660 468 1743 Euripidis
487 1660 586 1725 tabula
597 1663 670 1726 Ione
685 1661 861 1736 Mercurius,
881 1663 928 1727 cui
947 1662 1062 1744 prologi
1076 1670 1175 1744 partes
1190 1671 1277 1744 poeta
1292 1664 1344 1727 de-

184 1766 349 1840 mandavit,
376 1775 444 1829 ante
470 1786 560 1849 quam
581 1772 788 1846 argumentum
813 1765 929 1829 fabulae
957 1768 1101 1842 exponat,
1127 1762 1189 1843 ipse
1215 1762 1282 1843 quis
1307 1764 1346 1825 sit

183 1864 396 1945 spectatoribus
410 1870 512 1951 aperit.
545 1868 588 1930 Id.
602 1867 626 1929 I.
641 1867 677 1927 II.
693 1866 824 1941 Vossius,
839 1868 932 1949 Epist
947 1864 1070 1947 mythol.
1086 1863 1107 1925 1.
1122 1883 1152 1945 p.
1167 1863 1236 1938 116,
1252 1882 1345 1946 prop·

182 1972 264 2029 terea
277 1966 340 2029 fieri
355 1968 493 2034 debuIsse
507 1970 683 2051 suspicatur,
699 1969 789 2048 quod,
805 1987 864 2049 quo
878 1977 1012 2049 tempore
1025 1968 1099 2030 baec
1112 1966 1190 2029 IonIs
1201 1966 1300 2029 fabula
1313 1967 1345 2029 in

182 2085 302 2133 scenam
320 2073 465 2150 producta
483 2072 531 2147 sit,
555 2070 689 2133 nondum
710 2070 802 2135 moris
820 2070 924 2144 inerit,
944 2077 1024 2132 certa
1044 2066 1189 2150 quaedam
1208 2069 1343 2150 insignia.

181 2175 332 2250 petasum,
356 2174 532 2247 caduceum,
553 2171 654 2236 talaria
675 2172 795 2252 pinnata
814 2177 980 2252 gestantem
1000 2169 1175 2232 Mercurium
1195 2171 1342 2245 iuducere,

181 2272 296 2352 quaesi
317 2282 468 2354 gestasset,
484 2275 604 2357 agnosci
617 2274 717 2337 statim
739 2273 985 2355 aspectatoribus
999 2271 1153 2354 potuisset.
1196 2272 1345 2338 Talarium

180 2381 259 2437 certe
284 2376 398 2440 nubium
424 2378 567 2441 disertm
592 2376 798 2441 testImonium
825 2381 924 2438 extare
945 2386 1013 2440 ante
1035 2376 1110 2437 dves
1129 2372 1343 2457 Aristophanis,

180 2496 270 2558 quam
284 2479 468 2543 comoediam
485 2481 522 2543 ob
539 2479 598 2558 XC,
614 2479 635 2540 2
649 2486 745 2543 aotam
761 2498 827 2541 esse
838 2486 963 2555 constat,
979 2478 1060 2542 brevi
1070 2484 1139 2559 post
1149 2476 1253 2541 Ionem
1264 2486 1345 2543 tem-

178 2598 268 2660 pore:
294 2582 441 2662 siquidem
462 2589 543 2645 recte
562 2582 640 2645 banc
658 2581 862 2655 Burmannus,
882 2581 974 2662 praei.
994 2599 1023 2664 p.
1038 2578 1156 2651 XXIIII,
1170 2587 1344 2660 argumento

180 2701 217 2743 er
230 2683 362 2747 numeris
376 2702 516 2748 uersuum
531 2685 631 2755 ducto,
646 2701 709 2746 non
723 2684 774 2746 diu
788 2690 857 2746 anto
873 2684 911 2746 ol.
927 2682 1074 2757 LXXXIX
1087 2690 1183 2745 actam
1198 2697 1262 2741 esse
1273 2696 1344 2760 pro-

82 2772 87 2779 ’
179 2782 267 2847 bavit
312 2785 388 2849 Nam
403 2785 655 2868 quaeBoeokbius
666 2789 705 2863 ¹),
720 2786 870 2862 sextust),
884 2786 1094 2868 Hartungam³)
1110 2784 1167 2847 sibi
1180 2782 1287 2847 iudicia
1297 2781 1345 2843 in-

179 2885 281 2948 uenire
299 2886 354 2949 visi
372 2894 459 2959 sunt,
478 2887 558 2950 unde
581 2887 689 2951 certius
709 2895 828 2969 tempus
849 2886 1033 2961 definiretur,
1055 2886 1241 2949 haecomnia
1255 2884 1343 2948 nImIs

179 2988 292 3052 incerta
314 2989 483 3071 partimque
505 2989 662 3053 manbota
683 2990 756 3053 falsa
775 3008 854 3065 esse,
868 2989 1014 3064 facillime,
1029 2990 1055 3051 si
1069 3007 1117 3052 res
1131 2993 1274 3069 posceret,
1290 2987 1344 3049 de·

179 3091 338 3155 monstrari
357 3099 467 3172 posset.
516 3091 618 3172 Neque
640 3090 750 3155 certium
768 3097 816 3153 est
842 3091 921 3172 quod
942 3090 1187 3167 umdorterose)
1202 3089 1344 3153 indicium

179 3193 297 3274 repetiit
310 3213 348 3255 ex
362 3194 535 3257 oeconomia
548 3193 664 3257 fabulae
678 3211 747 3257 cum
763 3193 843 3255 exitu
854 3193 941 3271 felici,
956 3195 1037 3276 quod
1047 3211 1139 3274 genus
1151 3191 1344 3274 compositio-

179 3295 227 3357 nis
250 3294 287 3357 ab
300 3295 440 3377 Euripide
465 3312 526 3360 non
551 3302 618 3359 ante
643 3295 681 3359 ob
701 3294 765 3358 XCI
790 3302 967 3377 usurpatum
991 3315 1056 3359 esse
1079 3301 1223 3359 autumat
1266 3294 1343 3359 Nam

180 3414 275 3477 quum
294 3397 331 3459 de
350 3396 484 3478 piurimis
499 3398 645 3479 Euripidis
664 3399 771 3462 fabum
785 3434 828 3445 -
841 3398 1075 3462 numerabantur
1088 3397 1168 3460 enim
1182 3403 1234 3460 aut
1247 3414 1339 3459 nona·

179 3497 258 3581 puta
280 3499 355 3562 duae
378 3506 430 3563 aut
448 3499 607 3564 minImum
628 3501 758 3583 quinque
776 3508 808 3563 et
828 3501 1012 3583 septuaginta
1025 3534 1070 3546 -
1082 3507 1145 3562 mm
1160 3517 1270 3580 paucae
1291 3516 1344 3561 su·

179 3601 318 3684 perstites
333 3600 402 3676 sint,
426 3619 554 3684 quarum
568 3602 724 3666 duodecim
740 3604 883 3685 temporis
898 3603 1010 3679 incerti,
1022 3603 1054 3664 in
1068 3602 1123 3665 bac
1136 3600 1283 3683 paucitate
1297 3600 1343 3661 ia·

178 3703 317 3768 budarum
330 3710 562 3786 temporumque
575 3704 780 3769 incertitudine
796 3706 861 3788 quis
881 3706 1000 3769 tandem
1022 3705 1078 3768 sibi
1100 3702 1271 3788 persuaderi
1289 3720 1343 3783 pa-

178 3806 279 3883 tietur,
295 3805 468 3890 Euripidem
482 3806 571 3869 certis
585 3808 770 3888 temporibus
785 3816 866 3872 certa
875 3816 993 3873 tantum
1004 3805 1226 3891 compositionis
1237 3821 1344 3885 genera

178 3909 224 3974 sic
237 3909 324 3972 unice
338 3908 488 3992 probasse,
503 3916 538 3971 ut
552 3925 706 3990 nunquam
728 3907 878 3974 variaret?
896 3912 988 3994 Igitur
1000 3910 1026 3973 si
1040 3916 1177 3974 tenemus
1192 3908 1272 3989 quod
1287 3907 1342 3972 ob-

179 4011 269 4077 tIneri
282 4017 390 4095 potest,
404 4027 466 4074 non
480 4009 532 4074 dIu
545 4017 613 4073 ante
629 4010 668 4074 ol.
683 4010 829 4075 LXXXIX
843 4013 946 4077 Ionem
961 4020 1058 4077 actam
1071 4031 1145 4087 esse,
1160 4012 1191 4076 b.
1205 4031 1229 4075 e.
1242 4009 1342 4092 panus

180 4152 381 4163 ———-—--—·

251 4224 276 4288 1)
293 4221 420 4289 Tragood.
438 4238 524 4290 graec.
541 4224 621 4290 princ.
639 4238 664 4289 p.
683 4224 741 4275 192.

248 4309 274 4375 2)
292 4307 403 4361 Praebet
415 4310 456 4361 ed
468 4309 530 4361 Eur.
543 4308 634 4376 (Paris
650 4308 735 4373 1841.)
747 4325 771 4376 p.
782 4309 818 4363 X

249 4392 276 4458 d)
293 4393 382 4459 Eurip.
396 4394 480 4447 restit
496 4395 508 4447 1
522 4410 547 4461 p.
559 4395 619 4449 tte.

248 4479 276 4545 1)
294 4477 464 4546 chronologia
474 4477 552 4534 fabul.
563 4480 651 4548 Eurip.
670 4479 800 4548 Marburg.
820 4479 894 4533 18³9.
