3266 5140
725 460 786 523 463

175 651 209 705 ut
222 645 379 707 referretur
393 645 428 707 ad
441 663 518 719 eum,
533 663 601 707 cum
615 644 834 721 Schulenburgo
855 661 940 723 agere
958 644 1035 706 velle.
1066 646 1150 708 Tunc
1167 646 1327 729 Bogislaus,
1388 657 1392 667 ’

176 763 237 808 non
253 747 316 809 sine
331 748 500 810 stomacho:
515 745 594 819 Quid
607 746 660 810 boc
674 750 720 809 rei
731 742 794 808 est?
807 745 914 825 inquit:
933 764 1031 808 cocae
1043 766 1090 809 me
1111 751 1206 829 ipsum
1228 768 1328 811 coram

176 849 325 930 appellare
339 848 510 931 oportebat?
525 869 565 912 ors
577 869 708 931 eaqoccm
722 849 874 911 audivistis
888 867 1059 930 qtumquam
1074 862 1236 931 penterttem
1250 872 1270 913 c
1282 872 1327 914 me

174 971 235 1014 uon
254 953 413 1015 admismm
431 951 512 1015 esse?
540 952 619 1033 dqite
638 953 720 1022 dem,
740 969 785 1013 ese
803 955 899 1013 dudm
917 955 1076 1033 capimini.
1107 954 1148 1017 lta
1159 972 1262 1017 omnes
1278 975 1327 1017 se·

176 1075 242 1118 cum
261 1055 293 1118 in
312 1057 433 1119 domum
454 1075 537 1118 suam
557 1054 687 1128 deduxit,
708 1073 780 1135 quae
798 1063 931 1134 peterent
945 1055 1064 1118 audivit:
1080 1058 1231 1137 respondit
1246 1059 1324 1139 quod
1343 1071 1376 1122 23

174 1178 208 1220 er
222 1176 255 1219 re
269 1177 335 1221 esse
349 1158 470 1220 rideret:
482 1158 608 1237 denique
621 1158 712 1219 laetos
728 1175 832 1219 omncs
847 1167 876 1220 et
889 1167 987 1237 gratos
1002 1158 1235 1222 dimisit—Hac
1248 1169 1329 1224 tanta

175 1262 311 1324 comitate
325 1270 354 1323 et
367 1261 530 1323 affabilitate
545 1262 653 1322 lactum
668 1266 722 1333 est,
737 1268 770 1320 ut
784 1259 941 1322 incredibili
959 1279 1059 1323 amore
1078 1282 1195 1339 omnes,
1210 1264 1327 1339 summi,

174 1361 275 1436 infimi,
290 1362 456 1444 Bogislaum
471 1363 722 1444 amplecterentur,
737 1370 767 1423 et
780 1369 916 1442 tanquam
931 1362 1025 1425 solem
1039 1364 1162 1444 aliquem
1177 1375 1248 1448 post
1260 1366 1326 1429 lou·

174 1484 225 1543 gas
240 1465 386 1528 malorum
400 1465 541 1546 proeellas
556 1466 636 1527 bunc
649 1464 705 1525 sibi
719 1471 852 1525 exortum
867 1484 934 1527 esse
947 1465 1155 1545 praedicarent,
1171 1469 1253 1532 cuius
1267 1469 1327 1532 lae-

173 1566 249 1628 tifica
263 1567 326 1630 lucc
341 1568 438 1631 omnia
452 1576 653 1630 recrearentur
666 1574 695 1629 et
709 1567 937 1629 reflorescerent

257 1670 352 1733 Etiam
367 1670 478 1752 privata
492 1690 526 1734 ac
539 1671 699 1733 domestica
712 1668 838 1747 Bogislai
852 1670 907 1732 vita
927 1670 992 1732 talis
1008 1672 1074 1744 luit,
1096 1674 1189 1754 qualis
1209 1674 1328 1737 decebat

174 1771 319 1836 eiusmodi
338 1773 515 1853 principem,
539 1770 704 1854 splendoris
725 1789 759 1833 ae
777 1770 923 1852 diguitatis
943 1773 1038 1853 plena.
1074 1776 1207 1838 Primum
1228 1777 1280 1838 otii
1298 1786 1327 1839 et

173 1875 282 1954 negotii
297 1886 430 1957 tempora
444 1876 600 1939 commode
614 1875 717 1948 divisa,
737 1882 771 1936 ut
789 1892 939 1955 nunquam
958 1876 1063 1939 horem
1081 1878 1221 1960 voluptati
1236 1879 1326 1955 daret,

174 1995 246 2056 quae
264 1978 307 2039 rei
325 1978 456 2059 publicae
474 1977 640 2051 deberetur,
660 1975 844 2057 reipublicae
858 1995 945 2039 causa
959 1978 1082 2042 libenter
1100 1982 1263 2061 voluptates
1280 1982 1326 2043 in-

172 2079 352 2142 termitteret
383 2080 464 2154 Quae
485 2087 581 2143 eutem
597 2098 684 2141 sacua
704 2086 837 2157 tempora
858 2085 961 2141 nactus
976 2090 1050 2155 erat,
1070 2100 1103 2143 ca
1122 2081 1153 2143 in
1175 2102 1325 2146 armorum

173 2180 232 2242 lere
246 2181 351 2244 studiis
366 2182 439 2244 etin
454 2182 566 2245 musica
580 2191 642 2244 arte
656 2180 849 2259 consumpsit
878 2180 1002 2243 Amabat
1019 2189 1114 2243 autem
1134 2184 1279 2265 imprimis
1290 2186 1325 2247 il-

172 2281 221 2344 lud
237 2284 378 2364 equestris
392 2285 452 2347 ludi
467 2303 568 2365 genus,
585 2303 675 2364 quum
690 2282 803 2357 armati,
817 2283 904 2345 variis
920 2283 1098 2346 discursibus
1115 2284 1325 2367 obequitantes,

173 2384 239 2446 dato
255 2385 340 2465 signo
356 2384 469 2448 infestis
485 2386 575 2449 hastis
590 2386 666 2448 inter
677 2405 710 2448 se
724 2393 916 2461 concernunt,
931 2395 960 2449 et
974 2395 1161 2467 prosternere
1175 2390 1324 2452 hastarum

172 2486 286 2566 impetu
304 2488 501 2551 adversarium
524 2488 723 2551 connituntur.
753 2488 817 2550 llcc
834 2488 865 2549 in
885 2491 1041 2552 certamine
1060 2491 1210 2571 Bagislaus
1224 2511 1324 2572 parem

173 2588 228 2650 sibi
247 2590 395 2653 neminem
414 2590 551 2653 babebat:
571 2598 651 2654 tanta
670 2589 830 2652 eratineo
849 2591 964 2670 peritia,
986 2599 1100 2655 mutum
1119 2612 1187 2656 cum
1203 2595 1325 2674 agilitate

171 2691 275 2767 robur,
298 2701 331 2754 ut
350 2692 457 2773 quiite
477 2700 634 2755 certantem
654 2692 775 2765 videret,
795 2692 936 2755 Achillem
954 2694 1054 2774 potius
1074 2696 1262 2759 Homericum
1276 2705 1326 2759 aut

172 2793 289 2856 Aiacem
302 2803 352 2857 aut
366 2795 452 2858 alium
472 2794 599 2858 fabulosi
619 2795 760 2876 temporis
779 2795 909 2869 beroem,
926 2814 1012 2876 quam
1028 2816 1098 2861 suae
1112 2798 1212 2861 aetatis
1226 2798 1321 2860 bomi-

172 2914 240 2959 nem
259 2917 292 2961 se
310 2898 414 2961 intueri
434 2905 557 2978 putaret
586 2898 747 2961 Accedebat
766 2898 845 2977 quod
865 2898 929 2978 ipsa
947 2899 1075 2978 Bogislai
1094 2903 1189 2963 forma
1214 2901 1325 2965 divinae

171 2999 321 3061 cuiusdam
336 2999 496 3063 maiestatis
511 2999 702 3062 admiratione
708 3000 840 3063 omnium
857 3001 957 3063 cados
971 3009 1001 3064 et
1014 3010 1128 3065 mentes
1143 3003 1324 3084 percellebat.

171 3101 290 3163 lnselita
301 3102 436 3183 corporis
450 3102 637 3182 magnitudo,
653 3102 813 3183 splendidis
827 3102 890 3183 ipse
903 3104 992 3166 armis
1007 3104 1141 3180 indutus,
1161 3125 1236 3187 equo
1251 3107 1324 3169 insi·

172 3204 245 3266 dens
259 3205 351 3267 arduo
366 3213 395 3266 et
408 3205 476 3279 acri,
492 3204 586 3284 quiet
601 3203 663 3285 ipse
678 3205 787 3267 sentire
801 3205 958 3279 videretur,
974 3226 1060 3287 quem
1076 3208 1169 3270 rimm
1185 3211 1280 3284 derret,
1295 3219 1324 3271 et

170 3306 318 3368 neminem
332 3306 389 3368 nisi
403 3307 484 3369 hunc
498 3325 645 3369 sessorem
665 3307 780 3369 tolerat:
801 3307 925 3387 stipatus
945 3309 1096 3389 splendida
1116 3312 1255 3374 comitum
1271 3331 1322 3374 ca-
1344 3333 1376 3382 at

172 3418 263 3483 tersa,
290 3428 366 3489 quos
386 3418 415 3470 et
433 3410 515 3490 ipsos
534 3429 551 3471 e
568 3407 785 3489 procerissimis
806 3427 930 3472 suorum
956 3411 1060 3490 eligere
1084 3413 1209 3488 solebat,
1234 3432 1323 3494 supra

171 3528 275 3573 omnes
298 3519 395 3574 tamen
418 3512 564 3585 eminens,
579 3519 717 3592 tanquam
738 3510 829 3573 celsae
848 3511 1032 3575 basilicarum
1053 3521 1147 3577 turres
1164 3524 1323 3577 ceteramm

170 3613 285 3675 aedium
305 3632 419 3676 summa
439 3614 551 3694 fastigia
571 3622 724 3694 superant:
745 3632 815 3675 mcx
830 3613 948 3676 incitato
964 3633 1039 3694 equo
1053 3634 1241 3695 procurrens,
1254 3637 1323 3680 mor

170 3714 224 3776 tela
240 3723 394 3795 torquens,
409 3733 479 3776 mox
498 3715 693 3778 adversarium
710 3714 856 3779 delicians.
886 3716 950 3778 Hoc
968 3718 1134 3797 spectaculo
1149 3719 1234 3782 etiam
1251 3720 1323 3781 Cae-

169 3833 265 3877 sarem
279 3816 516 3889 llaximilianum,
536 3835 626 3896 quum
647 3816 702 3879 iam
718 3835 808 3881 senex
822 3819 989 3900 Bogislaum
1010 3814 1139 3900 bos'pitio
1155 3821 1324 3902 excepisset,

171 3917 268 3979 satiari
282 3935 345 3979 non
359 3917 492 3997 potuisse
510 3918 616 3979 ferunt
645 3918 683 3979 Et
701 3920 794 3982 lucrat
812 3921 875 4002 ipse
896 3921 1107 3984 Maximilianus
1127 3923 1157 3984 in
1176 3924 1324 3987 iuventute

169 4036 319 4081 armomm
334 4028 363 4081 et
377 4018 524 4100 equitandi
539 4019 642 4099 peritia
656 4020 794 4102 insignis,
807 4024 913 4104 hisque
929 4024 1034 4086 studiis
1049 4024 1181 4105 apprime
1195 4027 1324 4099 deditum

169 4121 220 4182 sed
236 4122 321 4184 talem
337 4139 431 4202 neque
446 4141 478 4183 se
493 4121 563 4183 olim
579 4122 683 4195 luisse,
704 4141 799 4204 neque
817 4125 941 4188 similem
962 4144 1138 4207 quemquam
1158 4127 1264 4191 vidisse
1278 4138 1323 4191 te-

168 4222 311 4296 stabatur,
325 4231 355 4285 et
369 4222 542 4285 obsecrabat
555 4222 732 4301 bogislaum,
747 4243 838 4304 quum
853 4227 961 4290 bellum
976 4228 1031 4290 sibi
1047 4230 1168 4292 instaret
1182 4231 1322 4293 adversus

169 4324 279 4400 Gallos,
298 4334 332 4388 ut
350 4326 518 4388 societatem
543 4344 644 4388 secum
666 4325 761 4399 iniret,
780 4328 929 4408 totiusque
946 4331 1088 4394 exercitus
1108 4333 1166 4394 dur
1185 4343 1215 4392 et
1229 4333 1321 4412 impe-

167 4435 247 4488 rator
261 4427 350 4488 lieret.
366 4462 408 4472 -
