3266 5140
729 418 791 481 tot

663 506 756 515 ...η--
775 506 810 512 ν-
819 504 863 511 ...-

182 608 254 689 quia
267 625 323 688 pro
336 605 470 688 exemplo
480 605 568 671 latine
576 603 724 671 scribendi
734 622 800 671 esse
811 621 872 668 non
882 605 988 686 potuit,
996 613 1046 669 aut
1056 618 1204 671 auctorem
1212 609 1344 690 benficia·

181 710 286 791 populi
291 708 421 773 Romani
429 728 473 790 pr.
481 709 555 771 blur.
565 708 630 773 αἳ.
644 724 706 770 non
720 726 788 769 eum
804 708 852 789 qui
859 708 1032 771 beneficium
1045 710 1153 784 tribuit,
1165 711 1215 772 sed
1226 712 1275 793 qui
1288 712 1340 774 tri-

181 817 286 875 butum
302 832 319 875 e
334 811 445 897 populo
461 818 591 893 praestat
603 819 633 873 et
643 819 749 885 tuetur,
760 818 810 875 aut
821 822 969 875 auctorem
979 813 1090 875 doloris
1098 833 1153 893 pro
1162 814 1255 876 Flacc.
1265 834 1289 876 c.
1298 815 1339 877 20

182 931 244 975 non
259 913 427 994 qttioreatit
437 913 579 987 dolorem,
589 913 836 994 sedquitestatur
844 922 931 993 atquc
941 915 1104 993 profitetur,
1114 916 1238 996 deniqtn
1249 935 1338 997 quum
1391 961 1395 971 .

182 1018 357 1092 venditores,
370 1026 470 1091 toste,
485 1018 686 1091 fideiussores,
702 1015 942 1097 comprobatores
957 1016 1078 1079 alicuius
1093 1016 1135 1077 rei
1147 1026 1281 1103 auctores
1293 1020 1339 1081 di-

182 1128 298 1195 cnntur‚
313 1121 384 1185 baec
397 1129 483 1201 atque
497 1120 561 1183 talia
576 1137 638 1181 non
653 1119 781 1199 intelligo
798 1119 940 1198 prolecto,
955 1138 1012 1199 qna
1025 1119 1138 1181 ratione
1149 1139 1216 1183 cum
1226 1122 1281 1184 ieta
1294 1123 1339 1184 vel

181 1224 305 1303 augentii
325 1224 369 1286 vel
383 1223 476 1285 nendi
492 1223 534 1284 vel
549 1221 731 1302 producendi
747 1221 956 1301 significatione
975 1231 1041 1301 apte
1056 1224 1195 1302 componi
1210 1225 1338 1305 possint,

181 1344 276 1406 eoquo
289 1326 388 1389 minus
403 1344 452 1389 me
467 1325 525 1387 boc
537 1325 695 1405 intelligere
709 1325 860 1405 profiteor,
877 1342 935 1405 quo
952 1323 1070 1404 saepius
1085 1343 1188 1387 eorum
1204 1328 1338 1408 disputa-

180 1429 277 1491 tiones
291 1429 409 1508 perlegi,
423 1428 473 1508 qui
487 1427 532 1489 illa
544 1427 644 1490 omnia
660 1426 812 1489 conciliare
827 1435 856 1488 et
866 1447 882 1488 c
893 1427 1044 1490 communi
1055 1428 1137 1507 quasi
1152 1430 1233 1491 lonto
1248 1430 1338 1510 signi-

181 1531 326 1594 ficationis
346 1530 476 1593 ιιιιίιιιιι
495 1529 593 1591 conati
613 1538 690 1591 sunt.
731 1529 930 1603 Quamobrem
947 1549 1013 1592 eam
1033 1531 1163 1593 nominis
1185 1533 1338 1611 originem,

181 1653 255 1714 quae
269 1634 341 1697 mihi
357 1632 516 1713 probabilis
532 1632 621 1694 videri
640 1632 728 1706 solet,
742 1650 805 1695 non
823 1632 946 1695 verebor
965 1651 1143 1715 proponere.
1184 1635 1237 1695 Est
1250 1635 1338 1709 onim,

179 1756 244 1799 men
264 1737 421 1811 mnoentia,
442 1746 545 1797 ouctor
565 1734 601 1797 ab
620 1734 721 1796 eadem
741 1735 834 1815 stirpe
854 1735 1044 1809 declinatum,
1072 1738 1148 1799 unde
1172 1746 1216 1799 est
1237 1742 1284 1799 oio
1296 1742 1337 1815 ⁰).

180 1839 298 1902 Scilicet
316 1856 378 1901 non
399 1838 436 1900 ab
456 1838 514 1899 boc
533 1837 599 1918 ipso
620 1838 709 1900 verbo
725 1849 874 1900 auctorem
888 1838 998 1901 dictum
1017 1840 1093 1914 volo,
1108 1841 1192 1920 quasi
1208 1844 1337 1917 oitorooe,

178 1943 232 2005 sed
246 1943 305 2004 boc
319 1940 395 2015 dico,
410 1939 605 2002 arctissimam
620 1959 685 2002 esse
700 1941 805 2002 borum
817 1941 975 2003 verborum
985 1942 1061 2003 inter
1075 1962 1107 2002 ee
1122 1944 1337 2023 cognationem,

178 2063 275 2126 oeque
287 2043 448 2107 mondum
463 2049 510 2104 est
523 2050 665 2118 statuere,
681 2043 774 2123 ipsius
790 2043 869 2105 verbi
888 2048 935 2104 oio
955 2043 1000 2105 rel
1019 2048 1091 2118 olio,
1112 2053 1144 2106 ιιι
1161 2065 1177 2106 a
1192 2046 1336 2108 veteribus

178 2149 304 2229 ipsoque
320 2146 415 2209 adhuc
434 2144 573 2207 Cicerone
592 2145 681 2206 scribi
699 2144 820 2207 solitum
841 2144 1054 2217 Quinctilianus
1073 2155 1176 2209 auctor
1195 2156 1241 2209 est
1259 2149 1281 2223 l,
1308 2151 1337 2223 4,

181 2253 233 2324 ll,
252 2250 283 2311 in
298 2256 414 2310 vetusta
427 2247 523 2327 lingua
538 2245 627 2310 latina
646 2246 734 2309 ctiam
749 2246 832 2308 aliam
849 2249 973 2309 formam
989 2250 1094 2323 finisse,
1115 2250 1214 2330 priore
1228 2250 1335 2330 syllaba

177 2354 208 2415 in
223 2352 437 2433 diphthongum
454 2370 494 2412 ost
508 2350 664 2430 producta,
679 2352 746 2411 otoo
765 2368 791 2410 r.
808 2368 893 2428 ougo,
910 2348 1009 2411 itidem
1030 2360 1061 2412 ot
1076 2353 1154 2432 apud
1170 2352 1336 2414 Graecoec‘t

178 2465 207 2517 et
221 2458 263 2517 ᾶῦ
278 2454 386 2533 stirpes
402 2471 578 2532 congeneres
593 2460 672 2525 eunt,
688 2459 716 2511 et
731 2451 799 2513 linio
813 2452 892 2515 alteri
908 2453 1016 2516 accedit
1030 2454 1182 2534 gutturalis
1197 2456 1336 2536 aspiratio

177 2579 206 2636 χ,
221 2566 254 2620 ιιι
268 2559 318 2619 liat
333 2556 404 2636 o'vg,
419 2556 499 2618 unde
513 2545 630 2632 αὕχέω,
646 2555 727 2635 quod
741 2562 771 2616 et
784 2554 883 2635 ipsum
899 2573 1113 2636 nonnunquam
1129 2558 1232 2620 eodem
1248 2578 1336 2621 sensu

178 2661 290 2735 dicitur,
306 2679 366 2741 qno
381 2660 503 2722 latinum
519 2662 565 2721 oio
578 2662 616 2734 1).
646 2657 723 2732 Quid
739 2658 818 2738 quod
838 2660 916 2739 apud
931 2658 1050 2720 Latinos
1067 2678 1184 2739 quoque
1198 2670 1234 2721 au
1250 2680 1304 2740 pro
1320 2672 1336 2721 a

179 2771 329 2844 comparet
342 2764 374 2825 in
389 2773 518 2836 rutum,
534 2762 613 2842 quod
630 2779 690 2822 non
707 2760 828 2824 dubium
843 2769 898 2835 cst,
914 2762 986 2841 quin
1002 2782 1036 2823 ex
1052 2772 1119 2824 outo
1136 2762 1221 2843 (cito)
1238 2772 1334 2824 ortum

179 2868 226 2939 sit,
241 2874 275 2929 ιιι
286 2884 412 2947 seguono
427 2886 444 2927 a
458 2884 530 2945 ocgo
541 2868 585 2941 Bi:
601 2883 669 2926 narn
685 2864 764 2944 quod
779 2863 897 2926 Bnierns
913 2884 1049 2943 graecum
1067 2865 1186 2927 verbnm
1203 2855 1337 2943 αὐτομῶ

177 2968 422 3043 comminiscitur,
436 2968 516 3030 trnde
530 2978 648 3029 emmo
664 2986 679 3028 a
694 2966 803 3028 Latinis
819 2967 926 3029 iactum
939 2968 987 3042 sit,
1002 2969 1122 3042 nemini,
1138 2968 1254 3048 opinor,
1268 2986 1336 3046 per-

178 3070 319 3133 suadebit
333 3105 376 3116 -
389 3071 444 3132 Est
456 3069 543 3150 igituir
558 3082 660 3132 ructor
674 3069 819 3151 primitiva
833 3068 1043 3147 significatione
1062 3072 1097 3142 is,
1113 3071 1162 3152 qui
1178 3069 1283 3150 aliquid
1299 3070 1339 3131 ait

177 3182 264 3254 etque
284 3172 418 3235 affirmat
452 3172 521 3235 Plus
541 3180 639 3235 antem
658 3191 724 3234 esse
743 3175 790 3234 oio
811 3190 900 3251 (ιιιιιιι
920 3174 983 3235 dico
1003 3192 1091 3236 nemo
1111 3174 1239 3254 ignorat:
1259 3174 1336 3235 inest

178 3275 306 3338 enimin
326 3274 374 3337 illo
394 3274 524 3356 primum
544 3275 615 3338 haec
634 3277 698 3357 ipsa
718 3275 881 3337 affirmandi
896 3274 1083 3355 significatio,
1103 3296 1158 3357 qua
1174 3277 1335 3358 opponitur
1355 3290 1386 3340 ιι

177 3376 266 3439 verbo
280 3394 367 3457 sepo:
383 3376 488 3438 dende
502 3377 628 3439 maxime
643 3379 718 3441 solet
732 3379 769 3439 de
783 3377 819 3438 iis
835 3377 901 3450 dici,
918 3378 965 3457 qui
978 3379 1085 3459 aliquid
1098 3380 1179 3459 quasi
1195 3398 1249 3441 suo
1263 3380 1336 3451 iuro,

178 3479 258 3541 velut
272 3497 328 3560 pro
351 3485 495 3558 potestate
511 3486 539 3540 ot
558 3479 699 3559 imperio,
721 3487 771 3541 aut
787 3497 854 3541 cum
869 3479 925 3541 lide
941 3481 1064 3560 quadam
1080 3489 1109 3542 et
1124 3481 1260 3559 gravitate
1274 3481 1335 3542 olo-

181 3641 311 3650 -..--...-
324 3643 361 3649 -.
371 3644 418 3649 ..μ
449 3645 478 3650 ..-

246 3738 272 3803 6)
291 3739 392 3790 Sanscr.
405 3740 447 3790 ab.
461 3737 534 3791 Goth.
547 3740 615 3791 uilo.

246 3824 271 3885 'll
290 3822 361 3874 Coei.
375 3822 511 3874 lllomfleld.
525 3824 603 3887 gloss.
616 3822 734 3890 Aeschyl.
749 3822 983 3889 promeruerit,
998 3828 1039 3893 qui
1057 3829 1196 3879 rectissime
1215 3824 1336 3897 αὐχέω,

175 3912 271 3976 tepuit,
285 3913 325 3961 etl
334 3912 440 3978 proprie
453 3909 662 3976 considentes·
672 3910 750 3962 dieo.
776 3909 924 3960 Assentilnr
939 3909 998 3960 mibi
1016 3910 1045 3960 tl.
1064 3912 1268 3978 Fleckeisenins,
1285 3914 1338 3966 Ζιιι·

179 3992 244 4047 Ιὶιιι.
257 3994 280 4045 tl.
294 3994 633 4061 eltlat.llicbterireg1n.bei
647 3995 744 4049 Gellius
755 4010 779 4062 p.
792 3994 820 4060 8,
837 4001 865 4045 et
879 3995 911 4045 ed
923 3996 1093 4061 explicandam
1105 4001 1257 4062 gnttnrolem
1269 4002 1337 4069 espi-

179 4079 302 4133 rntionetn
314 4079 389 4131 affert
400 4080 502 4131 Senscr.
515 4081 623 4131 redicem
634 4080 681 4131 ab:
693 4095 749 4135 nem
761 4081 775 4130 b
793 4080 818 4131 in
827 4098 849 4150 χ
864 4080 957 4131 abiisse
974 4082 1062 4133 eodem
1073 4085 1159 4148 inodo,
1176 4101 1224 4152 qno
1240 4104 1293 4156 μιχ
1311 4088 1335 4138 iu

179 4158 272 4234 ὀμίχω
284 4181 298 4217 e
311 4165 412 4216 Sessar.
424 4166 477 4219 nub
488 4165 611 4217 extiterit.

248 4249 272 4315 8)
292 4248 385 4301 Festus
398 4251 421 4300 b.
434 4266 473 4301 ιιι
485 4255 622 4317 negumate
633 4253 661 4302 in
674 4251 792 4303 Cermoro
805 4252 848 4304 Co.
862 4252 957 4306 Marcii
967 4255 1032 4305 vab'e
1051 4254 1096 4317 (tle
1110 4271 1157 4323 quo
1171 4256 1202 4307 ei.
1217 4257 1293 4309 lisois
1305 4258 1336 4307 ad

179 4335 231 4386 Cic.
244 4336 276 4386 le
288 4336 365 4387 tllvin.
381 4336 403 4401 l,
416 4335 459 4401 to)
478 4337 610 4403 ergubleat
624 4342 730 4405 negate,
750 4354 829 4406 quatu
843 4342 893 4390 eit:
912 4339 1034 4403 Quantus
1050 4342 1206 4392 moventium
1222 4343 1338 4413 duonum

178 4425 323 4490 negumate.
347 4419 424 4473 Nolle
435 4422 533 4473 ratione
545 4421 660 4489 Scaliger
670 4429 799 4493 argemo
809 4431 855 4476 aot
864 4428 986 4491 neglecte
997 4425 1155 4479 scribentium
1165 4428 1262 4481 omaso.
