3154 5138
691 447 752 511 383

142 632 294 695 dationem
317 634 402 697 haee
424 634 563 714 aliaque
590 635 766 698 eiusmodi
793 654 848 717 pro
870 635 958 697 haee
980 641 1085 712 atque
1110 632 1302 706 eiusmodi,

141 734 254 796 scilieet
268 734 347 816 qnod
363 735 420 797 hoc
435 735 531 796 solnm
546 736 723 799 eiusmodi
738 737 831 799 instar
846 734 970 799 subiecti
984 743 1034 796 aut
1045 733 1151 796 obiecti
1165 736 1301 814 usurpari

140 858 236 918 posse
251 839 356 911 eredit,
371 837 452 899 nullo
471 848 521 901 eut
535 839 656 901 nomine
675 848 724 903 ant
738 838 915 920 pronomine
929 836 1042 899 addito:
1056 836 1092 899 ad
1109 837 1186 917 quod
1202 855 1302 898 exem·

141 939 228 1019 plum
243 939 368 1018 patietur
381 940 445 1001 sino
459 939 549 1002 dubio
569 940 655 1002 etiam
671 958 751 1003 nune
764 940 834 1002 diei:
854 958 925 1002 nnn
945 959 963 1001 o
971 958 1036 1020 pus
1053 947 1107 1001 est
1125 938 1302 1000 eiusmodi

141 1042 318 1104 refellere.
363 1041 450 1116 Quod
468 1051 564 1104 autem
584 1042 633 1117 ΙΙΙ,
653 1042 683 1117 9,
703 1043 744 1104 22
764 1062 819 1123 pro
834 1043 963 1124 perfecto
984 1040 1161 1112 dilatavit,
1175 1042 1204 1101 in
1220 1040 1302 1103 eodi-

141 1143 229 1205 cibus
245 1144 365 1224 scripto‚
380 1160 442 1205 non
457 1143 597 1224 reposuit
612 1144 692 1224 quod
707 1165 723 1207 a
739 1165 786 1207 me
801 1145 943 1225 seriptum
959 1153 1018 1213 est,
1035 1141 1214 1214 dilatabit,
1234 1160 1303 1203 nasu

140 1246 245 1326 potius
264 1265 351 1327 qnam
372 1247 508 1308 oonsuito
527 1248 633 1309 iactum
649 1246 792 1320 arbitror,
821 1245 1058 1327 quandoquidem
1074 1242 1238 1316 neminem,
1254 1244 1302 1324 qui

140 1346 185 1409 vei
206 1348 391 1410 mediocriter
411 1348 551 1421 attendat,
573 1348 609 1409 de
628 1347 801 1409 nenessitate
819 1346 907 1409 huius
932 1344 1145 1408 emendationis
1171 1345 1304 1408 dubitare

140 1469 236 1531 posse
251 1452 378 1513 eontido.
421 1450 569 1513 Fortassis
584 1457 680 1512 autem
696 1450 783 1512 etiam
798 1450 834 1525 ll,
850 1450 879 1524 2,
895 1452 914 1512 5
930 1450 1075 1532 passivam
1092 1451 1231 1521 formam,
1248 1447 1303 1519 in·

141 1553 312 1628 veterati,
332 1572 387 1632 pro
408 1553 497 1616 activa
518 1553 616 1614 minos
632 1551 794 1614 dubitasset
808 1553 949 1634 recipere,
966 1552 991 1614 si
1007 1550 1197 1621 meminisset,
1213 1569 1298 1629 qoam
1325 1554 1356 1607 12

142 1674 232 1736 saepe
248 1655 355 1717 activae
369 1664 399 1716 et
412 1655 544 1735 passivae
558 1654 767 1717 infinitivornm
788 1656 900 1718 formae
921 1675 936 1718 a
957 1654 1080 1717 librariis
1100 1655 1240 1716 confusae
1254 1673 1302 1715 es-

142 1763 221 1828 sent,
238 1756 322 1818 tatius
338 1756 522 1818 contusionis
542 1776 660 1819 oausam
679 1777 714 1819 ex
729 1758 847 1838 antiqua
868 1758 1013 1838 scriptura
1027 1760 1060 1819 ei
1072 1776 1127 1837 pro
1142 1760 1303 1837 irepeten·

143 1860 213 1921 dum
237 1878 304 1920 esse
322 1876 417 1939 nuper
435 1859 596 1921 Bichlerns
616 1860 732 1922 monuit
751 1859 781 1922 in
798 1860 831 1921 Ν.
847 1861 949 1922 Museo
965 1860 1105 1922 Rhenano
1122 1858 1169 1920 ΙΙΙ.
1185 1878 1215 1939 p.
1231 1860 1302 1921 515.

141 1962 215 2023 Nam
235 1961 315 2041 qnod
336 1962 497 2039 perfeetum
517 1961 640 2023 andrum
668 1962 865 2024 inveteravi
893 1962 1071 2025 intransitiva
1093 1961 1303 2041 significatione

142 2063 253 2127 dietum
269 2063 422 2133 invenitor,
438 2063 528 2141 (velut
541 2063 617 2142 apud
634 2064 692 2125 Cio.
708 2065 744 2126 ad
759 2063 860 2125 Famii.
877 2063 948 2135 ΧΙΙΙ,
964 2064 993 2138 3,
1008 2065 1041 2137 3;
1061 2082 1139 2126 nam
1160 2063 1189 2123 si
1204 2062 1302 2123 inve-

143 2163 269 2229 terarit
281 2173 399 2227 aetum
415 2170 492 2241 est)
507 2164 579 2226 nihil
595 2167 663 2228 ierit
677 2165 712 2227 ad
727 2166 849 2228 eandem
859 2165 1100 2245 significationem
1116 2164 1202 2227 etiam
1217 2182 1302 2244 prae-

143 2267 220 2329 senti
242 2266 444 2339 sumendam,
466 2267 545 2346 quod
568 2267 593 2328 si
614 2266 796 2328 intransitive
817 2266 972 2328 dicendam
997 2275 1055 2337 est,
1071 2265 1301 2333 inveterasse

141 2367 282 2447 usurpari
297 2367 380 2429 solet
425 2368 565 2430 Similiter
579 2388 614 2429 ex
629 2386 679 2442 eo,
696 2368 775 2448 qnod
790 2368 869 2430 anxi
889 2385 1103 2447 nonnunquam
1123 2369 1303 2430 intransitive

142 2470 256 2543 dieitur,
272 2487 427 2549 perperam
443 2469 526 2532 multi
542 2470 628 2530 etiam
644 2486 755 2548 augeo
771 2486 826 2548 pro
842 2486 993 2547 angeseo
1010 2469 1119 2530 dietum
1134 2488 1199 2532 esse
1215 2470 1302 2531 colte-

142 2580 257 2651 gemnt,
272 2580 373 2633 eontra
386 2590 462 2651 quos
477 2578 556 2633 reete
563 2571 742 2651 disputatum
757 2569 946 2632 estaiiittevo
962 2568 996 2632 ad
1014 2571 1103 2633 Tacit.
1114 2574 1187 2632 dnn.
1199 2570 1303 2643 vttt.

228 2672 322 2735 Scrib.
338 2673 585 2754 Gryphissvaidiae
599 2692 623 2733 a.
637 2673 664 2733 d.
680 2672 725 2734 tv.
742 2672 782 2734 id.
799 2671 855 2733 ini.
871 2672 1074 2735 nnccctvtt.
