3154 5138
699 462 761 528 307

219 653 295 733 Cup.
312 651 363 726 xl,
379 651 430 713 26.
465 652 750 729 Anaxagoras-
770 651 926 714 omnium
945 672 1062 717 rerum
1082 655 1304 737 descriptio·
1329 669 1359 721 15

143 773 215 816 nem
240 763 276 816 et
295 754 442 816 modum
462 754 592 815 mentis
618 751 786 815 infinitae
804 753 836 815 vi
855 773 895 817 ac
912 756 1052 820 ratione
1070 757 1253 838 designari
1273 766 1307 821 et

143 857 273 919 0001101
289 856 404 918 voluit
442 855 492 917 Sic
505 855 585 918 hunc
599 855 696 917 locum
712 855 837 930 codices,
852 867 886 920 ut
901 859 1020 936 videtur,
1035 878 1140 923 omnes
1155 861 1305 936 exhibent3

142 958 274 1020 Davisius
300 966 401 1020 lamen
420 957 553 1037 reposuit
570 965 600 1020 et
618 964 768 1031 motum;
794 976 880 1038 quem
900 979 954 1040 ego
981 961 1163 1042 sequendum
1185 961 1306 1025 iudicavi

142 1060 258 1123 duabus
274 1060 311 1122 de
325 1059 431 1123 causis.
461 1058 595 1122 Primum
611 1066 733 1139 propter
748 1059 857 1123 multos
873 1059 1052 1126 Graecorum
1067 1064 1244 1145 scriptorum
1259 1064 1305 1126 lo-

141 1182 206 1237 cos,
223 1161 292 1244 qui,
307 1181 398 1245 quum
414 1161 450 1224 de
464 1162 519 1224 hac
534 1162 722 1240 Anaxagorae
736 1161 868 1226 doctrina
883 1164 1024 1241 referunt,
1041 1184 1103 1228 non
1118 1166 1215 1229 solum
1231 1162 1305 1229 dcc-

139 1259 319 1351 κόσμησιν,
343 1265 372 1327 h.
388 1284 414 1327 e.
434 1263 732 1344 descriptionem,
760 1283 993 1328 commemorare
1012 1268 1121 1343 solent,
1147 1268 1305 1331 sedetiam

138 1362 287 1453 scirpeus,
306 1367 338 1429 h.
353 1385 378 1429 0.
393 1375 539 1439 motum,
558 1367 697 1446 sineque
717 1364 793 1426 illam
809 1366 1037 1448 descriptionem
1053 1370 1157 1432 confici
1171 1388 1233 1433 non
1248 1390 1304 1451 po·

137 1471 234 1533 tuisse
247 1477 383 1551 apertum
398 1475 452 1531 est.
492 1468 609 1531 Praeter
629 1486 698 1539 eos,
718 1484 794 1547 quos
814 1468 871 1530 iam
885 1469 1017 1533 Davisius
1033 1471 1140 1546 citavit,
1160 1472 1217 1535 vid.
1233 1473 1305 1535 alios

137 1573 289 1652 plurimos
304 1573 381 1653 apud
397 1572 639 1647 Schaubaclsimm
661 1572 847 1651 Anaxagorae
863 1572 936 1635 Clas.
957 1575 1101 1653 lragmm„
1120 1594 1150 1654 p.
1167 1573 1217 1636 68.
1235 1575 1304 1638 100.

140 1676 212 1737 104.
234 1674 295 1737 108
310 1694 355 1755 sq.
375 1675 435 1737 129
449 1695 494 1756 sq.
525 1675 626 1756 Neque
640 1682 702 1737 erat
717 1693 769 1735 cur
783 1672 893 1747 (livero,
910 1675 1022 1737 omisso
1038 1695 1089 1752 00,
1108 1676 1188 1757 quod
1203 1675 1239 1739 ad
1258 1677 1305 1739 in·

136 1778 307 1856 tegritatem
322 1777 469 1840 relationis
485 1778 653 1859 pertineret,
668 1776 792 1839 alterum
806 1777 886 1852 illud,
902 1779 1057 1855 modum,
1074 1798 1185 1860 ponere
1200 1779 1305 1855 mallet,

136 1880 219 1960 quod
241 1880 311 1941 addi
329 1880 367 1942 ad
387 1880 671 1962 descriptionem
690 1878 761 1940 nihil
781 1898 856 1959 opus
877 1881 938 1942 luit
977 1881 1086 1943 Deinde
1106 1901 1180 1963 quae
1206 1882 1303 1944 statim

135 1982 253 2064 opponi
270 2000 289 2043 a
304 1981 412 2045 Velleio
428 1982 508 2045 lacit:
534 1982 568 2044 in
590 2001 659 2062 quo
680 1999 750 2043 non
766 1981 870 2057 vidit,
894 2001 1007 2063 neque
1026 1992 1157 2045 motum
1181 1985 1304 2047 sensui

133 2085 303 2147 iunctum
318 2093 353 2148 et
366 2085 611 2148 continentem
627 2086 662 2147 in
678 2084 823 2146 infinito
839 2083 946 2146 ullum
962 2104 1042 2146 esse
1057 2104 1165 2165 posse
1179 2122 1235 2161 —‚
1251 2106 1304 2149 oo·

135 2197 210 2268 gunt
225 2188 462 2268 propemodum,
485 2196 517 2249 ut
535 2187 621 2249 etiam
643 2204 732 2267 supra
747 2185 782 2248 de
801 2195 898 2247 motu
913 2186 1019 2266 aliquid
1035 2186 1144 2249 dictum
1161 2207 1227 2249 essa
1242 2196 1302 2250 sta-

135 2298 269 2352 tuamus.
299 2289 375 2352 Nam
390 2289 469 2371 quod
484 2287 673 2352 Heindorlius
689 2287 797 2364 obiicit,
816 2307 876 2350 non
891 2296 990 2351 tamen
1005 2290 1131 2351 eundem
1147 2290 1302 2371 utrobique

134 2402 255 2455 motuum
274 2391 394 2471 intelligi
414 2410 518 2471 posse3
542 2391 665 2453 alterurn
685 2389 762 2451 enim
782 2409 896 2465 rerum,
918 2390 1040 2454 alterum
1060 2391 1168 2454 mentis
1187 2400 1302 2455 motum

134 2514 217 2557 esse:
241 2495 303 2555 hoc
321 2493 403 2556 facile
416 2492 538 2555 dissolvi
552 2501 659 2573 potest.
689 2491 833 2554 Nimirum
848 2493 993 2574 Epicureo
1008 2512 1128 2556 necesse
1142 2494 1302 2569 videbatur,

136 2598 218 2678 quod
234 2604 367 2659 moveret
380 2595 516 2667 alterum,
541 2594 571 2657 id
590 2595 689 2676 ipsum
705 2612 822 2675 quoque
842 2596 965 2672 moveri3
991 2615 1038 2658 res
1057 2597 1154 2677 itaque
1174 2605 1301 2659 amente

134 2700 251 2762 moveri
278 2699 345 2762 sine
369 2699 463 2778 ipsius
484 2697 590 2760 mentis
609 2705 692 2759 motu
711 2713 774 2758 non
795 2696 936 2776 potuisse.
976 2697 1115 2760 Fueritne
1140 2699 1212 2760 haec
1235 2696 1302 2761 ve're

138 2803 328 2882 Anaxagorae
342 2801 499 2875 sententia,
520 2817 558 2861 an
571 2817 634 2861 non
650 2798 752 2861 luerit¹
766 2800 806 2874 ³),
821 2798 893 2861 nihil
908 2800 943 2861 ad
957 2818 1034 2862 rem:
1053 2819 1124 2887 nam
1139 2800 1301 2880 Epicureos

136 2912 305 2966 cetetonem
321 2901 478 2965 sententias
499 2919 652 2981 nunquam
672 2916 734 2962 non
754 2918 809 2962 suo
829 2901 948 2963 modulo
968 2901 1173 2982 interpretatos
1193 2921 1259 2964 esse
1272 2912 1301 2964 et

137 3006 319 3070 diiudicasse
332 3006 406 3069 satis
421 3012 545 3068 constat.
575 3002 694 3065 Videtur
713 3002 771 3064 hoc
785 3004 871 3065 etiam
886 3003 1038 3065 llrischius
1054 3005 1216 3085 significare
1230 3004 1300 3067 velle

28 3172 33 3187 ,
140 3126 169 3188 p.
180 3109 221 3171 66
236 3116 313 3183 not,
327 3108 376 3188 qui
390 3126 448 3189 qua
462 3108 575 3169 ratione
589 3113 685 3168 tamen
695 3103 801 3167 Davisii
817 3104 1051 3167 emendationem
1066 3115 1193 3187 spernat
1201 3096 1301 3169 'fateor

28 3212 35 3257 i
140 3228 188 3272 me
201 3229 265 3272 000
280 3212 455 3292 perspicere.
471 3245 512 3256 -
530 3209 659 3290 Denique
674 3208 809 3271 codicum
825 3206 854 3268 in
869 3206 918 3269 teli
932 3226 964 3269 re
979 3209 1179 3272 auctoritatem
1193 3209 1300 3273 nullium

139 3312 285 3375 momenti
300 3331 367 3374 esse
382 3312 500 3392 quilibet
513 3309 663 3373 concedet.

26 3484 33 3495 ‚
225 3414 295 3496 cap.
311 3412 360 3488 XI,
374 3414 425 3478 28.
454 3412 685 3476 Parmenides
705 3411 989 3474 commenticium
1009 3412 1175 3493 quiddam
1195 3433 1300 3477 coro-

0 3489 23 3567 r
140 3535 203 3579 nae
216 3515 455 3580 similitudine
469 3515 595 3578 elficit:
612 3514 815 3594 Stephaoan
831 3514 1001 3593 appellat:
1018 3516 1227 3578 continente
1242 3536 1299 3579 ar·

138 3618 223 3682 dore
237 3619 332 3683 lucis
346 3618 480 3693 orbem,
500 3618 559 3699 qui
578 3617 692 3697 cingit
712 3616 857 3679 coelum.
885 3616 990 3680 Mirum
1006 3626 1051 3681 est
1069 3618 1148 3681 hune
1166 3619 1301 3681 indicati-

136 3740 206 3783 vum
228 3721 342 3802 cingit
362 3740 378 3783 a
393 3719 539 3803 plerisque
554 3720 695 3800 patienter
712 3719 866 3781 toleratum
888 3737 968 3781 esse:
993 3737 1061 3781 narn
1078 3719 1191 3799 primus
1206 3721 1299 3783 Erne-

133 3824 212 3887 suus
243 3823 397 3899 „melius‘⁴
423 3824 517 3904 inquit
538 3823 637 3897 „iuret
659 3821 813 3901 cingat“‚
836 3821 914 3902 quod
938 3822 1041 3884 deinde
1063 3822 1098 3884 ab
1121 3822 1301 3899 Heindorlio‚

133 3925 270 4000 nocero,
295 3925 403 3989 Orellio
428 3925 592 4005 repositum
618 3931 672 3986 est.
727 3923 785 3986 Sed
812 3943 893 3999 ecce,
920 3933 1079 4004 patronum
1105 3934 1187 3988 vetus
1214 3926 1299 3989 lectio

127 4038 222 4093 nacta
241 4038 288 4091 est
305 4027 500 4110 insperatum,
514 4026 694 4100 1101001000,
714 4046 744 4107 p.
767 4026 835 4089 109.
880 4026 908 4089 ls
927 4027 1006 4090 enim
1025 4028 1071 4090 his
1091 4028 1201 4105 verbis,
1213 4048 1300 4091 con-

129 4132 199 4194 tin.
220 4131 292 4195 000.
312 4131 404 4194 lucis
435 4129 570 4204 orbem,
601 4129 659 4209 qui
691 4129 803 4208 cingit
822 4129 974 4204 coelum,
1001 4147 1063 4191 non
1086 4130 1210 4211 amplius
1231 4130 1301 4210 quid

125 4232 305 4296 Parmenidi
329 4231 473 4315 placuerit
492 4231 608 4308 referri,
634 4232 687 4295 aed
711 4230 807 4312 ipsius
824 4232 975 4295 referentis
996 4232 1134 4296 iudicium
1153 4231 1301 4323 interponi
1368 4250 1374 4261 ·

204 4456 246 4523 ra)
265 4456 336 4511 00.
350 4458 462 4509 amor.
474 4455 555 4524 ruys.
566 4454 631 4523 vm,
644 4458 668 4507 a.

1036 4543 1100 4606 20*
