3266 5140
852 430 913 491 452

308 618 376 679 inde
392 618 427 679 ab
442 616 551 679 ultimis
567 615 750 695 temporibus
765 616 837 677 baec
850 633 908 678 rana
922 615 1095 695 praefuerat,
1110 623 1231 696 propter
1246 616 1399 677 innumera
1411 613 1463 677 br-

307 720 407 780 nelicia
424 719 527 780 eximie
542 736 652 791 caram,
667 754 709 765 -
724 719 799 779 hanc
812 735 870 779 nna
885 717 1039 779 bominum
1061 725 1138 779 aetas
1158 726 1187 779 et
1200 735 1358 779 numerosa
1373 717 1464 798 stirpe

307 822 464 883 laetissime
489 823 656 896 llorentem,
681 830 710 882 et
729 819 847 901 penitus
867 819 988 881 deletam
1008 819 1077 882 vidit
1097 828 1182 899 atque
1201 819 1365 881 extinctam.
1407 820 1464 881 Sex

307 924 385 985 enirn
400 924 429 984 in
445 924 621 1003 praeclaram
636 923 747 1004 patriae
766 941 849 1003 spem
868 921 1054 983 adoleverant
1072 921 1199 1001 Bogislai
1220 921 1285 983 Xlll
1305 929 1334 982 et
1348 922 1463 983 Ernesti

307 1026 444 1088 Ludorici
457 1026 515 1100 lilii,
529 1043 655 1106 pirorum
670 1043 759 1086 nemo
778 1042 873 1104 neque
888 1023 922 1086 ad
938 1023 1046 1086 iustum
1059 1024 1132 1086 vitae
1146 1024 1292 1085 humanae
1305 1024 1463 1085 terminum

307 1128 432 1202 durarit,
452 1146 547 1207 neque
567 1135 653 1189 natos
673 1145 709 1188 en
728 1146 760 1188 se
778 1125 909 1209 reliquit,
930 1128 978 1206 qrri
999 1126 1029 1187 in
1045 1127 1138 1207 ipsius
1153 1127 1251 1189 locum
1266 1127 1462 1189 succederent.

307 1230 457 1291 Extinctus
473 1229 562 1291 estin
577 1229 643 1309 ipso
659 1229 759 1291 aetatis
775 1230 849 1290 tiore
864 1228 1014 1309 Georgius,
1034 1229 1151 1307 triginta
1165 1247 1215 1290 sex
1231 1246 1375 1291 annontui
1391 1229 1463 1290 ado·

307 1333 430 1394 lescens.
461 1331 592 1411 Lugebat
604 1330 786 1404 Pomerania‚
801 1330 965 1410 praeclarae
975 1330 1051 1393 illius
1068 1328 1187 1404 indolis,
1203 1330 1286 1392 cuius
1300 1330 1391 1393 multa
1405 1331 1463 1391 iam

307 1443 336 1496 et
351 1434 474 1514 insignia
489 1433 649 1514 specimina
661 1442 845 1514 cognoverat,
861 1434 987 1495 fructum
1003 1432 1059 1495 sibi
1073 1431 1246 1514 necopinata
1261 1442 1357 1494 morte
1371 1432 1464 1494 iater-

309 1546 438 1617 ceptum:
455 1536 493 1597 ita
510 1548 607 1597 mmen
621 1536 747 1615 lugebat,
763 1543 795 1598 ut
809 1537 889 1597 bunc
903 1536 1035 1598 dolorem
1050 1543 1200 1617 quattuor,
1219 1534 1269 1615 qui
1285 1542 1463 1615 supererant,

307 1644 440 1713 fratrum,
457 1639 543 1700 unius
559 1639 696 1718 patmelis
710 1640 866 1718 adspectus
881 1639 1100 1719 quodammodo
1113 1638 1227 1699 levaret.
1257 1638 1395 1701 Nondum
1410 1655 1463 1699 an·

307 1760 365 1804 nus
380 1741 498 1813 abierat,
508 1750 536 1803 et
544 1741 711 1821 Philippum
720 1740 820 1802 extulit
835 1741 1005 1815 secundum,
1018 1740 1113 1803 virum
1128 1758 1281 1821 nunquam
1292 1740 1363 1803 satis
1379 1759 1463 1819 prae-

273 1862 279 1869 *
308 1845 464 1907 dicandum
485 1852 514 1905 et
532 1862 585 1924 per
605 1843 742 1905 tredecim
763 1861 858 1905 annos
877 1842 908 1904 in
929 1843 1158 1905 administranda
1176 1862 1208 1905 re
1223 1843 1338 1923 publica
1352 1841 1464 1922 egregie

308 1954 479 2028 spectatum.
510 1945 641 2007 Graviori
655 1964 725 2007 sane
740 1944 857 2006 vulnere
873 1964 1010 2024 percussa
1025 1954 1087 2007 erat
1101 1945 1202 2027 patria,
1217 1945 1350 2007 nondum
1367 1953 1463 2007 tamen

306 2049 395 2123 letali,
417 2067 507 2129 quum
527 2056 717 2128 superessent
736 2047 830 2109 adbuc
849 2065 910 2108 non
931 2046 1040 2128 indigni
1056 2048 1104 2110 tali
1120 2047 1251 2128 principe
1266 2062 1463 2110 successores.

271 2172 286 2221 5
309 2152 385 2213 Ecce
399 2159 494 2212 autem
512 2158 582 2231 post
597 2149 745 2212 biennium
760 2149 847 2211 etiam
861 2149 1035 2212 Franciscus
1050 2150 1206 2212 immatura
1221 2158 1317 2212 morte
1332 2149 1463 2212 sublatus

306 2262 361 2327 est,
376 2251 427 2332 qui
443 2260 596 2331 acceptum
609 2271 626 2313 a
640 2252 729 2313 tratre
742 2250 899 2331 imperium
913 2252 952 2313 ita
960 2252 1217 2324 administraverat,
1232 2261 1266 2314 nt
1279 2253 1359 2314 bunc
1372 2251 1402 2313 in
1417 2250 1464 2312 illa

306 2353 396 2416 totius
412 2352 582 2415 Germaniae
597 2352 825 2432 perturbatione,
841 2352 923 2414 cuius
940 2361 1009 2415 tnnc
1023 2362 1125 2433 coeptu
1139 2362 1223 2416 erant
1236 2353 1325 2428 initia,
1339 2353 1465 2415 tortissi-

307 2475 387 2517 mum
403 2464 432 2517 et
447 2453 708 2535 prudentissimum
724 2454 890 2516 communis
907 2455 1008 2516 salutis
1019 2463 1048 2517 et
1061 2454 1199 2518 libertatis
1210 2455 1350 2518 vindicem
1364 2474 1397 2517 ac
1412 2455 1463 2516 de-

309 2560 458 2621 fensorem
478 2575 581 2619 omnes
603 2557 667 2617 lore
685 2565 845 2636 sperarent
875 2556 1004 2619 Alterum
1025 2557 1093 2619 abiit
1112 2556 1276 2620 biennium:
1292 2566 1321 2619 et
1334 2556 1462 2620 Illricum

308 2678 425 2741 quoque
439 2659 470 2719 in
489 2658 554 2738 ipso
569 2657 659 2719 virilis
677 2658 777 2720 aetatis
796 2657 904 2719 robora
918 2660 1071 2720 florentem
1090 2667 1120 2720 et
1134 2660 1277 2739 rigentem
1296 2659 1464 2739 repentinae

309 2762 414 2824 mortis
430 2779 515 2823 casus
529 2759 702 2839 absumpsit
718 2795 759 2806 -
774 2761 816 2822 ita
836 2767 973 2840 quattuor
991 2778 1051 2822 uno
1066 2760 1265 2839 quinquennio
1281 2760 1464 2842 principibus

308 2863 451 2943 abreptis,
478 2863 560 2942 qnasi
586 2861 707 2924 attonita
733 2869 764 2923 et
789 2862 988 2942 obstupefacta
1012 2869 1058 2923 tot
1082 2861 1211 2923 cladibus
1236 2862 1341 2942 patria,
1372 2881 1463 2943 quum

309 2983 428 3027 ornnem
445 2964 534 3027 lutari
550 2964 689 3042 temporis
707 2982 792 3044 sporn
812 2982 871 3026 una
887 2981 954 3025 cum
968 2962 1024 3024 illis
1036 2962 1201 3026 concidisse
1215 2962 1333 3037 videret,
1348 2965 1463 3044 gravius

308 3076 405 3130 tamen
422 3066 545 3129 orbitate
559 3066 669 3128 malum
684 3084 746 3128 non
761 3065 881 3146 putabat
896 3064 952 3125 sibi
966 3063 1137 3126 timendum.
1164 3064 1254 3145 Igitur
1269 3084 1336 3127 cum
1350 3065 1463 3145 Philip-

308 3186 379 3249 pum
400 3186 518 3248 qnoque
536 3167 640 3230 lulium
659 3168 755 3231 tribus
776 3169 835 3229 lere
851 3177 920 3246 post
938 3165 1066 3229 [llrioum
1086 3166 1171 3228 annis
1185 3167 1349 3239 extulisset,
1369 3185 1462 3230 unum

308 3278 379 3331 tunc
393 3288 428 3331 er
444 3279 488 3331 tot
502 3269 640 3332 tratribus
655 3270 786 3331 relictum
800 3268 982 3347 bogislaum,
997 3268 1074 3330 inter
1088 3268 1184 3349 ipsam
1202 3269 1333 3349 suscepti
1346 3268 1463 3349 imperii

308 3371 531 3450 gratrdationem
553 3379 666 3432 moesta
686 3389 720 3432 ac
740 3369 843 3449 lugens
858 3370 898 3431 ita
913 3370 1103 3432 consalutauit
1123 3371 1308 3446 Pomerania‚
1334 3378 1366 3433 ut
1389 3389 1463 3451 quae

308 3470 376 3534 nulli
392 3472 515 3551 posthac
529 3471 575 3533 sui
590 3470 741 3550 sanguinis
756 3469 883 3550 principi
904 3480 981 3534 esset
999 3471 1183 3551 gratulatura.
1213 3472 1368 3552 lgnorabat
1382 3473 1461 3536 scili·

306 3581 352 3635 cet
366 3575 451 3636 ctiam
463 3575 626 3652 graviorem
642 3573 698 3635 sibi
711 3574 882 3653 impendere
897 3573 1095 3637 calamitatem.
1125 3574 1212 3648 Quod
1226 3573 1304 3636 enim
1318 3581 1389 3655 post
1401 3575 1462 3637 Pa·

308 3693 494 3738 maranorum
510 3673 687 3755 principium
706 3674 855 3738 interitum
874 3695 928 3738 eos
947 3675 1050 3737 saltem
1065 3694 1098 3737 se
1112 3682 1264 3737 nacturum
1278 3695 1345 3739 esse
1358 3695 1459 3757 spera·

306 3776 356 3839 bat
370 3795 467 3840 rerum
483 3794 603 3839 suarum
618 3776 835 3850 moderatores,
858 3777 906 3858 qui
927 3785 1028 3839 essent
1047 3795 1148 3839 secum
1166 3785 1195 3839 et
1213 3777 1316 3841 unium
1335 3779 1459 3860 propin·

306 3880 428 3958 quinte,
444 3889 473 3940 et
488 3878 589 3957 stirpis
604 3877 730 3957 origine,
744 3888 773 3941 ct
786 3879 900 3959 linguae
918 3897 1094 3959 morumque
1109 3879 1332 3953 communione,
1350 3880 1459 3942 multo-

304 3998 371 4042 rum
392 3979 519 4060 denique
537 3997 571 4041 ac
591 3984 773 4040 vetustorum
792 3980 945 4043 foederum
963 3981 1026 4043 iure
1038 3979 1200 4043 coniuncti:
1219 3999 1257 4043 ne
1270 3982 1329 4044 boc
1342 3982 1460 4063 (peridem

304 4091 374 4163 post
392 4079 520 4161 bogislai
539 4088 664 4142 mortem
685 4081 806 4161 contigit
823 4082 969 4146 solatium.
1013 4082 1168 4163 Peregrina
1198 4083 1277 4145 enim
1306 4092 1377 4145 tunc
1407 4101 1461 4163 per

305 4192 395 4248 totam
411 4182 598 4245 Germaniam
613 4181 656 4243 ris
673 4190 702 4243 et
715 4202 795 4246 arma
810 4185 1047 4260 dominabantur,
1062 4194 1091 4247 ct
1105 4204 1195 4265 quum
1209 4185 1294 4260 bello,
1308 4185 1460 4252 sedeone

304 4285 460 4349 discordiis
474 4284 565 4345 mirra
582 4284 680 4346 omnia
695 4294 724 4347 et
738 4288 905 4366 perturbata
923 4296 1033 4357 essent
1047 4289 1186 4351 exhausta
1200 4287 1317 4351 tandum
1331 4286 1458 4351 uulneri·

304 4387 358 4449 bus
374 4396 403 4449 et
414 4387 537 4449 lacerata
552 4386 707 4451 Germania
720 4406 822 4469 paoem
836 4390 967 4454 nancisci
981 4408 1044 4453 nou
1057 4389 1161 4471 potuit,
1175 4390 1233 4453 nisi
1244 4390 1457 4468 itautmagaas
