3222 5148
672 477 822 578 Q

166 669 256 751 nique
271 670 348 741 talis,
364 688 451 749 quam
472 669 612 731 indirecte
627 669 865 750 interrogativum
881 668 1014 743 dicimus,
1036 665 1115 730 velut
1128 686 1220 748 quum
1234 667 1330 732 iuter·

166 792 307 853 rogamus
322 772 460 852 aliquem,
481 772 549 852 quid
565 772 657 853 egerit
672 772 781 852 ubique
795 780 926 835 versatus
942 772 990 845 sit,
1014 779 1064 833 aut
1078 770 1128 833 ubi
1143 779 1277 835 versatus
1290 772 1330 834 sit

166 877 295 956 quidque
312 876 352 938 ibi
366 876 486 948 iecerit,
507 895 542 938 ac
555 876 670 937 similia.
697 876 773 937 Sunt
791 885 892 937 autem
913 875 967 938 loci
985 892 1047 935 non
1061 874 1162 956 pauci,
1177 875 1208 935 iu
1223 874 1328 953 quibus

165 980 315 1059 ambigere
335 978 440 1057 aliquis
460 979 554 1059 possit
575 979 611 1040 de
627 997 694 1040 vera
709 978 736 1040 vi
752 977 919 1059 particulae,
938 986 1038 1039 utrum
1060 976 1210 1038 indefinita
1229 977 1268 1038 sit
1281 977 1329 1038 in·

167 1082 288 1145 delinito
304 1082 412 1156 addita,
428 1099 467 1143 eu
481 1082 581 1161 potius
596 1080 769 1163 copulativa.
788 1081 837 1143 Sic
850 1081 928 1160 apud
944 1080 1125 1153 Sallustium,
1141 1079 1223 1142 Catil.
1240 1098 1265 1142 c
1277 1078 1329 1153 21,

172 1185 200 1260 1,
216 1185 295 1264 quod
310 1184 430 1265 legitur:
448 1182 664 1264 „postulare
678 1184 847 1263 plerique
861 1183 918 1245 uti
933 1189 1118 1263 promeret
1133 1217 1174 1227 -
1188 1181 1330 1262 —quid

166 1287 303 1368 ubique
330 1287 410 1369 opis
436 1292 498 1349 aut
524 1287 606 1365 spei
632 1284 845 1356 baberent,“
874 1286 1035 1365 Herzogius
1056 1284 1175 1365 quidem
1195 1284 1330 1364 ubique

166 1391 318 1454 indefinito
333 1407 423 1451 seusu
437 1388 551 1469 accipit,
574 1388 703 1453 Kritzius
717 1396 818 1451 autem
833 1389 853 1450 i.
870 1406 898 1467 q.
912 1389 1024 1451 stubi
1039 1408 1105 1451 esse
1120 1388 1190 1451 rult.
1219 1388 1330 1455 Eadem

167 1493 312 1557 dissensio
328 1493 423 1554 estde
439 1480 501 1573 capss
519 1490 569 1564 27,
591 1493 622 1551 l:
651 1492 785 1566 „alium
805 1492 877 1554 alio
898 1491 1051 1565 dimisit,
1072 1509 1176 1570 quem
1190 1491 1331 1570 ubique

167 1606 413 1680 opportunum
429 1593 601 1656 sibilare
616 1594 821 1656 credebat.“
843 1595 917 1656 item
932 1594 1023 1669 c.-37,
1040 1595 1074 1655 5:
1097 1593 1179 1673 „uui
1195 1594 1329 1672 ubique

166 1699 306 1781 probro
333 1707 448 1777 atque
473 1697 689 1778 petulantia
715 1698 870 1760 maxime
898 1696 1142 1777 praestabant
1169 1729 1213 1741 —
1237 1728 1280 1742 -
1304 1697 1331 1759 ii

166 1804 313 1865 Romam
330 1802 428 1862 sicut
445 1800 481 1861 in
495 1800 677 1862 sentinam
693 1799 984 1861 confluxerant.“
1005 1799 1063 1861 Cic.
1079 1801 1115 1861 de
1130 1797 1261 1875 disinll,
1278 1798 1329 1872 45,

168 1904 225 1966 94:
249 1913 306 1979 „ut
325 1904 362 1964 in
385 1902 551 1964 maximis
572 1902 742 1965 motibus
761 1903 1110 1981 mutationibusque
1130 1901 1221 1962 caeli
1240 1900 1330 1963 nibil

170 2007 339 2079 intersit,
366 2005 427 2084 qui
454 2011 602 2081 ventus,
628 2005 686 2084 qui
707 2005 838 2078 imber,
862 2022 954 2083 quae
973 2012 1179 2084 tempestas
1197 2003 1331 2082 ubique

167 2111 250 2172 sit.“
294 2108 360 2169 Non
385 2107 517 2170 diffiteor
544 2107 681 2187 equidem
706 2108 753 2170 his
778 2107 851 2170 locis
876 2108 998 2186 aliisque
1022 2106 1176 2179 similibus,
1202 2125 1331 2186 quorum

166 2212 269 2292 ingens
295 2228 438 2271 numems
463 2219 517 2283 est,
544 2210 622 2272 haud
648 2209 837 2273 incommode
863 2209 998 2289 ubique
1024 2229 1079 2293 pro
1100 2218 1136 2273 et
1154 2208 1217 2271 ubi
1238 2208 1330 2290 accipi

168 2333 274 2397 possea
299 2313 350 2375 sed
368 2312 485 2385 ⁴nullum
502 2312 636 2374 omniurn
652 2333 716 2375 esse
731 2313 786 2386 aio,
813 2314 844 2374 in
859 2331 918 2392 quo
933 2331 996 2375 non
1011 2314 1097 2375 etiam
1113 2311 1264 2375 indefinita
1279 2311 1328 2373 illa

167 2417 342 2498 significatio
362 2419 429 2495 apta
449 2415 496 2489 sit,
522 2423 556 2476 ut
574 2414 756 2495 significetur
766 2416 982 2498 ubicunque
998 2417 1048 2493 16)
1063 2417 1092 2478 b.
1108 2436 1134 2477 e.
1151 2415 1197 2476 vel
1212 2415 1269 2477 boc
1283 2414 1330 2477 vel

168 2521 219 2583 illo
235 2520 310 2592 loco,
331 2517 463 2598 quisquis
478 2517 503 2578 is
517 2517 564 2590 sit,
585 2536 619 2578 ac
633 2518 658 2578 si
672 2520 738 2596 quis
752 2539 806 2600 pro
821 2521 952 2601 ubique
967 2520 998 2582 in
1012 2519 1069 2580 illis
1084 2517 1236 2598 exemplis,
1257 2535 1331 2598 quae

168 2623 263 2697 attuli,
289 2639 438 2700 quoque
464 2619 544 2681 loco
570 2618 737 2696 substituat,
763 2623 856 2685 velut:
881 2624 969 2702 quid
991 2616 1229 2702 quoqueloco
1250 2620 1330 2702 opis

168 2734 231 2789 aut
245 2724 331 2805 spei
345 2722 536 2794 haberent,
552 2756 595 2767 -
609 2739 712 2800 quem
734 2742 879 2804 quoque
898 2727 977 2789 loco
993 2734 1248 2806 opportunum
1264 2722 1331 2786 sibi

166 2829 252 2890 lore
278 2826 468 2901 credebat,
487 2858 532 2870 -·
552 2824 618 2903 qui
645 2842 790 2905 quoque
815 2828 895 2890 loco
922 2829 1058 2912 probro
1082 2837 1197 2908 atque
1222 2837 1332 2911 petu-

168 2927 564 3011 lantiapraestabant,
580 2962 623 2972 -
638 2945 726 3007 quae
741 2935 940 3009 tempestas
956 2948 1101 3011 quoque
1117 2933 1196 2996 loco
1212 2933 1332 3005 sit,—

168 3033 217 3095 rix
232 3033 337 3112 opinor
351 3050 531 3112 quemquam
550 3030 624 3102 fore,
649 3031 700 3109 qui
719 3031 913 3110 copulativam
934 3050 1024 3111 quarn
1039 3034 1225 3098 indefinitum
1239 3034 1334 3115 parti-

171 3135 256 3197 culae
281 3135 524 3215 significationem
551 3150 709 3213 agnoscere
733 3133 825 3205 malit,
851 3135 961 3217 pariter
977 3144 1066 3215 atque
1086 3140 1162 3219 apud
1178 3138 1333 3201 Horatium

170 3239 225 3320 Ep.
242 3238 264 3313 1,
283 3238 331 3312 18,
348 3237 403 3300 68:
427 3236 532 3316 „quin
558 3235 599 3296 dc
624 3253 766 3315 quoque
791 3237 868 3299 viro
893 3245 928 3299 et
948 3239 1007 3300 cui
1029 3238 1128 3302 dicae
1148 3259 1257 3321 saepe
1278 3240 1333 3302 ri-

169 3342 286 3403 deto.“
312 3348 365 3403 aut
381 3340 438 3402 Cic.
456 3347 529 3401 orat.
545 3358 569 3399 c.
587 3339 616 3412 4,
636 3339 690 3398 15:
712 3340 867 3419 „quibus
882 3341 1066 3403 orationis
1081 3342 1203 3405 modis
1219 3360 1332 3421 quae·

170 3461 237 3523 que
252 3444 459 3506 animorum
482 3448 604 3523 partes
626 3440 889 3520 pellerentur.“
912 3443 1006 3506 Porro
1021 3452 1121 3507 autem
1136 3452 1207 3507 sunt
1223 3445 1334 3524 aliquot

171 3546 313 3626 exempla,
332 3546 363 3606 in
383 3545 490 3625 quibus
506 3543 553 3605 rix
572 3544 730 3605 commode
752 3545 890 3623 ubique
911 3564 965 3629 pro
983 3553 1019 3607 et
1036 3546 1095 3608 ubi
1115 3546 1228 3608 dictum
1242 3547 1334 3610 videri

171 3647 276 3731 possit,
291 3648 370 3710 velut
384 3665 431 3728 ap.
448 3646 567 3709 Sallust.
584 3646 666 3708 Catil.
682 3665 706 3707 c.
724 3647 775 3721 51,
790 3646 846 3708 38:
869 3647 987 3728 „quod
1002 3648 1139 3729 ubique
1159 3649 1252 3729 apud
1273 3669 1335 3711 so-

172 3749 260 3812 cios
279 3758 339 3811 aut
357 3750 478 3812 hostis
505 3749 675 3810 idoneum
701 3749 912 3824 videbatur,
938 3769 1018 3812 cum
1045 3768 1187 3813 summo
1210 3751 1334 3813 studio

172 3852 274 3916 domi
293 3850 615 3932 exsequebantur.“
643 3854 741 3934 Cogita
757 3861 817 3929 „et
831 3852 927 3930 ubi“;
947 3852 1131 3916 subabsurda
1145 3853 1251 3916 existet
1265 3871 1335 3919 een·

177 3988 379 3999 *mu-5..-

243 4056 284 4120 16)
303 4056 357 4107 lloc
374 4055 553 4120 ubicunque
565 4053 709 4121 displicebit
720 4055 831 4108 tortasse
844 4054 956 4121 Kritzio,
973 4056 1017 4122 qui
1028 4056 1060 4108 ed
1072 4054 1176 4108 Sallust
1189 4054 1244 4108 Cat
1257 4072 1278 4107 c.
1291 4056 1334 4118 27,

174 4141 188 4192 1
202 4141 386 4207 ubicumque
398 4156 498 4206 semper
510 4142 541 4191 ad
553 4134 627 4192 aliam
639 4142 838 4194 enuntiationem
850 4142 945 4194 referri
957 4150 1078 4223 uertuntet²
1096 4143 1119 4192 b.
1132 4156 1155 4193 e,
1168 4142 1192 4191 in
1205 4141 1336 4193 bimembri

174 4225 299 4290 oratione,
311 4228 354 4278 ubi
365 4230 390 4278 in
402 4227 485 4279 altero
497 4227 608 4279 membro
620 4228 715 4292 aliquid
726 4236 771 4279 eut
782 4229 876 4280 dietum
888 4237 933 4279 aot
943 4227 1139 4279 subaudiendum
1152 4229 1198 4291 sit,
1210 4243 1259 4293 quo
1271 4227 1335 4278 illud

173 4309 226 4361 ubi
239 4309 374 4364 miscetur.
396 4310 509 4364 Fallitur
520 4320 604 4365 antem
616 4312 657 4365 vir
669 4313 768 4376 doctus,
780 4328 855 4378 quum
867 4328 991 4380 semper
1002 4314 1059 4365 fleri
1070 4314 1134 4377 vult,
1147 4314 1213 4378 quod
1225 4313 1336 4381 plerum·
1445 4387 1447 4391 .

175 4412 225 4461 que
236 4402 333 4449 tautum
345 4398 400 4449 lieri
413 4399 488 4465 solet,
501 4414 576 4464 quum
587 4399 613 4451 in
624 4400 673 4451 boc
684 4397 807 4451 vocabolo
820 4407 872 4451 tum
884 4400 910 4451 in
922 4399 980 4451 eliis
993 4399 1053 4452 item
1065 4416 1121 4453 cum
1132 4413 1257 4466 eumque
1267 4415 1336 4451 com·

174 4481 274 4550 positis.
299 4483 357 4535 Vid.
369 4499 438 4552 supr.
452 4492 505 4537 not.
519 4486 558 4536 15.

1070 4566 1133 4630 19*
