<?xml version="1.0" encoding="UTF-8"?>
<!DOCTYPE html PUBLIC "-//W3C//DTD XHTML 1.0 Transitional//EN"
    "http://www.w3.org/TR/xhtml1/DTD/xhtml1-transitional.dtd">
<html xmlns="http://www.w3.org/1999/xhtml" xml:lang="en" lang="en">
 <head>
  <title>
</title>
<meta http-equiv="Content-Type" content="text/html;charset=utf-8" />
  <meta name='ocr-system' content='tesseract 3.04.00' />
  <meta name='ocr-capabilities' content='ocr_page ocr_carea ocr_par ocr_line ocrx_word'/>
</head>
<body>
  <div class='ocr_page' id='page_1' title='image "./opusculaacademi00schogoog_0565.png"; bbox 0 0 3290 5142; ppageno 0'>
   <div class='ocr_carea' id='block_1_1' title="bbox 828 468 981 563">
    <p class='ocr_par' dir='ltr' id='par_1_1' title="bbox 828 468 981 563">
     <span class='ocr_line' id='line_1_1' title="bbox 828 468 981 563; baseline 0 -33"><span class='ocrx_word' id='word_1_1' title='bbox 828 468 981 563; x_wconf 54' lang='lat' dir='ltr'><strong>A.</strong></span> 
     </span>
    </p>
   </div>
   <div class='ocr_carea' id='block_1_2' title="bbox 306 604 1470 739">
    <p class='ocr_par' dir='ltr' id='par_1_2' title="bbox 306 604 1470 739">
     <span class='ocr_line' id='line_1_2' title="bbox 306 604 1470 739; baseline 0.004 -22"><span class='ocrx_word' id='word_1_2' title='bbox 306 653 408 717; x_wconf 86' lang='lat' dir='ltr'><strong>Potuit</strong></span> <span class='ocrx_word' id='word_1_3' title='bbox 426 645 509 737; x_wconf 76' lang='grc' dir='ltr'><strong>τάξῃ</strong></span> <span class='ocrx_word' id='word_1_4' title='bbox 531 646 632 732; x_wconf 75' lang='grc' dir='ltr'><em>νόμος</em></span> <span class='ocrx_word' id='word_1_5' title='bbox 644 651 710 716; x_wconf 85' lang='lat' dir='ltr'><strong>dici.</strong></span> <span class='ocrx_word' id='word_1_6' title='bbox 727 688 767 698; x_wconf 84' lang='lat'><em>-</em></span> <span class='ocrx_word' id='word_1_7' title='bbox 782 604 893 717; x_wconf 55' lang='lat' dir='ltr'>sed-de</span> <span class='ocrx_word' id='word_1_8' title='bbox 906 655 1043 718; x_wconf 80' lang='lat' dir='ltr'><strong>universo</strong></span> <span class='ocrx_word' id='word_1_9' title='bbox 1057 655 1117 717; x_wconf 88' lang='lat' dir='ltr'><strong>hoe</strong></span> <span class='ocrx_word' id='word_1_10' title='bbox 1135 673 1242 737; x_wconf 73' lang='lat' dir='ltr'><strong>genere</strong></span> <span class='ocrx_word' id='word_1_11' title='bbox 1258 657 1470 739; x_wconf 71' lang='lat' dir='ltr'>repetitionum</span> 
     </span>
    </p>
   </div>
   <div class='ocr_carea' id='block_1_3' title="bbox 237 755 1471 4524">
    <p class='ocr_par' dir='ltr' id='par_1_3' title="bbox 308 755 1469 1041">
     <span class='ocr_line' id='line_1_3' title="bbox 308 755 1469 842; baseline -0.001 -23"><span class='ocrx_word' id='word_1_12' title='bbox 308 755 436 819; x_wconf 76' lang='lat' dir='ltr'><strong>conferri</strong></span> <span class='ocrx_word' id='word_1_13' title='bbox 449 761 575 837; x_wconf 81' lang='lat' dir='ltr'><strong>possunt</strong></span> <span class='ocrx_word' id='word_1_14' title='bbox 589 773 696 834; x_wconf 79' lang='lat' dir='ltr'><strong>quaec</strong></span> <span class='ocrx_word' id='word_1_15' title='bbox 714 755 843 837; x_wconf 75' lang='lat' dir='ltr'><strong>Reisigio</strong></span> <span class='ocrx_word' id='word_1_16' title='bbox 864 756 940 820; x_wconf 81' lang='lat' dir='ltr'><strong>dictu</strong></span> <span class='ocrx_word' id='word_1_17' title='bbox 960 764 1031 820; x_wconf 92' lang='lat' dir='ltr'><strong>sunt</strong></span> <span class='ocrx_word' id='word_1_18' title='bbox 1051 757 1167 821; x_wconf 85' lang='lat' dir='ltr'><strong>Gomm.</strong></span> <span class='ocrx_word' id='word_1_19' title='bbox 1188 760 1252 822; x_wconf 88' lang='lat' dir='ltr'><strong>crit.</strong></span> <span class='ocrx_word' id='word_1_20' title='bbox 1271 760 1308 822; x_wconf 76' lang='lat' dir='ltr'><strong>ad</strong></span> <span class='ocrx_word' id='word_1_21' title='bbox 1329 759 1469 842; x_wconf 88' lang='lat' dir='ltr'><strong>Sophoci.</strong></span> 
     </span>
     <span class='ocr_line' id='line_1_4' title="bbox 308 857 1467 943; baseline 0.005 -23"><span class='ocrx_word' id='word_1_22' title='bbox 308 858 380 920; x_wconf 83' lang='lat' dir='ltr'><strong>Oed.</strong></span> <span class='ocrx_word' id='word_1_23' title='bbox 396 857 458 920; x_wconf 86' lang='lat' dir='ltr'><strong>Col.</strong></span> <span class='ocrx_word' id='word_1_24' title='bbox 473 876 503 939; x_wconf 92' lang='lat' dir='ltr'><strong>p.</strong></span> <span class='ocrx_word' id='word_1_25' title='bbox 522 857 591 932; x_wconf 80' lang='lat'><strong>186,</strong></span> <span class='ocrx_word' id='word_1_26' title='bbox 607 863 637 920; x_wconf 85' lang='lat' dir='ltr'><strong>et</strong></span> <span class='ocrx_word' id='word_1_27' title='bbox 650 876 668 921; x_wconf 81' lang='lat' dir='ltr'><strong>e</strong></span> <span class='ocrx_word' id='word_1_28' title='bbox 682 857 781 920; x_wconf 84' lang='lat' dir='ltr'><strong>Geeiio</strong></span> <span class='ocrx_word' id='word_1_29' title='bbox 796 859 833 920; x_wconf 83' lang='lat' dir='ltr'><strong>ad</strong></span> <span class='ocrx_word' id='word_1_30' title='bbox 848 858 947 941; x_wconf 85' lang='lat' dir='ltr'><strong>Eurip.</strong></span> <span class='ocrx_word' id='word_1_31' title='bbox 968 860 1122 923; x_wconf 77' lang='lat' dir='ltr'><strong>Phoenice.</strong></span> <span class='ocrx_word' id='word_1_32' title='bbox 1144 882 1171 923; x_wconf 88' lang='lat' dir='ltr'><strong>v.</strong></span> <span class='ocrx_word' id='word_1_33' title='bbox 1195 862 1247 924; x_wconf 76' lang='lat'><strong>21.</strong></span> <span class='ocrx_word' id='word_1_34' title='bbox 1264 881 1294 943; x_wconf 87' lang='lat' dir='ltr'><strong>p.</strong></span> <span class='ocrx_word' id='word_1_35' title='bbox 1320 860 1371 925; x_wconf 80' lang='lat'><strong>80.</strong></span> <span class='ocrx_word' id='word_1_36' title='bbox 1393 869 1425 926; x_wconf 87' lang='lat' dir='ltr'><strong>et</strong></span> <span class='ocrx_word' id='word_1_37' title='bbox 1440 882 1467 925; x_wconf 84' lang='lat' dir='ltr'><strong>u.</strong></span> 
     </span>
     <span class='ocr_line' id='line_1_5' title="bbox 313 960 510 1041; baseline 0.015 -20"><span class='ocrx_word' id='word_1_38' title='bbox 313 960 376 1022; x_wconf 83' lang='lat'><strong>700</strong></span> <span class='ocrx_word' id='word_1_39' title='bbox 390 978 420 1041; x_wconf 90' lang='lat' dir='ltr'><strong>p.</strong></span> <span class='ocrx_word' id='word_1_40' title='bbox 439 961 510 1024; x_wconf 78' lang='lat'>141.</span> 
     </span>
    </p>

    <p class='ocr_par' dir='ltr' id='par_1_4' title="bbox 306 1054 1471 1554">
     <span class='ocr_line' id='line_1_6' title="bbox 393 1054 1471 1150; baseline 0.004 -26"><span class='ocrx_word' id='word_1_41' title='bbox 393 1063 428 1124; x_wconf 87' lang='lat' dir='ltr'><strong>in</strong></span> <span class='ocrx_word' id='word_1_42' title='bbox 446 1063 534 1126; x_wconf 89' lang='lat' dir='ltr'><strong>tertio</strong></span> <span class='ocrx_word' id='word_1_43' title='bbox 553 1080 641 1126; x_wconf 82' lang='lat' dir='ltr'><strong>uersu</strong></span> <span class='ocrx_word' id='word_1_44' title='bbox 664 1081 718 1127; x_wconf 89' lang='lat' dir='ltr'><strong>eur</strong></span> <span class='ocrx_word' id='word_1_45' title='bbox 738 1064 916 1128; x_wconf 70' lang='lat' dir='ltr'><strong>recentiores</strong></span> <span class='ocrx_word' id='word_1_46' title='bbox 933 1065 1064 1129; x_wconf 84' lang='lat' dir='ltr'><strong>editores</strong></span> <span class='ocrx_word' id='word_1_47' title='bbox 1084 1054 1107 1150; x_wconf 71' lang='grc' dir='ltr'><em>ἢ</em></span> <span class='ocrx_word' id='word_1_48' title='bbox 1124 1056 1315 1149; x_wconf 73' lang='lat' dir='ltr'><strong>’p’iyeivouo</strong></span> <span class='ocrx_word' id='word_1_49' title='bbox 1335 1084 1426 1149; x_wconf 87' lang='lat' dir='ltr'><strong>quam</strong></span> <span class='ocrx_word' id='word_1_50' title='bbox 1447 1058 1471 1150; x_wconf 76' lang='grc' dir='ltr'><em>ἥ</em></span> 
     </span>
     <span class='ocr_line' id='line_1_7' title="bbox 307 1154 1470 1250; baseline 0.003 -23"><span class='ocrx_word' id='word_1_51' title='bbox 307 1154 487 1245; x_wconf 74' lang='grc' dir='ltr'><em>μ’ἒγείνατο</em></span> <span class='ocrx_word' id='word_1_52' title='bbox 508 1165 635 1229; x_wconf 83' lang='lat' dir='ltr'><strong>scribere</strong></span> <span class='ocrx_word' id='word_1_53' title='bbox 660 1166 818 1229; x_wconf 78' lang='lat' dir='ltr'><strong>maluerim</strong></span> <span class='ocrx_word' id='word_1_54' title='bbox 836 1168 912 1230; x_wconf 85' lang='lat' dir='ltr'><strong>ratio</strong></span> <span class='ocrx_word' id='word_1_55' title='bbox 932 1169 1088 1231; x_wconf 74' lang='lat' dir='ltr'><strong>manifesta</strong></span> <span class='ocrx_word' id='word_1_56' title='bbox 1108 1175 1163 1231; x_wconf 86' lang='lat' dir='ltr'><strong>est.</strong></span> <span class='ocrx_word' id='word_1_57' title='bbox 1193 1168 1257 1232; x_wconf 81' lang='lat' dir='ltr'><strong>vio.</strong></span> <span class='ocrx_word' id='word_1_58' title='bbox 1278 1169 1414 1250; x_wconf 80' lang='lat' dir='ltr'><strong>Apellen.</strong></span> <span class='ocrx_word' id='word_1_59' title='bbox 1432 1168 1470 1231; x_wconf 81' lang='lat' dir='ltr'><strong>tia</strong></span> 
     </span>
     <span class='ocr_line' id='line_1_8' title="bbox 307 1266 1469 1349; baseline 0.003 -20"><span class='ocrx_word' id='word_1_60' title='bbox 307 1274 418 1329; x_wconf 78' lang='lat' dir='ltr'><strong>constr.</strong></span> <span class='ocrx_word' id='word_1_61' title='bbox 433 1266 470 1341; x_wconf 87' lang='grc' dir='ltr'><strong>ΙΙ,</strong></span> <span class='ocrx_word' id='word_1_62' title='bbox 489 1268 527 1328; x_wconf 82' lang='grc'><strong>14</strong></span> <span class='ocrx_word' id='word_1_63' title='bbox 541 1286 570 1349; x_wconf 89' lang='lat' dir='ltr'><strong>p.</strong></span> <span class='ocrx_word' id='word_1_64' title='bbox 590 1266 660 1339; x_wconf 78' lang='lat'><strong>121,</strong></span> <span class='ocrx_word' id='word_1_65' title='bbox 679 1268 726 1331; x_wconf 76' lang='lat'><strong>13.</strong></span> <span class='ocrx_word' id='word_1_66' title='bbox 757 1269 856 1332; x_wconf 88' lang='lat' dir='ltr'><strong>Schoi.</strong></span> <span class='ocrx_word' id='word_1_67' title='bbox 872 1269 943 1331; x_wconf 87' lang='lat' dir='ltr'><strong>Ven.</strong></span> <span class='ocrx_word' id='word_1_68' title='bbox 960 1269 997 1335; x_wconf 79' lang='lat' dir='ltr'><strong>ad</strong></span> <span class='ocrx_word' id='word_1_69' title='bbox 1012 1270 1045 1344; x_wconf 87' lang='lat' dir='ltr'><strong>ii,</strong></span> <span class='ocrx_word' id='word_1_70' title='bbox 1068 1270 1159 1345; x_wconf 76' lang='lat'><strong>1,20.</strong></span> <span class='ocrx_word' id='word_1_71' title='bbox 1180 1270 1299 1334; x_wconf 79' lang='lat' dir='ltr'><strong>Priores</strong></span> <span class='ocrx_word' id='word_1_72' title='bbox 1318 1276 1417 1334; x_wconf 85' lang='lat' dir='ltr'><strong>autem</strong></span> <span class='ocrx_word' id='word_1_73' title='bbox 1437 1271 1469 1333; x_wconf 88' lang='lat' dir='ltr'><strong>in</strong></span> 
     </span>
     <span class='ocr_line' id='line_1_9' title="bbox 306 1368 1468 1455; baseline 0.003 -23"><span class='ocrx_word' id='word_1_74' title='bbox 306 1368 479 1432; x_wconf 86' lang='lat' dir='ltr'><strong>huiusmodi</strong></span> <span class='ocrx_word' id='word_1_75' title='bbox 493 1369 625 1433; x_wconf 86' lang='lat' dir='ltr'><strong>minutiis</strong></span> <span class='ocrx_word' id='word_1_76' title='bbox 639 1388 701 1433; x_wconf 87' lang='lat' dir='ltr'><strong>non</strong></span> <span class='ocrx_word' id='word_1_77' title='bbox 714 1390 782 1435; x_wconf 87' lang='lat' dir='ltr'><strong>raro</strong></span> <span class='ocrx_word' id='word_1_78' title='bbox 796 1371 931 1435; x_wconf 84' lang='lat' dir='ltr'><strong>similiter</strong></span> <span class='ocrx_word' id='word_1_79' title='bbox 949 1382 1122 1454; x_wconf 86' lang='lat' dir='ltr'><strong>peccarunt,</strong></span> <span class='ocrx_word' id='word_1_80' title='bbox 1142 1371 1223 1437; x_wconf 83' lang='lat' dir='ltr'><strong>velut</strong></span> <span class='ocrx_word' id='word_1_81' title='bbox 1241 1372 1389 1455; x_wconf 73' lang='lat' dir='ltr'><strong>Hippolyt</strong></span> <span class='ocrx_word' id='word_1_82' title='bbox 1406 1370 1468 1435; x_wconf 78' lang='lat'><strong>345</strong></span> 
     </span>
     <span class='ocr_line' id='line_1_10' title="bbox 306 1472 829 1554; baseline 0.004 -21"><span class='ocrx_word' id='word_1_83' title='bbox 306 1489 362 1552; x_wconf 93' lang='lat' dir='ltr'><strong>pro</strong></span> <span class='ocrx_word' id='word_1_84' title='bbox 377 1490 412 1534; x_wconf 90' lang='lat' dir='ltr'><strong>eo</strong></span> <span class='ocrx_word' id='word_1_85' title='bbox 424 1472 504 1554; x_wconf 85' lang='lat' dir='ltr'><strong>quud</strong></span> <span class='ocrx_word' id='word_1_86' title='bbox 519 1472 590 1534; x_wconf 87' lang='lat' dir='ltr'><strong>olim</strong></span> <span class='ocrx_word' id='word_1_87' title='bbox 605 1472 749 1554; x_wconf 87' lang='lat' dir='ltr'><strong>scriptum</strong></span> <span class='ocrx_word' id='word_1_88' title='bbox 763 1474 829 1548; x_wconf 79' lang='lat' dir='ltr'><strong>ruis,</strong></span> 
     </span>
    </p>

    <p class='ocr_par' dir='ltr' id='par_1_5' title="bbox 307 1563 1468 1861">
     <span class='ocr_line' id='line_1_11' title="bbox 471 1563 1224 1660; baseline 0.004 -26"><span class='ocrx_word' id='word_1_89' title='bbox 471 1569 544 1647; x_wconf 78' lang='grc' dir='ltr'><strong>πῶς</strong></span> <span class='ocrx_word' id='word_1_90' title='bbox 566 1563 606 1636; x_wconf 70' lang='lat' dir='ltr'><strong>tir</strong></span> <span class='ocrx_word' id='word_1_91' title='bbox 626 1567 667 1637; x_wconf 81' lang='lat' dir='ltr'><strong>uri</strong></span> <span class='ocrx_word' id='word_1_92' title='bbox 688 1593 749 1653; x_wconf 89' lang='grc' dir='ltr'><strong>μοι</strong></span> <span class='ocrx_word' id='word_1_93' title='bbox 768 1567 896 1651; x_wconf 75' lang='grc' dir='ltr'><strong><em>λέξειας</em></strong></span> <span class='ocrx_word' id='word_1_94' title='bbox 918 1564 941 1638; x_wconf 79' lang='grc' dir='ltr'>ἅ</span> <span class='ocrx_word' id='word_1_95' title='bbox 959 1564 1089 1660; x_wconf 70' lang='grc' dir='ltr'><strong>μ’ἐχρῆν</strong></span> <span class='ocrx_word' id='word_1_96' title='bbox 1109 1569 1224 1658; x_wconf 63' lang='grc' dir='ltr'><strong>λέγειν,</strong></span> 
     </span>
     <span class='ocr_line' id='line_1_12' title="bbox 307 1664 1468 1761; baseline 0.004 -24"><span class='ocrx_word' id='word_1_97' title='bbox 307 1693 407 1738; x_wconf 81' lang='lat' dir='ltr'><strong>veram</strong></span> <span class='ocrx_word' id='word_1_98' title='bbox 421 1675 596 1758; x_wconf 83' lang='lat' dir='ltr'><strong>scripturam</strong></span> <span class='ocrx_word' id='word_1_99' title='bbox 608 1664 632 1739; x_wconf 73' lang='lat' dir='ltr'><strong>ii</strong></span> <span class='ocrx_word' id='word_1_100' title='bbox 647 1666 770 1756; x_wconf 63' lang='lat' dir='ltr'><strong>&#39;primm</strong></span> <span class='ocrx_word' id='word_1_101' title='bbox 779 1666 854 1757; x_wconf 78' lang='grc' dir='ltr'><strong>ἁμὲ)</strong></span> <span class='ocrx_word' id='word_1_102' title='bbox 862 1670 923 1761; x_wconf 83' lang='grc' dir='ltr'><strong>χρή</strong></span> <span class='ocrx_word' id='word_1_103' title='bbox 931 1677 1111 1743; x_wconf 81' lang='lat' dir='ltr'><strong>recentiores</strong></span> <span class='ocrx_word' id='word_1_104' title='bbox 1123 1678 1243 1742; x_wconf 85' lang='lat' dir='ltr'><strong>demum</strong></span> <span class='ocrx_word' id='word_1_105' title='bbox 1253 1687 1468 1760; x_wconf 76' lang='lat' dir='ltr'><strong>reposuerunt3</strong></span> 
     </span>
     <span class='ocr_line' id='line_1_13' title="bbox 308 1777 765 1861; baseline 0 -21"><span class='ocrx_word' id='word_1_106' title='bbox 308 1777 441 1859; x_wconf 83' lang='lat' dir='ltr'><strong>itemque</strong></span> <span class='ocrx_word' id='word_1_107' title='bbox 456 1778 549 1861; x_wconf 79' lang='lat' dir='ltr'><strong>Iphig.</strong></span> <span class='ocrx_word' id='word_1_108' title='bbox 564 1779 629 1842; x_wconf 76' lang='lat' dir='ltr'><strong>sut.</strong></span> <span class='ocrx_word' id='word_1_109' title='bbox 645 1798 672 1841; x_wconf 85' lang='lat' dir='ltr'><strong>v.</strong></span> <span class='ocrx_word' id='word_1_110' title='bbox 688 1778 765 1842; x_wconf 81' lang='lat'><strong>728:</strong></span> 
     </span>
    </p>

    <p class='ocr_par' dir='ltr' id='par_1_6' title="bbox 306 1867 1470 2579">
     <span class='ocr_line' id='line_1_14' title="bbox 470 1867 1304 1966; baseline 0.004 -23"><span class='ocrx_word' id='word_1_111' title='bbox 470 1876 593 1966; x_wconf 76' lang='grc' dir='ltr'><em>μητρὸς</em></span> <span class='ocrx_word' id='word_1_112' title='bbox 613 1881 647 1946; x_wconf 76' lang='grc' dir='ltr'><strong>τί</strong></span> <span class='ocrx_word' id='word_1_113' title='bbox 666 1875 766 1964; x_wconf 76' lang='grc' dir='ltr'><em>χωρὶς</em></span> <span class='ocrx_word' id='word_1_114' title='bbox 789 1871 939 1963; x_wconf 71' lang='grc' dir='ltr'><strong>δράσεθ’,</strong></span> <span class='ocrx_word' id='word_1_115' title='bbox 962 1867 985 1943; x_wconf 79' lang='lat' dir='ltr'><strong>ii</strong></span> <span class='ocrx_word' id='word_1_116' title='bbox 1009 1870 1061 1962; x_wconf 70' lang='grc' dir='ltr'><strong>’μὲ</strong></span> <span class='ocrx_word' id='word_1_117' title='bbox 1084 1877 1165 1965; x_wconf 76' lang='grc' dir='ltr'><strong>δρᾶν</strong></span> <span class='ocrx_word' id='word_1_118' title='bbox 1184 1876 1304 1965; x_wconf 60' lang='lat' dir='ltr'><strong>metim</strong></span> 
     </span>
     <span class='ocr_line' id='line_1_15' title="bbox 307 1976 1469 2065; baseline 0.003 -20"><span class='ocrx_word' id='word_1_119' title='bbox 307 2001 361 2064; x_wconf 91' lang='lat' dir='ltr'><strong>pro</strong></span> <span class='ocrx_word' id='word_1_120' title='bbox 376 2004 413 2045; x_wconf 89' lang='lat' dir='ltr'><strong>eo</strong></span> <span class='ocrx_word' id='word_1_121' title='bbox 429 1984 508 2065; x_wconf 82' lang='lat' dir='ltr'><strong>quod</strong></span> <span class='ocrx_word' id='word_1_122' title='bbox 523 1984 593 2047; x_wconf 86' lang='lat' dir='ltr'><strong>oiim</strong></span> <span class='ocrx_word' id='word_1_123' title='bbox 608 1991 681 2056; x_wconf 85' lang='lat' dir='ltr'><strong>eret,</strong></span> <span class='ocrx_word' id='word_1_124' title='bbox 697 1976 775 2064; x_wconf 81' lang='grc' dir='ltr'><strong>ἅμε</strong></span> <span class='ocrx_word' id='word_1_125' title='bbox 787 2018 840 2046; x_wconf 89' lang='grc'><strong>-.</strong></span> <span class='ocrx_word' id='word_1_126' title='bbox 854 1984 893 2046; x_wconf 89' lang='lat' dir='ltr'><strong>Et</strong></span> <span class='ocrx_word' id='word_1_127' title='bbox 907 1983 953 2046; x_wconf 88' lang='lat' dir='ltr'><strong>his</strong></span> <span class='ocrx_word' id='word_1_128' title='bbox 968 1984 1088 2065; x_wconf 91' lang='lat' dir='ltr'><strong>quidem</strong></span> <span class='ocrx_word' id='word_1_129' title='bbox 1102 1984 1175 2047; x_wconf 88' lang='lat' dir='ltr'><strong>iocis</strong></span> <span class='ocrx_word' id='word_1_130' title='bbox 1188 1984 1293 2048; x_wconf 78' lang='lat' dir='ltr'><strong>vitium</strong></span> <span class='ocrx_word' id='word_1_131' title='bbox 1304 1985 1390 2047; x_wconf 85' lang='lat' dir='ltr'><strong>etiam</strong></span> <span class='ocrx_word' id='word_1_132' title='bbox 1403 2003 1469 2048; x_wconf 90' lang='lat' dir='ltr'><strong>me-</strong></span> 
     </span>
     <span class='ocr_line' id='line_1_16' title="bbox 306 2086 1470 2168; baseline 0.001 -19"><span class='ocrx_word' id='word_1_133' title='bbox 306 2090 354 2149; x_wconf 89' lang='lat' dir='ltr'><strong>tro</strong></span> <span class='ocrx_word' id='word_1_134' title='bbox 369 2086 475 2151; x_wconf 76' lang='lat' dir='ltr'><strong>violato</strong></span> <span class='ocrx_word' id='word_1_135' title='bbox 489 2087 675 2168; x_wconf 78' lang='lat' dir='ltr'><strong>arguebatur.</strong></span> <span class='ocrx_word' id='word_1_136' title='bbox 705 2086 740 2148; x_wconf 88' lang='lat' dir='ltr'><strong>lu</strong></span> <span class='ocrx_word' id='word_1_137' title='bbox 753 2086 833 2149; x_wconf 86' lang='lat' dir='ltr'><strong>Ionis</strong></span> <span class='ocrx_word' id='word_1_138' title='bbox 848 2094 947 2149; x_wconf 82' lang='lat' dir='ltr'><strong>autem</strong></span> <span class='ocrx_word' id='word_1_139' title='bbox 961 2105 1049 2150; x_wconf 82' lang='lat' dir='ltr'><strong>uersu</strong></span> <span class='ocrx_word' id='word_1_140' title='bbox 1062 2093 1093 2150; x_wconf 88' lang='lat' dir='ltr'><strong>et</strong></span> <span class='ocrx_word' id='word_1_141' title='bbox 1106 2086 1251 2149; x_wconf 78' lang='lat' dir='ltr'><strong>similibus</strong></span> <span class='ocrx_word' id='word_1_142' title='bbox 1267 2086 1393 2150; x_wconf 82' lang='lat' dir='ltr'><strong>dubitari</strong></span> <span class='ocrx_word' id='word_1_143' title='bbox 1407 2102 1470 2150; x_wconf 88' lang='lat' dir='ltr'><strong>non</strong></span> 
     </span>
     <span class='ocr_line' id='line_1_17' title="bbox 306 2188 1468 2271; baseline 0.002 -20"><span class='ocrx_word' id='word_1_144' title='bbox 306 2197 413 2271; x_wconf 83' lang='lat' dir='ltr'><strong>potest,</strong></span> <span class='ocrx_word' id='word_1_145' title='bbox 429 2189 499 2270; x_wconf 89' lang='lat' dir='ltr'><strong>quin</strong></span> <span class='ocrx_word' id='word_1_146' title='bbox 513 2207 575 2253; x_wconf 88' lang='lat' dir='ltr'><strong>non</strong></span> <span class='ocrx_word' id='word_1_147' title='bbox 589 2190 687 2252; x_wconf 87' lang='lat' dir='ltr'><strong>solum</strong></span> <span class='ocrx_word' id='word_1_148' title='bbox 705 2188 816 2252; x_wconf 78' lang='lat' dir='ltr'><strong>relativi</strong></span> <span class='ocrx_word' id='word_1_149' title='bbox 837 2189 1021 2270; x_wconf 85' lang='lat' dir='ltr'><strong>pronominis</strong></span> <span class='ocrx_word' id='word_1_150' title='bbox 1040 2195 1178 2252; x_wconf 88' lang='lat' dir='ltr'><strong>accentus</strong></span> <span class='ocrx_word' id='word_1_151' title='bbox 1200 2189 1231 2251; x_wconf 90' lang='lat' dir='ltr'><strong>iu</strong></span> <span class='ocrx_word' id='word_1_152' title='bbox 1249 2191 1468 2270; x_wconf 86' lang='lat' dir='ltr'><strong>pronuntiando</strong></span> 
     </span>
     <span class='ocr_line' id='line_1_18' title="bbox 306 2291 1467 2374; baseline 0.002 -20"><span class='ocrx_word' id='word_1_153' title='bbox 306 2292 430 2373; x_wconf 87' lang='lat' dir='ltr'><strong>sopitus,</strong></span> <span class='ocrx_word' id='word_1_154' title='bbox 445 2292 601 2355; x_wconf 91' lang='lat' dir='ltr'><strong>sedetiam</strong></span> <span class='ocrx_word' id='word_1_155' title='bbox 616 2291 777 2373; x_wconf 72' lang='lat' dir='ltr'><strong>personalis</strong></span> <span class='ocrx_word' id='word_1_156' title='bbox 791 2291 975 2372; x_wconf 88' lang='lat' dir='ltr'><strong>pronominis</strong></span> <span class='ocrx_word' id='word_1_157' title='bbox 990 2292 1034 2354; x_wconf 88' lang='lat' dir='ltr'><strong>vis</strong></span> <span class='ocrx_word' id='word_1_158' title='bbox 1047 2291 1145 2374; x_wconf 83' lang='lat' dir='ltr'><strong>paullo</strong></span> <span class='ocrx_word' id='word_1_159' title='bbox 1156 2291 1366 2372; x_wconf 78' lang='lat' dir='ltr'><strong>significantius</strong></span> <span class='ocrx_word' id='word_1_160' title='bbox 1377 2310 1467 2374; x_wconf 83' lang='lat' dir='ltr'><strong>quum</strong></span> 
     </span>
     <span class='ocr_line' id='line_1_19' title="bbox 307 2391 1467 2476; baseline 0.003 -20"><span class='ocrx_word' id='word_1_161' title='bbox 307 2396 369 2457; x_wconf 89' lang='lat' dir='ltr'><strong>sola</strong></span> <span class='ocrx_word' id='word_1_162' title='bbox 381 2391 510 2457; x_wconf 85' lang='lat' dir='ltr'><strong>litterula</strong></span> <span class='ocrx_word' id='word_1_163' title='bbox 521 2416 546 2476; x_wconf 90' lang='grc' dir='ltr'><em>μ</em></span> <span class='ocrx_word' id='word_1_164' title='bbox 556 2402 657 2456; x_wconf 83' lang='lat' dir='ltr'><strong>notate</strong></span> <span class='ocrx_word' id='word_1_165' title='bbox 667 2394 721 2458; x_wconf 87' lang='lat' dir='ltr'><strong>sit:</strong></span> <span class='ocrx_word' id='word_1_166' title='bbox 738 2412 918 2476; x_wconf 84' lang='lat' dir='ltr'><strong>quamquam</strong></span> <span class='ocrx_word' id='word_1_167' title='bbox 928 2413 1027 2458; x_wconf 82' lang='lat' dir='ltr'><strong>reram</strong></span> <span class='ocrx_word' id='word_1_168' title='bbox 1038 2394 1309 2476; x_wconf 78' lang='lat' dir='ltr'><strong>pronuntiationem</strong></span> <span class='ocrx_word' id='word_1_169' title='bbox 1321 2396 1467 2476; x_wconf 80' lang='lat' dir='ltr'><strong>scripturn</strong></span> 
     </span>
     <span class='ocr_line' id='line_1_20' title="bbox 306 2496 694 2579; baseline 0.003 -21"><span class='ocrx_word' id='word_1_170' title='bbox 306 2496 433 2560; x_wconf 79' lang='lat' dir='ltr'><strong>indicere</strong></span> <span class='ocrx_word' id='word_1_171' title='bbox 447 2513 509 2560; x_wconf 91' lang='lat' dir='ltr'><strong>non</strong></span> <span class='ocrx_word' id='word_1_172' title='bbox 523 2514 694 2579; x_wconf 90' lang='lat' dir='ltr'><strong>possumus.</strong></span> 
     </span>
    </p>

    <p class='ocr_par' dir='ltr' id='par_1_7' title="bbox 305 2589 1469 3891">
     <span class='ocr_line' id='line_1_21' title="bbox 389 2589 1467 2682; baseline 0.002 -21"><span class='ocrx_word' id='word_1_173' title='bbox 389 2599 522 2681; x_wconf 88' lang='lat' dir='ltr'><strong>Denique</strong></span> <span class='ocrx_word' id='word_1_174' title='bbox 536 2617 655 2662; x_wconf 83' lang='lat' dir='ltr'><strong>uersum</strong></span> <span class='ocrx_word' id='word_1_175' title='bbox 670 2605 809 2679; x_wconf 84' lang='lat' dir='ltr'><strong>quartum</strong></span> <span class='ocrx_word' id='word_1_176' title='bbox 821 2600 871 2682; x_wconf 88' lang='lat' dir='ltr'><strong>qui</strong></span> <span class='ocrx_word' id='word_1_177' title='bbox 886 2604 1032 2663; x_wconf 87' lang='lat' dir='ltr'><strong>commate</strong></span> <span class='ocrx_word' id='word_1_178' title='bbox 1049 2607 1117 2681; x_wconf 90' lang='lat' dir='ltr'><strong>post</strong></span> <span class='ocrx_word' id='word_1_179' title='bbox 1127 2589 1249 2682; x_wconf 61' lang='lat' dir='ltr'><strong>‘lipparis</strong></span> <span class='ocrx_word' id='word_1_180' title='bbox 1261 2599 1360 2681; x_wconf 86' lang='lat' dir='ltr'><strong>posito</strong></span> <span class='ocrx_word' id='word_1_181' title='bbox 1374 2598 1467 2663; x_wconf 85' lang='lat' dir='ltr'><strong>inter·</strong></span> 
     </span>
     <span class='ocr_line' id='line_1_22' title="bbox 306 2692 1469 2782; baseline 0.002 -20"><span class='ocrx_word' id='word_1_182' title='bbox 306 2708 484 2781; x_wconf 86' lang='lat' dir='ltr'><strong>punxerunt,</strong></span> <span class='ocrx_word' id='word_1_183' title='bbox 495 2692 648 2782; x_wconf 82' lang='lat' dir='ltr'><strong>sequentia</strong></span> <span class='ocrx_word' id='word_1_184' title='bbox 658 2699 746 2762; x_wconf 79' lang='lat' dir='ltr'><strong>verba</strong></span> <span class='ocrx_word' id='word_1_185' title='bbox 756 2700 799 2762; x_wconf 89' lang='lat' dir='ltr'><strong>sic</strong></span> <span class='ocrx_word' id='word_1_186' title='bbox 809 2706 995 2782; x_wconf 82' lang='lat' dir='ltr'><strong>acceperuut,</strong></span> <span class='ocrx_word' id='word_1_187' title='bbox 1010 2709 1044 2764; x_wconf 91' lang='lat' dir='ltr'><strong>ut</strong></span> <span class='ocrx_word' id='word_1_188' title='bbox 1054 2702 1214 2766; x_wconf 81' lang='lat' dir='ltr'><strong>Mercurius</strong></span> <span class='ocrx_word' id='word_1_189' title='bbox 1225 2721 1258 2763; x_wconf 90' lang='lat' dir='ltr'><strong>se</strong></span> <span class='ocrx_word' id='word_1_190' title='bbox 1267 2701 1337 2777; x_wconf 84' lang='lat' dir='ltr'><strong>lovi,</strong></span> <span class='ocrx_word' id='word_1_191' title='bbox 1349 2720 1469 2764; x_wconf 90' lang='lat' dir='ltr'><strong>summo</strong></span> 
     </span>
     <span class='ocr_line' id='line_1_23' title="bbox 306 2803 1468 2886; baseline 0.003 -21"><span class='ocrx_word' id='word_1_192' title='bbox 306 2803 376 2878; x_wconf 89' lang='lat' dir='ltr'><strong>deo,</strong></span> <span class='ocrx_word' id='word_1_193' title='bbox 395 2803 541 2866; x_wconf 84' lang='lat' dir='ltr'><strong>famulum</strong></span> <span class='ocrx_word' id='word_1_194' title='bbox 560 2822 625 2866; x_wconf 89' lang='lat' dir='ltr'><strong>esse</strong></span> <span class='ocrx_word' id='word_1_195' title='bbox 647 2803 769 2866; x_wconf 84' lang='lat' dir='ltr'><strong>diceret:</strong></span> <span class='ocrx_word' id='word_1_196' title='bbox 790 2804 819 2865; x_wconf 88' lang='lat' dir='ltr'><strong>id</strong></span> <span class='ocrx_word' id='word_1_197' title='bbox 841 2805 921 2885; x_wconf 88' lang='lat' dir='ltr'><strong>quod</strong></span> <span class='ocrx_word' id='word_1_198' title='bbox 941 2813 1021 2868; x_wconf 81' lang='lat' dir='ltr'><strong>recte</strong></span> <span class='ocrx_word' id='word_1_199' title='bbox 1040 2805 1103 2868; x_wconf 88' lang='lat' dir='ltr'><strong>fleri</strong></span> <span class='ocrx_word' id='word_1_200' title='bbox 1128 2806 1260 2886; x_wconf 85' lang='lat' dir='ltr'><strong>potuisse</strong></span> <span class='ocrx_word' id='word_1_201' title='bbox 1276 2805 1468 2868; x_wconf 80' lang='lat' dir='ltr'><strong>manifestum</strong></span> 
     </span>
     <span class='ocr_line' id='line_1_24' title="bbox 306 2904 1467 2986; baseline 0.002 -19"><span class='ocrx_word' id='word_1_202' title='bbox 306 2912 361 2968; x_wconf 86' lang='lat' dir='ltr'><strong>est.</strong></span> <span class='ocrx_word' id='word_1_203' title='bbox 387 2907 496 2968; x_wconf 83' lang='lat' dir='ltr'><strong>Verum</strong></span> <span class='ocrx_word' id='word_1_204' title='bbox 518 2906 561 2969; x_wconf 89' lang='lat' dir='ltr'><strong>sic</strong></span> <span class='ocrx_word' id='word_1_205' title='bbox 574 2904 735 2968; x_wconf 80' lang='lat' dir='ltr'><strong>Mercurius</strong></span> <span class='ocrx_word' id='word_1_206' title='bbox 755 2923 815 2985; x_wconf 88' lang='lat' dir='ltr'><strong>quo</strong></span> <span class='ocrx_word' id='word_1_207' title='bbox 830 2911 913 2986; x_wconf 88' lang='lat' dir='ltr'><strong>patre</strong></span> <span class='ocrx_word' id='word_1_208' title='bbox 926 2914 1096 2986; x_wconf 84' lang='lat' dir='ltr'><strong>procreatus</strong></span> <span class='ocrx_word' id='word_1_209' title='bbox 1112 2906 1151 2968; x_wconf 92' lang='lat' dir='ltr'><strong>sit</strong></span> <span class='ocrx_word' id='word_1_210' title='bbox 1164 2925 1400 2970; x_wconf 80' lang='lat' dir='ltr'><strong>commemorare</strong></span> <span class='ocrx_word' id='word_1_211' title='bbox 1414 2925 1467 2969; x_wconf 90' lang='lat' dir='ltr'><strong>su·</strong></span> 
     </span>
     <span class='ocr_line' id='line_1_25' title="bbox 305 2992 1468 3092; baseline 0.004 -24"><span class='ocrx_word' id='word_1_212' title='bbox 305 3007 452 3090; x_wconf 64' lang='lat' dir='ltr'><strong>perseum,</strong></span> <span class='ocrx_word' id='word_1_213' title='bbox 468 3006 548 3087; x_wconf 84' lang='lat' dir='ltr'><strong>quod</strong></span> <span class='ocrx_word' id='word_1_214' title='bbox 563 3006 687 3081; x_wconf 79' lang='lat' dir='ltr'><strong>etiamsi,</strong></span> <span class='ocrx_word' id='word_1_215' title='bbox 704 3012 737 3068; x_wconf 89' lang='lat' dir='ltr'><strong>ut</strong></span> <span class='ocrx_word' id='word_1_216' title='bbox 750 3013 857 3070; x_wconf 90' lang='lat' dir='ltr'><strong>notum</strong></span> <span class='ocrx_word' id='word_1_217' title='bbox 871 3008 1100 3087; x_wconf 73' lang='lat' dir='ltr'><strong>spectatoribus,</strong></span> <span class='ocrx_word' id='word_1_218' title='bbox 1121 2992 1315 3089; x_wconf 75' lang='lat' dir='ltr'><strong>praetermitti</strong></span> <span class='ocrx_word' id='word_1_219' title='bbox 1334 3010 1468 3092; x_wconf 90' lang='lat' dir='ltr'><strong>potuisse</strong></span> 
     </span>
     <span class='ocr_line' id='line_1_26' title="bbox 306 3108 1469 3190; baseline 0.002 -18"><span class='ocrx_word' id='word_1_220' title='bbox 306 3109 394 3184; x_wconf 86' lang='lat' dir='ltr'><strong>dieas,</strong></span> <span class='ocrx_word' id='word_1_221' title='bbox 409 3116 487 3171; x_wconf 87' lang='lat' dir='ltr'><strong>certe</strong></span> <span class='ocrx_word' id='word_1_222' title='bbox 501 3115 600 3170; x_wconf 83' lang='lat' dir='ltr'><strong>temen</strong></span> <span class='ocrx_word' id='word_1_223' title='bbox 614 3108 675 3171; x_wconf 84' lang='lat' dir='ltr'><strong>veri</strong></span> <span class='ocrx_word' id='word_1_224' title='bbox 690 3108 814 3172; x_wconf 88' lang='lat' dir='ltr'><strong>similius</strong></span> <span class='ocrx_word' id='word_1_225' title='bbox 829 3108 961 3184; x_wconf 86' lang='lat' dir='ltr'><strong>videtur,</strong></span> <span class='ocrx_word' id='word_1_226' title='bbox 982 3109 1020 3173; x_wconf 77' lang='lat' dir='ltr'><strong>alu</strong></span> <span class='ocrx_word' id='word_1_227' title='bbox 1038 3130 1090 3185; x_wconf 89' lang='lat' dir='ltr'><strong>eo,</strong></span> <span class='ocrx_word' id='word_1_228' title='bbox 1111 3111 1162 3190; x_wconf 83' lang='lat' dir='ltr'><strong>qui</strong></span> <span class='ocrx_word' id='word_1_229' title='bbox 1180 3129 1268 3174; x_wconf 82' lang='lat' dir='ltr'><strong>arum</strong></span> <span class='ocrx_word' id='word_1_230' title='bbox 1290 3118 1322 3174; x_wconf 90' lang='lat' dir='ltr'><strong>et</strong></span> <span class='ocrx_word' id='word_1_231' title='bbox 1341 3119 1469 3174; x_wconf 79' lang='lat' dir='ltr'><strong>matrem</strong></span> 
     </span>
     <span class='ocr_line' id='line_1_27' title="bbox 306 3211 1468 3294; baseline 0.002 -19"><span class='ocrx_word' id='word_1_232' title='bbox 306 3212 396 3275; x_wconf 91' lang='lat' dir='ltr'><strong>modo</strong></span> <span class='ocrx_word' id='word_1_233' title='bbox 411 3211 694 3284; x_wconf 81' lang='lat' dir='ltr'><strong>commemoraverit,</strong></span> <span class='ocrx_word' id='word_1_234' title='bbox 710 3211 797 3274; x_wconf 85' lang='lat' dir='ltr'><strong>etiam</strong></span> <span class='ocrx_word' id='word_1_235' title='bbox 808 3217 922 3292; x_wconf 85' lang='lat' dir='ltr'><strong>patrem</strong></span> <span class='ocrx_word' id='word_1_236' title='bbox 938 3212 1212 3275; x_wconf 75' lang='lat' dir='ltr'><strong>nominatum‘esse.</strong></span> <span class='ocrx_word' id='word_1_237' title='bbox 1241 3214 1344 3294; x_wconf 85' lang='lat' dir='ltr'><strong>ltaque</strong></span> <span class='ocrx_word' id='word_1_238' title='bbox 1358 3215 1468 3277; x_wconf 87' lang='lat' dir='ltr'><strong>rectius</strong></span> 
     </span>
     <span class='ocr_line' id='line_1_28' title="bbox 305 3313 1469 3397; baseline 0.002 -21"><span class='ocrx_word' id='word_1_239' title='bbox 305 3314 410 3377; x_wconf 88' lang='lat' dir='ltr'><strong>fecisse</strong></span> <span class='ocrx_word' id='word_1_240' title='bbox 423 3313 638 3377; x_wconf 85' lang='lat' dir='ltr'><strong>Kirchhoffium</strong></span> <span class='ocrx_word' id='word_1_241' title='bbox 647 3315 719 3375; x_wconf 75' lang='lat' dir='ltr'><strong>etri.</strong></span> <span class='ocrx_word' id='word_1_242' title='bbox 729 3313 894 3377; x_wconf 80' lang='lat' dir='ltr'><strong>Nauckium</strong></span> <span class='ocrx_word' id='word_1_243' title='bbox 911 3313 1016 3387; x_wconf 88' lang='lat' dir='ltr'><strong>iudice,</strong></span> <span class='ocrx_word' id='word_1_244' title='bbox 1026 3315 1078 3396; x_wconf 81' lang='lat' dir='ltr'><strong>qui</strong></span> <span class='ocrx_word' id='word_1_245' title='bbox 1089 3333 1207 3383; x_wconf 88' lang='lat' dir='ltr'><strong>comma</strong></span> <span class='ocrx_word' id='word_1_246' title='bbox 1221 3323 1469 3397; x_wconf 87' lang='lat' dir='ltr'><strong>transposuerunt</strong></span> 
     </span>
     <span class='ocr_line' id='line_1_29' title="bbox 305 3408 1469 3501; baseline 0.003 -23"><span class='ocrx_word' id='word_1_247' title='bbox 305 3424 375 3498; x_wconf 88' lang='lat' dir='ltr'><strong>post</strong></span> <span class='ocrx_word' id='word_1_248' title='bbox 389 3416 471 3500; x_wconf 78' lang='grc' dir='ltr'>Ζηνὶ</span> <span class='ocrx_word' id='word_1_249' title='bbox 491 3416 646 3501; x_wconf 76' lang='grc' dir='ltr'><strong>μεγίστῳ,</strong></span> <span class='ocrx_word' id='word_1_250' title='bbox 659 3424 694 3479; x_wconf 90' lang='lat' dir='ltr'><strong>ut</strong></span> <span class='ocrx_word' id='word_1_251' title='bbox 709 3422 898 3479; x_wconf 82' lang='lat' dir='ltr'><strong>construatur</strong></span> <span class='ocrx_word' id='word_1_252' title='bbox 910 3416 958 3479; x_wconf 88' lang='lat' dir='ltr'><strong>hie</strong></span> <span class='ocrx_word' id='word_1_253' title='bbox 972 3417 1085 3480; x_wconf 81' lang='lat' dir='ltr'><strong>dativus</strong></span> <span class='ocrx_word' id='word_1_254' title='bbox 1100 3436 1169 3481; x_wconf 92' lang='lat' dir='ltr'><strong>cum</strong></span> <span class='ocrx_word' id='word_1_255' title='bbox 1183 3408 1337 3499; x_wconf 66' lang='lat' dir='ltr'><strong>irrisuro,</strong></span> <span class='ocrx_word' id='word_1_256' title='bbox 1352 3437 1386 3480; x_wconf 90' lang='lat' dir='ltr'><strong>ac</strong></span> <span class='ocrx_word' id='word_1_257' title='bbox 1400 3418 1469 3481; x_wconf 87' lang='lat' dir='ltr'><strong>dein</strong></span> 
     </span>
     <span class='ocr_line' id='line_1_30' title="bbox 306 3511 1469 3601; baseline 0.003 -22"><span class='ocrx_word' id='word_1_258' title='bbox 306 3523 446 3599; x_wconf 82' lang='lat' dir='ltr'><strong>sequatur</strong></span> <span class='ocrx_word' id='word_1_259' title='bbox 459 3519 591 3583; x_wconf 89' lang='lat' dir='ltr'><strong>muneris</strong></span> <span class='ocrx_word' id='word_1_260' title='bbox 606 3518 785 3600; x_wconf 78' lang='lat' dir='ltr'><strong>significatio,</strong></span> <span class='ocrx_word' id='word_1_261' title='bbox 802 3511 970 3597; x_wconf 76' lang='grc' dir='ltr'><strong><em>δαιμόνων</em></strong></span> <span class='ocrx_word' id='word_1_262' title='bbox 991 3512 1114 3601; x_wconf 73' lang='grc' dir='ltr'><strong><em>λάτριν.</em></strong></span> <span class='ocrx_word' id='word_1_263' title='bbox 1151 3519 1227 3582; x_wconf 85' lang='lat' dir='ltr'><strong>Nam</strong></span> <span class='ocrx_word' id='word_1_264' title='bbox 1247 3520 1415 3595; x_wconf 75' lang='lat' dir='ltr'><strong>Mercurium,</strong></span> <span class='ocrx_word' id='word_1_265' title='bbox 1430 3521 1469 3582; x_wconf 90' lang='lat' dir='ltr'><strong>li-</strong></span> 
     </span>
     <span class='ocr_line' id='line_1_31' title="bbox 306 3620 1469 3704; baseline 0.003 -21"><span class='ocrx_word' id='word_1_266' title='bbox 306 3628 352 3683; x_wconf 85' lang='lat' dir='ltr'><strong>cet</strong></span> <span class='ocrx_word' id='word_1_267' title='bbox 366 3622 521 3704; x_wconf 84' lang='lat' dir='ltr'><strong>praecipue</strong></span> <span class='ocrx_word' id='word_1_268' title='bbox 535 3621 596 3684; x_wconf 87' lang='lat' dir='ltr'><strong>Iovi</strong></span> <span class='ocrx_word' id='word_1_269' title='bbox 610 3621 766 3693; x_wconf 77' lang='lat' dir='ltr'><strong>minisuet,</strong></span> <span class='ocrx_word' id='word_1_270' title='bbox 781 3626 882 3682; x_wconf 84' lang='lat' dir='ltr'><strong>temen</strong></span> <span class='ocrx_word' id='word_1_271' title='bbox 893 3620 980 3683; x_wconf 82' lang='lat' dir='ltr'><strong>etium</strong></span> <span class='ocrx_word' id='word_1_272' title='bbox 991 3621 1055 3684; x_wconf 81' lang='lat' dir='ltr'><strong>eliis</strong></span> <span class='ocrx_word' id='word_1_273' title='bbox 1066 3621 1121 3684; x_wconf 87' lang='lat' dir='ltr'><strong>diis</strong></span> <span class='ocrx_word' id='word_1_274' title='bbox 1133 3621 1229 3685; x_wconf 87' lang='lat' dir='ltr'><strong>simile</strong></span> <span class='ocrx_word' id='word_1_275' title='bbox 1240 3622 1370 3685; x_wconf 81' lang='lat' dir='ltr'><strong>officium</strong></span> <span class='ocrx_word' id='word_1_276' title='bbox 1381 3642 1469 3704; x_wconf 87' lang='lat' dir='ltr'><strong>prae-</strong></span> 
     </span>
     <span class='ocr_line' id='line_1_32' title="bbox 306 3721 1468 3805; baseline 0 -18"><span class='ocrx_word' id='word_1_277' title='bbox 306 3730 385 3787; x_wconf 81' lang='lat' dir='ltr'><strong>stare</strong></span> <span class='ocrx_word' id='word_1_278' title='bbox 404 3742 466 3788; x_wconf 89' lang='lat' dir='ltr'><strong>nou</strong></span> <span class='ocrx_word' id='word_1_279' title='bbox 490 3731 617 3790; x_wconf 69' lang='lat' dir='ltr'><strong>rectum</strong></span> <span class='ocrx_word' id='word_1_280' title='bbox 652 3721 748 3805; x_wconf 72' lang='lat' dir='ltr'><strong>Magri</strong></span> <span class='ocrx_word' id='word_1_281' title='bbox 766 3721 843 3785; x_wconf 85' lang='lat' dir='ltr'><strong>ioris</strong></span> <span class='ocrx_word' id='word_1_282' title='bbox 863 3729 899 3784; x_wconf 88' lang='lat' dir='ltr'><strong>et</strong></span> <span class='ocrx_word' id='word_1_283' title='bbox 913 3723 1065 3787; x_wconf 88' lang='lat' dir='ltr'><strong>deorum</strong></span> <span class='ocrx_word' id='word_1_284' title='bbox 1084 3724 1223 3799; x_wconf 84' lang='lat' dir='ltr'><strong>nuntium</strong></span> <span class='ocrx_word' id='word_1_285' title='bbox 1244 3742 1334 3788; x_wconf 89' lang='lat' dir='ltr'><strong>nemo</strong></span> <span class='ocrx_word' id='word_1_286' title='bbox 1354 3743 1416 3789; x_wconf 85' lang='lat' dir='ltr'><strong>non</strong></span> <span class='ocrx_word' id='word_1_287' title='bbox 1433 3744 1468 3787; x_wconf 87' lang='lat' dir='ltr'><strong>er</strong></span> 
     </span>
     <span class='ocr_line' id='line_1_33' title="bbox 306 3826 531 3891; baseline -0.009 0"><span class='ocrx_word' id='word_1_288' title='bbox 306 3826 427 3891; x_wconf 82' lang='lat' dir='ltr'><strong>Horatio</strong></span> <span class='ocrx_word' id='word_1_289' title='bbox 441 3827 531 3891; x_wconf 85' lang='lat' dir='ltr'><strong>nouit.</strong></span> 
     </span>
    </p>

    <p class='ocr_par' dir='ltr' id='par_1_8' title="bbox 305 3926 1468 4097">
     <span class='ocr_line' id='line_1_34' title="bbox 389 3926 1468 4011; baseline -0.001 -19"><span class='ocrx_word' id='word_1_290' title='bbox 389 3931 451 3992; x_wconf 84' lang='lat' dir='ltr'><strong>Iam</strong></span> <span class='ocrx_word' id='word_1_291' title='bbox 467 3935 661 4011; x_wconf 78' lang='lat' dir='ltr'><strong>posteaquam</strong></span> <span class='ocrx_word' id='word_1_292' title='bbox 675 3926 742 4010; x_wconf 85' lang='lat' dir='ltr'><strong>quis</strong></span> <span class='ocrx_word' id='word_1_293' title='bbox 756 3926 795 3989; x_wconf 89' lang='lat' dir='ltr'><strong>sit</strong></span> <span class='ocrx_word' id='word_1_294' title='bbox 809 3927 962 4009; x_wconf 84' lang='lat' dir='ltr'><strong>exposuit,</strong></span> <span class='ocrx_word' id='word_1_295' title='bbox 983 3928 1118 4011; x_wconf 83' lang='lat' dir='ltr'><strong>sequitur</strong></span> <span class='ocrx_word' id='word_1_296' title='bbox 1138 3936 1173 3993; x_wconf 85' lang='lat' dir='ltr'><strong>ut</strong></span> <span class='ocrx_word' id='word_1_297' title='bbox 1191 3929 1242 3993; x_wconf 74' lang='lat' dir='ltr'><strong>uisi</strong></span> <span class='ocrx_word' id='word_1_298' title='bbox 1262 3930 1301 3994; x_wconf 87' lang='lat' dir='ltr'><strong>sit</strong></span> <span class='ocrx_word' id='word_1_299' title='bbox 1315 3937 1346 3993; x_wconf 87' lang='lat' dir='ltr'><strong>et</strong></span> <span class='ocrx_word' id='word_1_300' title='bbox 1364 3947 1418 3995; x_wconf 86' lang='lat' dir='ltr'><strong>cur</strong></span> <span class='ocrx_word' id='word_1_301' title='bbox 1431 3948 1468 3993; x_wconf 92' lang='lat' dir='ltr'><strong>eo</strong></span> 
     </span>
     <span class='ocr_line' id='line_1_35' title="bbox 305 4031 554 4097; baseline 0 -4"><span class='ocrx_word' id='word_1_302' title='bbox 305 4031 418 4097; x_wconf 84' lang='lat' dir='ltr'><strong>venerit</strong></span> <span class='ocrx_word' id='word_1_303' title='bbox 430 4031 554 4095; x_wconf 81' lang='lat' dir='ltr'><strong>indicet:</strong></span> 
     </span>
    </p>

    <p class='ocr_par' dir='ltr' id='par_1_9' title="bbox 237 4124 1469 4524">
     <span class='ocr_line' id='line_1_36' title="bbox 469 4124 1221 4218; baseline 0 -22"><span class='ocrx_word' id='word_1_304' title='bbox 469 4126 564 4196; x_wconf 83' lang='grc' dir='ltr'><strong>Ἥκω</strong></span> <span class='ocrx_word' id='word_1_305' title='bbox 581 4128 620 4196; x_wconf 74' lang='grc' dir='ltr'><strong>δὲ</strong></span> <span class='ocrx_word' id='word_1_306' title='bbox 640 4127 783 4216; x_wconf 75' lang='grc' dir='ltr'><strong><em>Δελφῶν</em></strong></span> <span class='ocrx_word' id='word_1_307' title='bbox 804 4125 901 4216; x_wconf 72' lang='grc' dir='ltr'><em>τήνδε</em></span> <span class='ocrx_word' id='word_1_308' title='bbox 915 4127 983 4217; x_wconf 73' lang='grc' dir='ltr'><strong>γῆν,</strong></span> <span class='ocrx_word' id='word_1_309' title='bbox 1005 4124 1046 4195; x_wconf 73' lang='grc' dir='ltr'><strong>ἵν’</strong></span> <span class='ocrx_word' id='word_1_310' title='bbox 1068 4125 1221 4218; x_wconf 73' lang='grc' dir='ltr'><em>ὀμφαλὸν</em></span> 
     </span>
     <span class='ocr_line' id='line_1_37' title="bbox 467 4227 1198 4319; baseline 0 -21"><span class='ocrx_word' id='word_1_311' title='bbox 467 4228 570 4315; x_wconf 77' lang='grc' dir='ltr'><em>μέσον</em></span> <span class='ocrx_word' id='word_1_312' title='bbox 590 4230 741 4312; x_wconf 74' lang='grc' dir='ltr'><strong><em>καθίζων</em></strong></span> <span class='ocrx_word' id='word_1_313' title='bbox 763 4235 889 4314; x_wconf 76' lang='grc' dir='ltr'><strong><em>Φοῖβος</em></strong></span> <span class='ocrx_word' id='word_1_314' title='bbox 909 4227 1053 4319; x_wconf 74' lang='grc' dir='ltr'><em>ὑμνῳδεῖ</em></span> <span class='ocrx_word' id='word_1_315' title='bbox 1065 4235 1198 4318; x_wconf 78' lang='grc' dir='ltr'><strong><em>βροτοῖς</em></strong></span> 
     </span>
     <span class='ocr_line' id='line_1_38' title="bbox 237 4327 1168 4419; baseline -0.002 -19"><span class='ocrx_word' id='word_1_316' title='bbox 237 4414 240 4419; x_wconf 17' lang='lat'><strong>⁴</strong></span> <span class='ocrx_word' id='word_1_317' title='bbox 468 4331 510 4400; x_wconf 77' lang='lat' dir='ltr'><strong>roi</strong></span> <span class='ocrx_word' id='word_1_318' title='bbox 531 4327 639 4401; x_wconf 73' lang='lat' dir='ltr'><strong>r&#39;iioua</strong></span> <span class='ocrx_word' id='word_1_319' title='bbox 660 4334 713 4401; x_wconf 78' lang='lat' dir='ltr'><strong>xci</strong></span> <span class='ocrx_word' id='word_1_320' title='bbox 732 4329 894 4416; x_wconf 79' lang='grc' dir='ltr'><em>μέλλοντα</em></span> <span class='ocrx_word' id='word_1_321' title='bbox 908 4330 1080 4414; x_wconf 73' lang='grc' dir='ltr'><strong>θεσπίζων</strong></span> <span class='ocrx_word' id='word_1_322' title='bbox 1102 4327 1168 4401; x_wconf 78' lang='lat' dir='ltr'><strong>u’ei.</strong></span> 
     </span>
     <span class='ocr_line' id='line_1_39' title="bbox 301 4433 1469 4524; baseline 0.003 -21"><span class='ocrx_word' id='word_1_323' title='bbox 301 4433 473 4524; x_wconf 80' lang='grc' dir='ltr'><em>Ὀμφαλοῦ</em></span> <span class='ocrx_word' id='word_1_324' title='bbox 487 4439 549 4503; x_wconf 85' lang='lat' dir='ltr'><strong>sive</strong></span> <span class='ocrx_word' id='word_1_325' title='bbox 563 4438 739 4503; x_wconf 88' lang='lat' dir='ltr'><strong>Umbilici</strong></span> <span class='ocrx_word' id='word_1_326' title='bbox 753 4437 885 4521; x_wconf 85' lang='lat' dir='ltr'><strong>Delphici</strong></span> <span class='ocrx_word' id='word_1_327' title='bbox 898 4438 978 4503; x_wconf 80' lang='lat' dir='ltr'><strong>tama</strong></span> <span class='ocrx_word' id='word_1_328' title='bbox 991 4439 1104 4503; x_wconf 86' lang='lat' dir='ltr'><strong>nemini</strong></span> <span class='ocrx_word' id='word_1_329' title='bbox 1117 4438 1256 4504; x_wconf 82' lang='lat' dir='ltr'><strong>inaudita.</strong></span> <span class='ocrx_word' id='word_1_330' title='bbox 1279 4439 1381 4506; x_wconf 87' lang='lat' dir='ltr'><strong>Fuisse</strong></span> <span class='ocrx_word' id='word_1_331' title='bbox 1398 4460 1469 4506; x_wconf 88' lang='lat' dir='ltr'><strong>eum</strong></span> 
     </span>
    </p>
   </div>
   <div class='ocr_carea' id='block_1_4' title="bbox 0 0 1650 5142">
    <p class='ocr_par' dir='ltr' id='par_1_10' title="bbox 0 0 1650 5142">
     <span class='ocr_line' id='line_1_40' title="bbox 0 0 1650 5142; baseline 0 0"><span class='ocrx_word' id='word_1_332' title='bbox 0 0 1650 5142; x_wconf 95' lang='lat' dir='ltr'><strong> </strong></span> 
     </span>
    </p>
   </div>
  </div>
 </body>
</html>
