3154 5138
658 446 720 511 289

586 534 790 548 υ

114 632 188 714 qaod
206 631 244 695 sb
266 633 404 697 omibus
423 633 576 698 codicibus
592 636 696 700 desse
715 637 857 712 dixirim,
878 651 942 697 uon
960 634 1084 716 smplins
1104 653 1179 716 opus
1203 654 1268 699 esse

112 744 239 818 arcet

192 838 223 911 l,
238 838 296 914 32,
311 838 363 901 89.
395 839 438 902 Et
457 841 666 921 tequidem,
690 841 813 917 Vellei,
835 858 907 904 non
929 849 1052 903 restro
1072 858 1184 917 more,
1207 842 1267 905 sed

114 942 401 1017 dialecticorum,
421 961 509 1023 quac
524 944 688 1008 funditus
704 962 791 1025 gens
809 952 927 1006 restra
945 960 1016 1006 non
1035 944 1147 1019 novit,
1168 960 1268 1025 argu·

112 1045 220 1106 nenti
236 1044 450 1108 sententiam
465 1047 688 1110 conclusisti.
715 1044 1092 1127 Sprercruutlleindorllus
1104 1046 1268 1110 etOrollius

111 1147 229 1210 horti
243 1147 442 1210 coniectorem
457 1167 568 1228 quem,
585 1160 615 1212 et
626 1159 706 1212 recte
721 1149 849 1230 quidem.
879 1148 954 1210 Nam
968 1148 1082 1225 Cicero,
1099 1149 1180 1225 licet,
1196 1151 1268 1212 dia·

112 1248 324 1311 lecticorum
347 1250 461 1325 dicens,
493 1250 631 1313 homines
652 1250 868 1331 significaverit,
900 1258 998 1313 umen
1031 1268 1122 1331 quum
1153 1271 1268 1315 morem

112 1350 218 1413 borum
243 1351 328 1426 dicit,
352 1359 444 1414 artem
468 1371 503 1414 ac
520 1361 674 1435 praecepta
692 1354 836 1436 intelligit,
861 1353 944 1434 eique
966 1352 1080 1416 notioni
1101 1372 1269 1435 pronomen
1292 1367 1323 1417 14

113 1453 324 1516 accommodet
358 1454 402 1515 Ex
420 1454 525 1516 eodem
545 1473 650 1537 genere
669 1462 728 1531 est,
753 1456 833 1536 quod
851 1455 956 1536 legitur
979 1455 1010 1517 in
1030 1474 1073 1517 or.
1092 1464 1144 1519 ctr.
1165 1457 1267 1521 Pison.

115 1575 138 1617 o.
151 1554 209 1617 ts:
228 1556 335 1618 etiam
348 1555 498 1632 litteris,
517 1557 612 1638 quod
632 1558 705 1621 lero
720 1567 863 1621 ceteros
877 1558 1074 1640 Epicureos
1089 1559 1271 1640 negligere

116 1658 248 1732 dicunt,
267 1658 486 1739 perpolitus:
504 1660 609 1739 cogitru
630 1659 708 1722 enim
727 1660 903 1742 perpoliri
919 1659 1061 1723 litteris.
1091 1662 1133 1724 lle
1151 1661 1224 1742 legg.
1242 1662 1270 1737 l,

118 1760 163 1832 16,
177 1762 230 1822 45.
262 1760 325 1822 Est
339 1761 432 1823 enim
447 1761 559 1824 virtus
574 1762 733 1842 perlecta
747 1762 854 1837 ratio,
874 1764 967 1844 quod
982 1774 1077 1826 certe
1091 1766 1128 1826 in
1145 1775 1271 1827 natura

117 1872 179 1939 est,
192 1865 255 1926 hoc
268 1864 392 1939 scilicet,
407 1874 440 1927 ut
454 1865 620 1945 perficiatur
633 1864 718 1927 ratio.
747 1863 820 1927 lbid.
834 1864 869 1939 ll,
884 1865 934 1941 27,
948 1866 1003 1929 ὅθι
1019 1866 1130 1929 dicam
1146 1868 1187 1930 de
1201 1885 1269 1929 ma·

117 1967 340 2046 gistratibus:
360 1967 396 2030 id
410 1967 504 2029 enim
518 1975 573 2029 est
592 1970 772 2047 prolecto,
793 1968 885 2047 quod
899 1987 971 2030 rem
989 1968 1167 2049 publicam
1187 1987 1270 2032 con·

118 2071 227 2133 lineat
246 2069 410 2146 maxime,
433 2087 541 2150 nempe
560 2070 606 2141 id,
631 2077 664 2132 ut
683 2069 871 2151 magistratus
896 2070 962 2132 sint
998 2070 1117 2132 Tuscul.
1140 2072 1172 2145 1,
1192 2071 1221 2146 2,
1241 2075 1269 2134 4.

117 2191 197 2253 ergo
218 2173 255 2235 in
272 2170 417 2235 Graecia
435 2171 564 2234 musici
582 2172 798 2247 llorucrurrt,
817 2170 1075 2253 discebantque
1089 2171 1123 2233 id
1139 2191 1271 2248 omnes,

117 2275 283 2349 idsdlicct,
303 2273 382 2355 quod
398 2273 582 2337 musicorum
593 2282 648 2336 est
663 2308 705 2319 -
735 2274 791 2336 Sed
806 2282 959 2356 postrema
973 2274 1060 2338 verba
1080 2274 1175 2337 vitiata
1194 2283 1271 2337 sunt

117 2376 188 2439 Nm
208 2396 307 2458 neque
325 2377 521 2457 argumenti
540 2377 719 2440 sententia
739 2376 795 2439 dici
819 2377 917 2458 potuit
938 2395 995 2458 pro
1019 2378 1162 2441 sententia
1184 2397 1273 2460 argu-

117 2482 276 2544 mentando
290 2479 428 2562 probata,
449 2499 545 2561 neque
558 2498 650 2543 unum
665 2479 786 2542 Velleius
801 2488 1016 2559 argumentum,
1032 2481 1083 2543 sed
1098 2479 1181 2561 plura
1195 2488 1273 2544 attu-

115 2583 195 2647 lerat
225 2585 329 2664 ltaque
343 2582 389 2644 vel
403 2591 558 2664 propterea
572 2583 714 2646 lambino
729 2584 865 2645 assentiri
879 2600 942 2645 nou
956 2600 1132 2664 possumus,
1151 2583 1201 2666 qui
1221 2603 1273 2647 ar-

115 2693 282 2765 gumento
307 2684 496 2748 scribendum
520 2686 626 2759 suasit,
651 2686 855 2766 persuasitque
872 2684 1057 2761 Heindorll03
1081 2686 1273 2766 probaremus

115 2789 356 2869 argumentis,
373 2788 453 2869 quod
466 2787 596 2851 limutio
610 2788 729 2869 placuit,
744 2788 801 2850 nisi
815 2788 880 2869 ipsa
894 2789 1041 2870 loquutio,
1055 2789 1273 2869 argumentis

6 2968 7 2971 Ἴ
115 2889 333 2954 sententiam
346 2890 575 2965 concludere,
590 2890 749 2953 abhorrere
763 2891 909 2954 rideretur
923 2890 959 2954 ab
974 2911 1015 2965 ea,
1031 2910 1119 2972 quam
1132 2892 1273 2954 biclocus

113 2995 257 3074 postulat
271 2993 490 3074 significatione,
505 3012 562 3075 qus
578 2993 614 3055 do
627 3011 660 3056 rc
674 2993 785 3057 dictum
800 3001 846 3055 est
859 3013 875 3057 a
889 2994 1030 3074 lladvigio
1046 2994 1083 3057 ad
1097 2993 1127 3056 C.
1144 2995 1180 3057 de
1189 2995 1273 3058 Finn.

113 3116 144 3177 p.
159 3098 213 3162 lid.
243 3096 303 3159 Sed
318 3115 410 3177 quum
425 3096 456 3160 in
469 3096 579 3177 aliquot
592 3095 743 3159 codicibus
758 3104 966 3175 argumenta
981 3097 1125 3178 seriptum
1145 3098 1197 3172 sit,
1217 3098 1275 3160 boc

114 3201 220 3283 aliquis
234 3199 447 3281 recipiendum,
462 3218 517 3281 pro
533 3199 749 3262 sententiam
763 3206 859 3263 autem
876 3201 1073 3262 sentcntiae
1088 3200 1273 3263 scribendum

114 3312 246 3368 censa
273 3303 407 3366 Praestat
420 3310 526 3378 nmen,
542 3302 658 3383 opinor,
672 3302 870 3383 argumenti
885 3320 1064 3365 summam.
1092 3302 1165 3365 Nam
1177 3322 1274 3365 sum-

114 3424 206 3469 mam
225 3405 484 3469 etsententiam
506 3404 659 3468 alibruiis
680 3402 745 3466 abbi
765 3422 884 3485 quoque
902 3413 1066 3486 permutata
1081 3424 1147 3467 esse
1161 3412 1278 3467 constat

115 3507 187 3583 (rid
203 3508 325 3589 Madvig.
339 3508 359 3570 l
373 3509 391 3571 l.
406 3526 436 3588 p.
452 3507 547 3584 att),
570 3506 816 3588 quemadmodum
831 3506 917 3569 etiam
937 3508 972 3581 ll,
988 3510 1016 3577 1,
1036 3508 1075 3569 11
1092 3508 1123 3569 in
1142 3506 1276 3588 plurimis

117 3610 271 3675 codicibus
288 3629 346 3692 pro
370 3626 505 3674 summa
524 3618 667 3673 constat
687 3609 831 3691 scriptum
853 3618 900 3671 cst
920 3609 1100 3672 sententia
1124 3617 1276 3672 constat.

118 3729 256 3775 summa
276 3713 477 3793 argumenti
496 3721 592 3776 autem
614 3712 633 3774 i.
648 3732 676 3793 q.
700 3730 834 3775 summa
854 3713 1023 3786 rationis,
1049 3714 1086 3775 de
1104 3712 1153 3775 Or.
1173 3712 1208 3786 ll,
1225 3710 1277 3786 38,

123 3813 192 3877 158.
214 3834 355 3879 summa
369 3816 543 3878 connexio
558 3814 587 3876 b.
604 3834 629 3876 e.
647 3815 832 3878 conclusio
847 3833 894 3895 ap.
906 3815 1024 3889 Quintil.
1036 3815 1058 3876 1.
1071 3816 1105 3877 0.
1119 3815 1151 3889 V,
1166 3815 1214 3889 14,
1230 3814 1277 3875 17.

205 3918 294 3995 tlt,
313 3920 383 3981 110.
412 3918 438 3980 N
446 3936 490 3980 ou
505 3917 662 3980 arbitror
676 3925 720 3991 te,
736 3918 861 3993 Vellei,
882 3916 1033 3979 similem
1053 3936 1132 3979 esse
1146 3915 1278 3997 Epicu·

120 4036 261 4084 reorum
287 4020 531 4101 reliquorum,
558 4038 646 4101 quos
671 4020 804 4101 pudeat
828 4036 948 4083 earum
972 4019 1117 4100 Epicuri
1141 4037 1279 4093 vocum,

122 4122 250 4200 quibus
264 4123 329 4186 ille
344 4131 511 4198 testatur,
530 4141 568 4185 se
580 4141 624 4184 ne
638 4121 841 4204 intelligere
855 4121 995 4203 quidem
1012 4122 1119 4184 ullum
1133 4120 1279 4195 bonum,

123 4226 214 4302 quod
241 4227 290 4290 sit
317 4226 515 4288 seiunctum
536 4244 552 4287 a
573 4223 738 4287 delicatis
760 4233 794 4286 et
813 4223 1005 4286 obscoenis
1026 4222 1279 4303 voluptatibus.

123 4324 269 4392 Laudandi
281 4337 355 4392 suut
361 4327 521 4390 Lambinus
532 4333 561 4387 et
567 4325 763 4402 Heindoriius,
774 4326 855 4406 quod
865 4327 1049 4406 negationem
1062 4334 1129 4389 ante
1140 4322 1280 4404 pudeat,

127 4433 252 4509 quamvis
267 4433 299 4496 in
315 4430 397 4496 nullo
414 4431 515 4493 codice
528 4437 687 4510 repertam,
707 4429 836 4495 inserere
850 4440 947 4493 tarum
961 4446 1025 4491 non
1039 4427 1222 4492 dubitarunt:
1238 4430 1283 4485 est

158 4534 203 4599 lll
1042 4530 1079 4590 19
