3276 5144
659 446 809 546 „aas

237 639 375 703 Videmus
395 641 484 721 igitur
497 640 528 703 in
543 638 686 702 adverbiis
701 637 757 701 tria
772 652 879 697 vocum
892 650 999 716 genera
1014 651 1031 694 a
1045 632 1244 714 grammaticis
1257 650 1319 698 nus

154 749 267 805 morata
291 741 452 805 admodum
476 741 554 804 inter
579 760 611 803 se
633 740 756 813 diversa,
782 752 888 808 unum,
914 735 994 817 quod
1014 737 1050 798 ad
1065 736 1213 798 actionem
1227 736 1317 798 verbo

152 844 321 916 indicatam,
341 843 476 917 alterum,
499 843 578 922 quod
591 842 628 905 ad
644 840 845 904 modalitatem
861 838 1080 907 enuntiationis,
1096 838 1216 903 tertium
1232 838 1318 901 deui-

154 966 219 1028 que,
234 947 315 1027 quod
330 953 434 1007 neutro
450 945 605 1026 pertineat,
627 943 679 1006 sed
694 941 768 1005 nihil
782 942 840 1005 uisi
854 942 991 1003 allectum
1008 941 1154 1019 quendam
1170 941 1317 1021 loquentis

153 1049 270 1130 prodat.
305 1048 384 1109 Daeo
408 1048 523 1127 farrago
547 1046 579 1108 in
605 1062 748 1126 quasnam
768 1062 858 1125 porro
879 1042 992 1124 species
1008 1043 1171 1115 distributa,
1196 1050 1317 1122 atquae

154 1150 320 1231 quibusque
345 1149 465 1211 nomina
485 1155 606 1229 propter
620 1146 861 1227 significationem
882 1144 975 1207 indita
988 1143 1056 1217 unt,
1083 1163 1317 1207 commemorare

154 1252 275 1334 longum
296 1269 394 1333 neque
408 1250 606 1314 necessarium
622 1254 677 1322 est,
699 1268 789 1329 quum
812 1248 983 1330 praesertim
998 1263 1058 1309 uon
1074 1247 1197 1309 eandem
1213 1265 1317 1310 ornnes

154 1355 296 1416 rationem
315 1355 345 1415 in
363 1354 416 1415 hac
434 1352 639 1415 distributione
656 1363 686 1413 et
705 1352 927 1414 nomenclatura
943 1349 1037 1413 secuti
1049 1349 1108 1411 siut
1120 1351 1178 1427 23).
1202 1350 1244 1412 De
1255 1368 1316 1412 uuo

154 1460 270 1518 tantum
291 1455 412 1518 nomine
433 1455 542 1536 passim
557 1474 574 1516 a
588 1454 785 1534 grammaticis
806 1458 957 1533 usurpato,
980 1451 1031 1513 scd
1047 1451 1129 1512 cuius
1144 1469 1242 1515 verani
1255 1452 1316 1515 vim

155 1576 190 1621 ac
201 1556 442 1638 significationem
465 1576 482 1618 a
497 1557 646 1638 plerisque
665 1556 829 1636 ignoratam
843 1574 906 1617 esse
921 1560 1051 1635 apparet,
1068 1570 1174 1633 operae
1189 1542 1316 1634 pretium

153 1666 201 1723 est
225 1678 374 1740 quaerere.
410 1659 606 1722 Nominantur
630 1658 710 1719 enirn
730 1658 873 1737 quaedam
892 1649 1074 1738 μεσότητος
1095 1647 1317 1738 ἐπιρρήματα,

154 1761 248 1841 iisque
267 1761 299 1822 iu
314 1760 443 1842 Dionysii
456 1761 578 1823 Thracis
592 1760 699 1832 libebe,
721 1759 772 1840 qui
786 1766 967 1840 quantopere
982 1775 998 1817 a
1013 1756 1156 1837 Byzantiis
1171 1757 1316 1839 uragistris

156 1863 285 1925 diffictus
309 1870 340 1926 et
365 1863 558 1943 interpolatus
585 1862 632 1935 sit,
658 1862 808 1925 nerninem
829 1862 912 1942 iugit,
937 1860 1018 1923 locus
1039 1860 1115 1921 iuter
1129 1860 1271 1941 temporis
1286 1866 1317 1927 et

156 1963 303 2045 qualitatis
318 1964 452 2027 adverbia
467 1964 583 2028 medius
598 1964 761 2044 assignatus
776 1973 830 2036 est,
847 1981 901 2044 pro
916 1961 1059 2041 exemplis
1073 1967 1171 2023 autern
1187 1964 1315 2025 atterun-

154 2073 205 2128 tur
229 2062 347 2139 καλῶς,
371 2066 497 2152 σοφοῖς,
521 2061 677 2139 δυνατῶς,
701 2084 776 2145 quae
802 2084 855 2128 cur
873 2084 890 2127 a
905 2063 1052 2144 qualitatis
1071 2064 1215 2153 adverbiis
1229 2083 1315 2145 sepa·

152 2177 258 2232 rentur
271 2186 360 2231 nemo
375 2168 459 2230 laoile
474 2167 666 2249 perspexerit.
697 2166 952 2229 Commentatores
967 2166 1086 2247 quidem
1101 2166 1230 2247 Dionysii
1245 2166 1315 2229 illud

152 2266 335 2356 μεσότητος
348 2287 459 2331 nomen
473 2271 510 2331 iis
525 2269 668 2332 adverbiis
683 2269 836 2351 proprium
852 2288 917 2330 csse
930 2267 1042 2341 volunt,
1059 2268 1176 2348 quaein
1190 2269 1227 2341 b}
1237 2268 1315 2329 desi-

153 2381 234 2448 nant,
249 2374 367 2453 sintque
378 2391 414 2433 ex
424 2372 559 2453 genitivis
570 2370 730 2452 pluralibus
741 2371 896 2433 nominum
910 2378 963 2437 aut
973 2370 1183 2452 pronominum
1195 2369 1315 2447 debera,

151 2477 183 2540 iu
209 2476 315 2558 quibus
339 2493 431 2555 quum
457 2474 571 2536 nubum
591 2475 630 2535 sit
649 2472 763 2553 generis
786 2473 940 2535 masculini
955 2482 984 2533 et
997 2472 1132 2535 seminini
1147 2472 1315 2549 discrimen,

152 2580 222 2643 hino
243 2578 386 2640 eiusmodi
412 2576 555 2638 adverbiis
575 2575 645 2638 illud
668 2575 878 2637 medietatis
898 2592 1008 2637 nomen
1027 2574 1184 2638 convenire
1203 2575 1314 2638 visum:

152 2680 340 2742 medietatem
366 2677 446 2740 enim
471 2695 537 2738 esse
558 2676 854 2753 indifferentiam²⁴t
889 2678 989 2739 Paullo
1016 2678 1121 2739 saltem
1142 2677 1315 2758 prudentius

153 2782 295 2861 Georgius
311 2779 531 2842 Choeroboscus
541 2773 720 2863 μεσότητος
734 2780 866 2843 adverbia
878 2788 1034 2863 propterea
1047 2781 1122 2844 dicta
1137 2780 1314 2863 suspicatur,

154 2913 356 2926 ——1———11

153 3016 187 3052 ro
196 3016 223 3064 r,
234 2998 311 3053 babet
323 3000 349 3051 in
361 3015 390 3051 se
402 3000 482 3063 ipsius
494 2999 567 3051 verbi
578 3000 817 3065 significationem.“
837 3000 903 3053 Sana
912 3002 955 3069 qui
965 3016 1060 3067 papae
1069 3001 1138 3065 dicit,
1148 3000 1314 3055 admiratione

153 3085 257 3152 quadam
276 3101 304 3137 se
320 3086 438 3137 affectum
451 3099 509 3136 esse
521 3087 641 3150 ostendit,
666 3094 798 3153 potestque
810 3087 857 3138 boc
869 3087 936 3137 idem
948 3088 1024 3139 etiam
1036 3086 1158 3139 disertius
1168 3088 1246 3139 verbo
1259 3086 1314 3138 mi·

152 3188 207 3223 ror
220 3171 311 3238 eloqui,
323 3172 427 3237 ideoque
440 3170 536 3221 duobus
549 3172 630 3223 modis
643 3188 717 3222 uuum
729 3173 824 3223 dicere.
849 3171 897 3222 Sed
912 3171 1033 3222 ridiculus
1045 3172 1088 3232 sit,
1101 3172 1142 3239 qui
1154 3171 1204 3221 isto
1217 3187 1313 3237 papae

151 3255 326 3307 admirationis
340 3263 384 3307 aut
397 3271 496 3306 causum
509 3262 554 3307 aut
566 3255 722 3323 qualitatem,
734 3265 778 3308 aut
790 3257 971 3308 enuntiationis
983 3255 1153 3308 modalitatem
1165 3256 1314 3323 significari,

152 3340 257 3406 ideoque
269 3338 330 3390 illud
341 3340 458 3390 adverbii
471 3341 521 3390 viru
535 3341 626 3392 babere
640 3343 767 3406 opinetur.

221 3427 263 3487 2³)
282 3424 308 3475 in
321 3426 437 3494 Dionysii
454 3424 516 3475 Thr.
528 3424 617 3477 libello
630 3441 653 3490 p.
665 3428 712 3478 611
733 3444 772 3494 sq.
788 3428 887 3492 species
903 3427 1081 3478 adverbiorum
1097 3442 1112 3477 a
1128 3427 1314 3493 significatione

152 3510 292 3575 appellatae
309 3511 415 3577 quinque
434 3517 460 3561 et
479 3510 569 3573 viginti
586 3520 652 3562 sunt.
679 3512 809 3562 Diomedes
827 3527 851 3575 p.
865 3512 915 3563 399
928 3512 987 3576 (403
1000 3510 1077 3575 lleil.)
1091 3511 1182 3576 viginti
1194 3520 1314 3578 quattuor

153 3596 240 3660 babet,
261 3594 364 3646 totidem
383 3595 497 3645 Donatus
514 3593 542 3659 tt,
559 3596 597 3659 13,
610 3595 635 3658 2,
648 3594 745 3646 Probus
758 3612 781 3662 p.
796 3596 862 3648 late
884 3596 974 3659 viginti
987 3612 1074 3659 unam,
1095 3596 1242 3647 Priscianus
1255 3596 1314 3662 XV,

153 3681 186 3731 28
198 3697 250 3747 sqq.
264 3680 373 3731 sedecim
387 3687 520 3730 contentus
533 3689 587 3744 est,
601 3680 748 3732 Tbeodorus
762 3680 831 3732 Gaze
845 3698 867 3746 p.
882 3681 931 3731 258
945 3682 992 3742 (ed.
1007 3682 1063 3730 bas.
1079 3682 1162 3743 tots.)
1181 3689 1315 3748 quattuor·

152 3766 232 3816 decim
245 3772 368 3829 recenset,
380 3765 425 3815 sed
437 3764 574 3828 prudenter
586 3765 665 3815 addit:
685 3759 753 3816 ἀλλὰ
770 3763 826 3835 γάρ
844 3763 875 3815 τὸ
894 3763 966 3834 πρός
982 3765 1013 3817 τὸ
1027 3761 1238 3835 σημαινόμενον
1251 3761 1314 3818 ὀνο·

150 3845 249 3920 μάζειν
266 3845 330 3900 καθ’
344 3845 465 3899 ’ἕκαστον
477 3843 606 3913 άτιειρον.
630 3847 685 3914 lpse
698 3865 756 3899 taor
768 3850 842 3900 aliern
855 3850 899 3899 sed
912 3867 960 3900 non
972 3851 1102 3902 meliorem
1114 3851 1180 3901 viam
1192 3850 1253 3916 init,
1271 3867 1315 3903 se·

151 3937 257 3988 cundum
268 3935 354 3985 decern
367 3932 512 3998 categorias
525 3934 556 3984 ab
568 3934 727 3987 Aristoteliis
740 3935 850 3985 traditas
863 3935 984 3985 adverbia
997 3935 1150 3999 dispesoens.
1265 3986 1268 3992 ,

220 4021 262 4085 24)
282 4016 364 4069 Sobel.
385 4018 491 4085 Dionys.
511 4032 536 4081 p.
550 4018 607 4080 939,
626 4019 668 4069 le:
693 4016 860 4083 Μισότητσς
880 4014 1058 4088 ἐπιρρήμάιά
1079 4016 1157 4072 ἐστιν
1177 4018 1232 4071 ὅσα
1252 4017 1312 4072 άπὸ

151 4105 270 4172 γενικῶν
291 4100 440 4171 ὀνομάτων
463 4104 502 4161 εἰς
522 4106 560 4161 Εἷς
576 4100 722 4171 γεγόνασι·
740 4106 786 4155 καὶ
799 4107 920 4175 εἴρηνται
930 4103 1085 4174 μεσότητος
1097 4102 1163 4174 παρ’
1177 4102 1248 4157 ὅσον
1259 4105 1315 4159 slot

150 4188 225 4256 μέσα
238 4183 397 4257 άρσινικιῦν
410 4187 456 4237 καὶ
469 4188 598 4252 θηλυκῶν
612 4183 767 4256 ὀνομάτων,
782 4185 818 4246 ὡς
833 4188 865 4240 τὸ
883 4188 994 4254 καλοί,
1011 4191 1122 4255 καλαί,
1135 4191 1243 4243 καλῶν
1255 4208 1314 4241 κοι-

153 4274 225 4337 iaie,
246 4275 348 4340 φίλοι.
366 4273 471 4340 opttus
488 4275 597 4340 φίλων
615 4274 724 4341 φίλως
739 4274 795 4324 κτλ.
813 4271 896 4338 (Alter
909 4275 988 4325 schol.
1001 4275 1034 4326 ib.
1048 4291 1072 4326 v.
1086 4275 1133 4325 31:
1150 4272 1244 4326 πάντα
1255 4271 1313 4326 dot

152 4358 271 4424 γενικῶν
290 4354 363 4421 πλὴν
383 4358 432 4408 τοῦ
454 4352 492 4408 οἵ
501 4374 511 4407 ν
521 4358 580 4421 τις.)
605 4357 701 4409 Similia
723 4366 872 4423 repetuntur
894 4374 917 4423 p.
932 4361 991 4424 ete,
1006 4361 1049 4423 tm
1067 4368 1093 4410 et
1105 4376 1129 4425 p.
1142 4360 1200 4426 est,
1213 4360 1227 4410 8
1241 4360 1314 4410 sobo·

151 4441 241 4494 liastes
254 4442 283 4492 de
296 4442 423 4493 adverbiis
433 4440 583 4512 βοτρυδόν,
596 4440 701 4511 άμεληδ
703 4439 745 4511 όν,
758 4441 820 4509 πάξ,
833 4440 883 4503 λάξ
894 4443 1007 4513 loquens,
1021 4450 1140 4498 σκοπεῖν
1147 4443 1213 4517 χρή,
1224 4446 1313 4514 inquit,
