3178 5136
860 432 923 498 218

310 615 595 706 [ἀ]ληθινωτίροις,
607 621 721 685 etiamsi
732 640 799 684 rere
809 618 865 684 hae
875 620 957 703 ipsae
967 620 1121 684 duodecim
1132 620 1282 685 litterasin
1293 639 1402 704 papyro
1412 641 1460 685 er·

309 731 379 797 tant,
389 741 483 803 neque
493 724 628 787 evanidas
639 725 751 787 formae
761 724 966 805 Neapolitanos
978 725 1148 800 fefellerunt,
1159 732 1259 788 tamen
1270 724 1393 788 duhitari
1403 743 1463 788 non

309 833 409 907 potest
432 826 503 907 quin
526 827 769 890 commutandum
793 827 832 888 sit
861 844 928 889 em
951 820 1249 913 ίίοοθεριωτέροις.
1286 825 1362 889 Nam
1385 829 1463 907 quod

310 927 501 1008 Goettlingius
521 928 573 991 ait:
600 921 632 991 oi
654 921 813 1015 ἀληθινοί
832 938 902 991 sunt
921 929 951 1004 ii,
971 931 1021 1009 qui
1040 924 1119 1013 περὶ
1137 926 1195 1015 τήν
1215 921 1380 1015 ἀλήθειαν
1398 937 1465 991 sunt

314 1030 447 1110 oeeupati
462 1030 485 1091 i.
506 1049 531 1092 e.
551 1029 755 1111 philosophiae
776 1030 818 1092 rel
839 1028 1062 1111 perspiciendae
1080 1032 1139 1093 reri
1163 1050 1284 1113 operam
1309 1049 1394 1094 suam
1413 1050 1464 1095 na·

310 1140 424 1194 rantes:
439 1131 498 1194 hoe
511 1150 606 1213 neque
620 1152 722 1195 verum
733 1141 787 1206 est,
803 1152 907 1212 neque,
921 1132 947 1194 si
958 1134 1194 1196 maximevernm
1210 1142 1295 1209 esset,
1310 1134 1466 1216 quidquam

311 1234 427 1297 adrem
448 1235 614 1315 pertineret
652 1232 727 1296 Nam
747 1235 823 1297 loret
840 1235 913 1297 haee
931 1235 1101 1316 philosophi
1120 1236 1197 1311 laus,
1222 1252 1283 1298 non
1308 1236 1400 1313 servi,
1419 1238 1466 1318 qui

311 1337 428 1417 quidem
444 1337 470 1399 si
485 1328 647 1423 ἀληθινὸς
661 1337 775 1411 dieitur,
795 1354 897 1399 vereor
909 1345 943 1400 ut
956 1337 1029 1400 alius
1049 1338 1166 1419 intelligi
1185 1340 1292 1419 possit,
1312 1358 1400 1420 qnam
1420 1339 1468 1420 qni

310 1457 378 1501 vere
388 1458 491 1502 servos
500 1440 546 1513 sit,
558 1440 807 1519 quemadmodum
818 1440 850 1501 iu
861 1458 905 1514 eo,
917 1441 996 1521 quod
1009 1439 1203 1520 Goettlingius
1215 1441 1313 1515 reiart,
1326 1440 1468 1523 Stilponir

311 1541 400 1616 dieto,
416 1542 465 1623 qni
480 1541 586 1604 dicanti
608 1542 737 1615 suidam,
757 1542 946 1604 adorirentur
967 1552 993 1604 te
1013 1552 1048 1604 ut
1067 1542 1208 1616 helluoni,
1228 1532 1398 1622 οὐμενοῦν,
1422 1561 1469 1605 ro·

310 1644 423 1726 pendit,
443 1635 504 1707 ἅλλ
518 1635 563 1718 ὥς
577 1634 757 1727 &nonnos
777 1634 947 1728 ἀληθινόν,
969 1643 1027 1707 hoe
1046 1662 1230 1726 nequequam
1243 1644 1392 1707 totam
1408 1649 1472 1707 ueri

310 1748 479 1819 studiosum,
495 1755 527 1809 ut
538 1746 714 1827 Goettlingio
729 1747 824 1808 nsum
838 1754 892 1817 est,
909 1746 960 1807 sed
975 1764 1042 1807 vere
1053 1746 1198 1810 hommem
1211 1766 1234 1809 s.
1249 1746 1398 1810 honinem
1409 1751 1474 1810 aeri

310 1853 437 1912 nomino
457 1851 608 1930 signifieat.
642 1850 684 1912 lta
703 1845 743 1913 τὸ
768 1840 930 1934 ἀληθινὸν
953 1842 1086 1926 κᾶλλος,
1103 1849 1292 1931 pulchritudo
1311 1869 1388 1932 quoe
1406 1868 1473 1913 nera

311 1954 370 2014 diei
379 1952 467 2023 debet,
481 1943 642 2036 ἀληθινὸς
652 1948 805 2028 πλοῦτος,
821 1970 909 2014 verne
920 1952 1047 2023 diva‘tine,
1062 1943 1225 2037 ἀληθινὰς
1235 1945 1346 2039 φίλος,
1362 1957 1474 2016 merto

309 2055 363 2117 loe
382 2058 498 2117 οοονίοο
517 2054 630 2134 dipsas.
664 2053 771 2116 Servus
791 2062 888 2116 autem
909 2043 1070 2137 ἀληθινὸς
1090 2064 1119 2115 et
1144 2053 1266 2117 nomine
1282 2073 1342 2117 suo
1368 2055 1474 2135 ὤμοι

310 2158 336 2220 is
357 2165 403 2220 est
421 2157 567 2238 prolecto,
592 2156 642 2237 qui
662 2156 783 2218 minime
808 2163 854 2217 est
872 2149 1068 2241 dlavdmtog,
1092 2156 1218 2238 ideoque
1241 2156 1331 2238 plane
1354 2157 1393 2220 ah
1416 2158 1475 2220 hoo

310 2262 376 2324 Ιοοο
391 2260 510 2324 alienus.
1298 2296 1303 2305 ·

395 2364 624 2443 Praeceptorum
644 2382 717 2442 quae
736 2369 899 2443 sequuntur
917 2380 1035 2424 summa
1054 2361 1127 2423 haee
1149 2370 1207 2424 est:
1232 2361 1292 2424 vini
1318 2362 1475 2443 pedonum

312 2467 402 2530 servis
417 2475 468 2529 aut
488 2484 639 2547 nunquam
659 2472 710 2528 aut
727 2483 793 2527 raro
814 2464 1045 2527 mneedendom:
1066 2464 1193 2539 labores,
1216 2464 1432 2545 castigationes
1449 2474 1478 2527 st

310 2571 445 2633 alimenta
460 2579 538 2631 reete
552 2577 581 2630 et
595 2588 628 2630 ex
644 2570 786 2648 cuiusque
800 2568 905 2629 merito
920 2566 1126 2648 dispensanda,
1144 2574 1178 2629 ut
1191 2567 1296 2630 melius
1313 2569 1356 2630 sit
1369 2568 1477 2631 melio-

308 2674 400 2747 rihus,
423 2691 483 2735 neu
500 2672 564 2753 pari
579 2691 611 2734 se
626 2690 693 2734 eum
709 2669 902 2733 deterioribus
917 2668 1085 2733 conditione
1099 2669 1198 2732 haheri
1213 2669 1349 2733 videntes
1369 2680 1402 2733 et
1419 2669 1478 2750 ipsi

310 2779 519 2859 depraventur,
540 2775 632 2856 (quod
651 2775 729 2836 idem
750 2793 767 2836 a
787 2774 983 2855 Xenophonte
1001 2772 1179 2853 praeripitur
1196 2772 1308 2836 Oeoon.
1333 2772 1387 2847 13,
1412 2773 1479 2842 llll:

310 2899 402 2961 porro
418 2897 524 2959 genera
540 2895 693 2939 serrorum
708 2877 838 2956 eligenda
852 2895 925 2951 esse,
941 2894 1015 2955 quae
1029 2876 1065 2938 ad
1081 2894 1158 2956 opus
1169 2874 1340 2937 laciendum
1354 2875 1481 2957 optima,

311 2991 339 3045 st
352 3000 448 3063 neque
462 2984 563 3061 ignara
577 2998 673 3060 neque
687 2979 776 3042 nimis
792 2980 924 3042 animosa
939 2978 1011 3041 sint:
1032 2977 1196 3059 praemium
1215 2987 1313 3040 autem
1336 2977 1481 3041 omnihus

310 3085 471 3147 libertatem
492 3083 730 3164 proponendam,
755 3101 814 3162 quo
834 3081 970 3144 libentius
990 3080 1129 3155 serviant,
1153 3080 1242 3142 linem
1262 3082 1329 3143 lore
1350 3090 1383 3144 et
1400 3099 1482 3143 mer·

312 3188 411 3249 eedem
427 3186 482 3249 sihi
499 3186 598 3248 datum
613 3185 647 3247 iri
661 3192 826 3265 sperantes:
842 3204 932 3266 porro
945 3184 1135 3247 contubernia
1146 3201 1264 3264 quoque
1276 3183 1485 3264 permittenda

260 3302 291 3353 16
313 3299 343 3352 et
357 3289 514 3351 liberorum
530 3287 772 3369 procreationem,
792 3306 851 3368 quo
866 3290 960 3369 magia
975 3288 1023 3349 his
1043 3287 1125 3368 quasi
1145 3285 1322 3368 pignoribus
1344 3287 1485 3350 obstrin-

311 3401 427 3472 guntur:
452 3389 612 3453 cavendnm
628 3406 666 3451 ne
680 3390 763 3452 multi
778 3390 910 3453 eiusdem
924 3391 1018 3470 gentis
1033 3389 1109 3452 servi
1124 3391 1154 3451 in
1172 3389 1274 3451 eadem
1294 3389 1396 3452 domo
1416 3390 1487 3464 sint,

312 3494 404 3575 (quod
425 3494 513 3556 etiam
530 3493 697 3555 Aristoleles
718 3493 810 3555 caveri
831 3493 911 3555 lohet
924 3494 1009 3555 Polis.
1027 3492 1084 3564 Vll,
1101 3490 1130 3564 9,
1147 3491 1182 3566 9ς
1200 3491 1271 3553 item
1286 3490 1379 3555 Pluto
1394 3492 1487 3571 Legg.

311 3598 347 3660 vl
367 3616 396 3677 p.
418 3597 479 3656 777
499 3605 529 3658 st
547 3597 638 3658 Varro
658 3597 691 3657 tt.
714 3597 749 3659 R.
772 3597 799 3669 1,
824 3598 861 3657 17
882 3596 933 3658 uhi
953 3596 988 3658 el.
1009 3595 1164 3675 interpp.):
1188 3593 1319 3674 denique
1341 3594 1438 3658 terias
1458 3604 1489 3657 et

312 3700 483 3761 festivorum
503 3706 671 3779 temporum
690 3699 883 3761 reereationes
904 3717 1057 3761 serrorum
1081 3696 1175 3777 magis
1198 3714 1287 3777 mam
1313 3696 1489 3760 hherorum

312 3820 399 3864 eausa
414 3800 626 3882 comparandas
638 3821 713 3864 esse.
740 3802 777 3864 Et
791 3802 877 3865 huius
893 3802 1011 3882 quidem
1026 3802 1067 3863 rei
1081 3799 1128 3862 his
1139 3799 1236 3862 rerhis
1247 3799 1328 3862 ratio
1346 3802 1492 3865 afferam:

313 3896 452 3967 πλείονα
466 3899 527 3987 γὰρ
542 3894 674 3981 ἔχουσιν
687 3891 780 3967 οὗτοι
796 3908 849 3982 (sc.
866 3896 898 3967 οί
910 3900 1043 3981 δοῦλοι),
1057 3890 1159 3985 οὗπερ
1172 3896 1267 3965 ἕνεκα
1275 3898 1326 3965 τὰ
1338 3901 1492 3968 τοιαῦτα

312 3999 490 4092 ἐνομίσθης
521 4024 647 4087 quornm
674 4006 866 4087 Goettlingius
894 4007 975 4069 hune
999 4025 1121 4069 sensum
1150 4024 1216 4068 esse
1244 4004 1301 4067 ait:
1340 4000 1494 4073 πλείονα

313 4107 373 4193 γὰρ
393 4099 525 4188 ἔχουσιν
542 4094 635 4171 οὗτοι
653 4105 722 4171 τοῦ
741 4102 915 4187 πάθους,
938 4097 1042 4193 οὗπερ
1063 4103 1158 4173 ἕνεκα
1175 4103 1394 4174 τὰτοιαῦτα
1417 4106 1494 4175 dvo·

312 4206 485 4296 μίσθη,-
495 4205 718 4286 adrogantem
729 4212 798 4274 illud
808 4212 879 4275 nihil
889 4213 965 4277 aliud
976 4232 1043 4276 esse
1052 4213 1119 4285 vult,
1135 4214 1371 4292 qrumarirtr'rsm
1382 4221 1495 4280 romh-

311 4319 457 4378 antr'onum
472 4332 610 4377 amorem.
646 4314 716 4377 hlihi
731 4332 801 4377 vero
815 4331 877 4376 non
893 4315 1013 4378 domium
1029 4322 1088 4390 est,
1107 4316 1178 4395 quin
1198 4312 1321 4376 labores
1344 4335 1364 4377 a
1386 4318 1494 4382 Theo-

313 4419 433 4499 phrasto
449 4426 479 4480 et
492 4434 648 4480 aerumnae
662 4417 871 4499 significentur,
887 4436 1013 4499 quorum
1024 4418 1216 4481 levandorum
1227 4433 1323 4481 taus
1334 4418 1496 4485 eiusmodi
