<?xml version="1.0" encoding="UTF-8"?>
<!DOCTYPE html PUBLIC "-//W3C//DTD XHTML 1.0 Transitional//EN"
    "http://www.w3.org/TR/xhtml1/DTD/xhtml1-transitional.dtd">
<html xmlns="http://www.w3.org/1999/xhtml" xml:lang="en" lang="en">
 <head>
  <title>
</title>
<meta http-equiv="Content-Type" content="text/html;charset=utf-8" />
  <meta name='ocr-system' content='tesseract 3.04.00' />
  <meta name='ocr-capabilities' content='ocr_page ocr_carea ocr_par ocr_line ocrx_word'/>
</head>
<body>
  <div class='ocr_page' id='page_1' title='image "./opusculaacademi00schogoog_0865.png"; bbox 0 0 3222 5148; ppageno 0'>
   <div class='ocr_carea' id='block_1_1' title="bbox 793 480 943 586">
    <p class='ocr_par' dir='ltr' id='par_1_1' title="bbox 793 480 943 586">
     <span class='ocr_line' id='line_1_1' title="bbox 793 480 943 586; baseline 0 -38"><span class='ocrx_word' id='word_1_1' title='bbox 793 480 943 586; x_wconf 52' lang='lat' dir='ltr'>Q</span> 
     </span>
    </p>
   </div>
   <div class='ocr_carea' id='block_1_2' title="bbox 281 668 1447 3116">
    <p class='ocr_par' dir='ltr' id='par_1_2' title="bbox 281 668 1447 3116">
     <span class='ocr_line' id='line_1_2' title="bbox 288 668 1447 755; baseline -0.003 -22"><span class='ocrx_word' id='word_1_2' title='bbox 288 670 324 733; x_wconf 90' lang='lat' dir='ltr'><strong>ab</strong></span> <span class='ocrx_word' id='word_1_3' title='bbox 338 669 395 733; x_wconf 86' lang='lat' dir='ltr'><strong>hoc</strong></span> <span class='ocrx_word' id='word_1_4' title='bbox 408 670 615 753; x_wconf 60' lang='lat' dir='ltr'><strong>anticipatione</strong></span> <span class='ocrx_word' id='word_1_5' title='bbox 625 678 676 733; x_wconf 84' lang='lat' dir='ltr'><strong>est</strong></span> <span class='ocrx_word' id='word_1_6' title='bbox 692 671 887 755; x_wconf 78' lang='lat' dir='ltr'><strong>intelligentia,</strong></span> <span class='ocrx_word' id='word_1_7' title='bbox 901 669 976 755; x_wconf 87' lang='lat' dir='ltr'><strong>quae</strong></span> <span class='ocrx_word' id='word_1_8' title='bbox 986 676 1055 753; x_wconf 80' lang='lat' dir='ltr'><strong>post</strong></span> <span class='ocrx_word' id='word_1_9' title='bbox 1065 671 1187 745; x_wconf 80' lang='lat' dir='ltr'><strong>accedit,</strong></span> <span class='ocrx_word' id='word_1_10' title='bbox 1200 670 1263 737; x_wconf 83' lang='lat' dir='ltr'><strong>uiti.</strong></span> <span class='ocrx_word' id='word_1_11' title='bbox 1280 668 1359 752; x_wconf 82' lang='lat' dir='ltr'><strong>quot</strong></span> <span class='ocrx_word' id='word_1_12' title='bbox 1370 670 1447 732; x_wconf 76' lang='lat' dir='ltr'><strong>nuti·</strong></span> 
     </span>
     <span class='ocr_line' id='line_1_3' title="bbox 288 773 1446 854; baseline -0.002 -19"><span class='ocrx_word' id='word_1_13' title='bbox 288 773 415 853; x_wconf 87' lang='lat' dir='ltr'><strong>cipatnm</strong></span> <span class='ocrx_word' id='word_1_14' title='bbox 436 780 515 845; x_wconf 79' lang='lat' dir='ltr'><strong>erat,</strong></span> <span class='ocrx_word' id='word_1_15' title='bbox 537 774 565 835; x_wconf 81' lang='lat' dir='ltr'><strong>id</strong></span> <span class='ocrx_word' id='word_1_16' title='bbox 584 773 673 834; x_wconf 77' lang='lat' dir='ltr'><strong>niam</strong></span> <span class='ocrx_word' id='word_1_17' title='bbox 691 777 808 839; x_wconf 81' lang='lat' dir='ltr'><strong>&#39;ratione</strong></span> <span class='ocrx_word' id='word_1_18' title='bbox 829 784 880 839; x_wconf 81' lang='lat' dir='ltr'><strong>aui</strong></span> <span class='ocrx_word' id='word_1_19' title='bbox 894 774 1093 838; x_wconf 70' lang='lat' dir='ltr'><strong>demonstrari</strong></span> <span class='ocrx_word' id='word_1_20' title='bbox 1108 784 1160 836; x_wconf 90' lang='lat' dir='ltr'><strong>aut</strong></span> <span class='ocrx_word' id='word_1_21' title='bbox 1174 774 1291 854; x_wconf 73' lang='lat' dir='ltr'><strong>probati</strong></span> <span class='ocrx_word' id='word_1_22' title='bbox 1304 773 1446 834; x_wconf 72' lang='lat' dir='ltr'><strong>nuncius.</strong></span> 
     </span>
     <span class='ocr_line' id='line_1_4' title="bbox 286 874 1447 958; baseline -0.002 -21"><span class='ocrx_word' id='word_1_23' title='bbox 286 874 454 956; x_wconf 81' lang='lat' dir='ltr'><strong>Usurpatnn</strong></span> <span class='ocrx_word' id='word_1_24' title='bbox 468 876 525 938; x_wconf 86' lang='lat' dir='ltr'><strong>hoc</strong></span> <span class='ocrx_word' id='word_1_25' title='bbox 540 876 744 958; x_wconf 77' lang='lat' dir='ltr'><strong>intelligentiae</strong></span> <span class='ocrx_word' id='word_1_26' title='bbox 759 878 933 940; x_wconf 78' lang='lat' dir='ltr'><strong>uocabulum</strong></span> <span class='ocrx_word' id='word_1_27' title='bbox 950 894 967 939; x_wconf 90' lang='lat' dir='ltr'><strong>a</strong></span> <span class='ocrx_word' id='word_1_28' title='bbox 982 876 1090 938; x_wconf 69' lang='lat' dir='ltr'><strong>Vatinio</strong></span> <span class='ocrx_word' id='word_1_29' title='bbox 1106 895 1141 936; x_wconf 87' lang='lat' dir='ltr'><strong>c.-</strong></span> <span class='ocrx_word' id='word_1_30' title='bbox 1151 876 1198 947; x_wconf 86' lang='grc'><strong>19,</strong></span> <span class='ocrx_word' id='word_1_31' title='bbox 1215 874 1265 949; x_wconf 75' lang='lat' dir='ltr'><strong>an,</strong></span> <span class='ocrx_word' id='word_1_32' title='bbox 1288 875 1354 937; x_wconf 82' lang='lat' dir='ltr'><strong>loto</strong></span> <span class='ocrx_word' id='word_1_33' title='bbox 1378 884 1447 936; x_wconf 83' lang='lat' dir='ltr'><strong>saue</strong></span> 
     </span>
     <span class='ocr_line' id='line_1_5' title="bbox 287 977 1446 1060; baseline 0 -21"><span class='ocrx_word' id='word_1_34' title='bbox 287 989 409 1058; x_wconf 76' lang='lat' dir='ltr'><strong>proptor</strong></span> <span class='ocrx_word' id='word_1_35' title='bbox 423 979 543 1040; x_wconf 78' lang='lat' dir='ltr'><strong>nimiam</strong></span> <span class='ocrx_word' id='word_1_36' title='bbox 567 978 739 1040; x_wconf 80' lang='lat' dir='ltr'><strong>brevitatem</strong></span> <span class='ocrx_word' id='word_1_37' title='bbox 761 996 822 1041; x_wconf 90' lang='lat' dir='ltr'><strong>non</strong></span> <span class='ocrx_word' id='word_1_38' title='bbox 845 980 915 1043; x_wconf 87' lang='lat' dir='ltr'><strong>satis</strong></span> <span class='ocrx_word' id='word_1_39' title='bbox 936 979 1023 1060; x_wconf 86' lang='lat' dir='ltr'><strong>plano</strong></span> <span class='ocrx_word' id='word_1_40' title='bbox 1045 978 1239 1059; x_wconf 78' lang='lat' dir='ltr'><strong>insuperquc,</strong></span> <span class='ocrx_word' id='word_1_41' title='bbox 1262 977 1446 1049; x_wconf 74' lang='lat' dir='ltr'><strong>cambiunt,</strong></span> 
     </span>
     <span class='ocr_line' id='line_1_6' title="bbox 286 1076 1447 1163; baseline -0.003 -20"><span class='ocrx_word' id='word_1_42' title='bbox 286 1082 374 1143; x_wconf 87' lang='lat' dir='ltr'><strong>etiam</strong></span> <span class='ocrx_word' id='word_1_43' title='bbox 387 1078 491 1143; x_wconf 79' lang='lat' dir='ltr'><strong>ieviter</strong></span> <span class='ocrx_word' id='word_1_44' title='bbox 505 1094 653 1161; x_wconf 80' lang='lat' dir='ltr'><strong>cormqno.</strong></span> <span class='ocrx_word' id='word_1_45' title='bbox 679 1078 805 1145; x_wconf 75' lang='lat' dir='ltr'><strong>Velleius</strong></span> <span class='ocrx_word' id='word_1_46' title='bbox 820 1083 911 1155; x_wconf 88' lang='lat' dir='ltr'><strong>enim,</strong></span> <span class='ocrx_word' id='word_1_47' title='bbox 927 1092 1118 1163; x_wconf 78' lang='lat' dir='ltr'><strong>posteaquam</strong></span> <span class='ocrx_word' id='word_1_48' title='bbox 1135 1078 1360 1160; x_wconf 76' lang='lat' dir='ltr'><strong>inimaginibus</strong></span> <span class='ocrx_word' id='word_1_49' title='bbox 1375 1076 1447 1140; x_wconf 79' lang='lat' dir='ltr'><strong>uixit</strong></span> 
     </span>
     <span class='ocr_line' id='line_1_7' title="bbox 286 1180 1447 1258; baseline -0.003 -12"><span class='ocrx_word' id='word_1_50' title='bbox 286 1184 317 1246; x_wconf 90' lang='lat' dir='ltr'><strong>iu</strong></span> <span class='ocrx_word' id='word_1_51' title='bbox 339 1184 471 1247; x_wconf 84' lang='lat' dir='ltr'><strong>auintum</strong></span> <span class='ocrx_word' id='word_1_52' title='bbox 494 1184 702 1258; x_wconf 85' lang='lat' dir='ltr'><strong>influentibus,</strong></span> <span class='ocrx_word' id='word_1_53' title='bbox 724 1184 803 1247; x_wconf 84' lang='lat' dir='ltr'><strong>unde</strong></span> <span class='ocrx_word' id='word_1_54' title='bbox 825 1186 906 1248; x_wconf 88' lang='lat' dir='ltr'><strong>notio</strong></span> <span class='ocrx_word' id='word_1_55' title='bbox 928 1185 1052 1247; x_wconf 74' lang='lat' dir='ltr'><strong>deututu</strong></span> <span class='ocrx_word' id='word_1_56' title='bbox 1075 1193 1139 1246; x_wconf 80' lang='lat' dir='ltr'><strong>crta</strong></span> <span class='ocrx_word' id='word_1_57' title='bbox 1159 1181 1214 1257; x_wconf 79' lang='lat' dir='ltr'><strong>sii,</strong></span> <span class='ocrx_word' id='word_1_58' title='bbox 1243 1180 1322 1243; x_wconf 79' lang='lat' dir='ltr'><strong>anon</strong></span> <span class='ocrx_word' id='word_1_59' title='bbox 1339 1180 1447 1244; x_wconf 69' lang='lat' dir='ltr'><strong>&#39;ieiunio</strong></span> 
     </span>
     <span class='ocr_line' id='line_1_8' title="bbox 287 1286 1446 1369; baseline -0.004 -20"><span class='ocrx_word' id='word_1_60' title='bbox 287 1304 392 1361; x_wconf 85' lang='lat' dir='ltr'><strong>„cum</strong></span> <span class='ocrx_word' id='word_1_61' title='bbox 426 1287 595 1350; x_wconf 79' lang='lat' dir='ltr'><strong>maximis</strong></span> <span class='ocrx_word' id='word_1_62' title='bbox 628 1288 879 1369; x_wconf 77' lang='lat' dir='ltr'><strong>voluptatibus</strong></span> <span class='ocrx_word' id='word_1_63' title='bbox 911 1287 947 1349; x_wconf 87' lang='lat' dir='ltr'><strong>iu</strong></span> <span class='ocrx_word' id='word_1_64' title='bbox 979 1302 1038 1347; x_wconf 88' lang='lat' dir='ltr'><strong>eas</strong></span> <span class='ocrx_word' id='word_1_65' title='bbox 1069 1286 1254 1366; x_wconf 84' lang='lat' dir='ltr'><strong>imagines</strong></span> <span class='ocrx_word' id='word_1_66' title='bbox 1291 1294 1446 1345; x_wconf 84' lang='lat' dir='ltr'><strong>mentem</strong></span> 
     </span>
     <span class='ocr_line' id='line_1_9' title="bbox 285 1386 1445 1471; baseline -0.002 -20"><span class='ocrx_word' id='word_1_67' title='bbox 285 1390 465 1452; x_wconf 79' lang='lat' dir='ltr'><strong>intentam</strong></span> <span class='ocrx_word' id='word_1_68' title='bbox 501 1386 739 1471; x_wconf 75' lang='lat' dir='ltr'><strong>infixamque</strong></span> <span class='ocrx_word' id='word_1_69' title='bbox 778 1400 941 1452; x_wconf 85' lang='lat' dir='ltr'><strong>nostram</strong></span> <span class='ocrx_word' id='word_1_70' title='bbox 980 1388 1272 1469; x_wconf 78' lang='lat' dir='ltr'><strong>inteiligcntiam</strong></span> <span class='ocrx_word' id='word_1_71' title='bbox 1305 1400 1445 1469; x_wconf 77' lang='lat' dir='ltr'>capere,</span> 
     </span>
     <span class='ocr_line' id='line_1_10' title="bbox 286 1490 1446 1573; baseline -0.002 -19"><span class='ocrx_word' id='word_1_72' title='bbox 286 1510 377 1573; x_wconf 90' lang='lat' dir='ltr'><strong>quae</strong></span> <span class='ocrx_word' id='word_1_73' title='bbox 400 1494 449 1554; x_wconf 85' lang='lat' dir='ltr'><strong>sit</strong></span> <span class='ocrx_word' id='word_1_74' title='bbox 470 1500 506 1554; x_wconf 86' lang='lat' dir='ltr'><strong>et</strong></span> <span class='ocrx_word' id='word_1_75' title='bbox 534 1492 639 1555; x_wconf 82' lang='lat' dir='ltr'><strong>beata</strong></span> <span class='ocrx_word' id='word_1_76' title='bbox 662 1502 848 1555; x_wconf 80' lang='lat' dir='ltr'><strong>naturast</strong></span> <span class='ocrx_word' id='word_1_77' title='bbox 871 1491 1048 1554; x_wconf 77' lang='lat' dir='ltr'><strong>asterna.”</strong></span> <span class='ocrx_word' id='word_1_78' title='bbox 1083 1492 1131 1552; x_wconf 85' lang='lat' dir='ltr'><strong>Sic</strong></span> <span class='ocrx_word' id='word_1_79' title='bbox 1146 1500 1244 1552; x_wconf 82' lang='lat' dir='ltr'><strong>aotam</strong></span> <span class='ocrx_word' id='word_1_80' title='bbox 1259 1490 1379 1552; x_wconf 73' lang='lat' dir='ltr'><strong>elicitis</strong></span> <span class='ocrx_word' id='word_1_81' title='bbox 1394 1502 1446 1572; x_wconf 69' lang='lat' dir='ltr'><strong>pu</strong></span> 
     </span>
     <span class='ocr_line' id='line_1_11' title="bbox 284 1592 1446 1675; baseline -0.002 -19"><span class='ocrx_word' id='word_1_82' title='bbox 284 1596 341 1657; x_wconf 90' lang='lat' dir='ltr'><strong>tuit</strong></span> <span class='ocrx_word' id='word_1_83' title='bbox 358 1595 413 1657; x_wconf 89' lang='lat' dir='ltr'><strong>nisi</strong></span> <span class='ocrx_word' id='word_1_84' title='bbox 429 1592 465 1657; x_wconf 90' lang='lat' dir='ltr'><strong>ab</strong></span> <span class='ocrx_word' id='word_1_85' title='bbox 480 1608 530 1667; x_wconf 76' lang='lat' dir='ltr'><strong>nn,</strong></span> <span class='ocrx_word' id='word_1_86' title='bbox 554 1596 605 1675; x_wconf 93' lang='lat' dir='ltr'><strong>qui</strong></span> <span class='ocrx_word' id='word_1_87' title='bbox 620 1606 693 1675; x_wconf 75' lang='lat' dir='ltr'><strong>quae</strong></span> <span class='ocrx_word' id='word_1_88' title='bbox 708 1606 813 1658; x_wconf 77' lang='lat' dir='ltr'><strong>natum</strong></span> <span class='ocrx_word' id='word_1_89' title='bbox 829 1597 910 1658; x_wconf 78' lang='lat' dir='ltr'><strong>nesta</strong></span> <span class='ocrx_word' id='word_1_90' title='bbox 924 1602 956 1655; x_wconf 78' lang='lat' dir='ltr'><strong>ct</strong></span> <span class='ocrx_word' id='word_1_91' title='bbox 977 1604 1094 1657; x_wconf 81' lang='lat' dir='ltr'><strong>osterna</strong></span> <span class='ocrx_word' id='word_1_92' title='bbox 1112 1602 1210 1665; x_wconf 83' lang='lat' dir='ltr'><strong>esset,</strong></span> <span class='ocrx_word' id='word_1_93' title='bbox 1228 1600 1266 1654; x_wconf 73' lang='lat' dir='ltr'><strong>&#39;et</strong></span> <span class='ocrx_word' id='word_1_94' title='bbox 1288 1595 1446 1675; x_wconf 79' lang='lat' dir='ltr'><strong>imagint&#39;ttn</strong></span> 
     </span>
     <span class='ocr_line' id='line_1_12' title="bbox 285 1695 1447 1778; baseline -0.001 -20"><span class='ocrx_word' id='word_1_95' title='bbox 285 1698 396 1759; x_wconf 77' lang='lat' dir='ltr'><strong>visione</strong></span> <span class='ocrx_word' id='word_1_96' title='bbox 418 1696 536 1778; x_wconf 77' lang='lat' dir='ltr'><strong>inteliigi</strong></span> <span class='ocrx_word' id='word_1_97' title='bbox 558 1696 654 1771; x_wconf 82' lang='lat' dir='ltr'><strong>tollat,</strong></span> <span class='ocrx_word' id='word_1_98' title='bbox 671 1698 750 1778; x_wconf 89' lang='lat' dir='ltr'><strong>qnod</strong></span> <span class='ocrx_word' id='word_1_99' title='bbox 766 1699 846 1760; x_wconf 86' lang='lat' dir='ltr'><strong>siita</strong></span> <span class='ocrx_word' id='word_1_100' title='bbox 861 1703 914 1772; x_wconf 83' lang='lat' dir='ltr'><strong>est,</strong></span> <span class='ocrx_word' id='word_1_101' title='bbox 931 1704 1130 1778; x_wconf 77' lang='lat' dir='ltr'><strong>consequetur</strong></span> <span class='ocrx_word' id='word_1_102' title='bbox 1139 1697 1232 1759; x_wconf 77' lang='lat' dir='ltr'><strong>atiani</strong></span> <span class='ocrx_word' id='word_1_103' title='bbox 1248 1697 1340 1778; x_wconf 78' lang='lat' dir='ltr'><strong>insius</strong></span> <span class='ocrx_word' id='word_1_104' title='bbox 1356 1695 1447 1758; x_wconf 84' lang='lat' dir='ltr'><strong>beati-</strong></span> 
     </span>
     <span class='ocr_line' id='line_1_13' title="bbox 286 1799 1446 1879; baseline -0.002 -17"><span class='ocrx_word' id='word_1_105' title='bbox 286 1801 396 1863; x_wconf 85' lang='lat' dir='ltr'><strong>tudinis</strong></span> <span class='ocrx_word' id='word_1_106' title='bbox 417 1807 448 1861; x_wconf 93' lang='lat' dir='ltr'><strong>et</strong></span> <span class='ocrx_word' id='word_1_107' title='bbox 470 1800 648 1862; x_wconf 72' lang='lat' dir='ltr'><strong>aeternitatis</strong></span> <span class='ocrx_word' id='word_1_108' title='bbox 670 1802 824 1862; x_wconf 69' lang='lat' dir='ltr'><strong>nunonem</strong></span> <span class='ocrx_word' id='word_1_109' title='bbox 842 1814 882 1863; x_wconf 79' lang='lat' dir='ltr'><strong>&#39;et</strong></span> <span class='ocrx_word' id='word_1_110' title='bbox 904 1800 959 1862; x_wconf 86' lang='lat' dir='ltr'><strong>hac</strong></span> <span class='ocrx_word' id='word_1_111' title='bbox 980 1801 1090 1862; x_wconf 83' lang='lat' dir='ltr'><strong>visione</strong></span> <span class='ocrx_word' id='word_1_112' title='bbox 1107 1800 1206 1862; x_wconf 80' lang='lat' dir='ltr'><strong>natam</strong></span> <span class='ocrx_word' id='word_1_113' title='bbox 1228 1799 1293 1869; x_wconf 82' lang='lat' dir='ltr'><strong>dici,</strong></span> <span class='ocrx_word' id='word_1_114' title='bbox 1312 1799 1446 1879; x_wconf 80' lang='lat' dir='ltr'><strong>&#39;quanio-</strong></span> 
     </span>
     <span class='ocr_line' id='line_1_14' title="bbox 285 1900 1446 1984; baseline -0.003 -20"><span class='ocrx_word' id='word_1_115' title='bbox 285 1902 404 1984; x_wconf 83' lang='lat' dir='ltr'><strong>qnidem</strong></span> <span class='ocrx_word' id='word_1_116' title='bbox 419 1903 474 1965; x_wconf 85' lang='lat' dir='ltr'><strong>hac</strong></span> <span class='ocrx_word' id='word_1_117' title='bbox 486 1902 645 1983; x_wconf 76' lang='lat' dir='ltr'><strong>qualitates</strong></span> <span class='ocrx_word' id='word_1_118' title='bbox 659 1902 723 1964; x_wconf 84' lang='lat' dir='ltr'><strong>sinc</strong></span> <span class='ocrx_word' id='word_1_119' title='bbox 738 1904 851 1965; x_wconf 76' lang='lat' dir='ltr'><strong>natutis</strong></span> <span class='ocrx_word' id='word_1_120' title='bbox 866 1903 958 1964; x_wconf 80' lang='lat' dir='ltr'><strong>beatis</strong></span> <span class='ocrx_word' id='word_1_121' title='bbox 974 1905 1139 1965; x_wconf 60' lang='lat' dir='ltr'><strong>mantuanis</strong></span> <span class='ocrx_word' id='word_1_122' title='bbox 1151 1903 1247 1964; x_wconf 81' lang='lat' dir='ltr'><strong>nullan</strong></span> <span class='ocrx_word' id='word_1_123' title='bbox 1258 1912 1337 1963; x_wconf 78' lang='lat' dir='ltr'><strong>aunt.</strong></span> <span class='ocrx_word' id='word_1_124' title='bbox 1361 1900 1446 1982; x_wconf 86' lang='lat' dir='ltr'><strong>iitqui</strong></span> 
     </span>
     <span class='ocr_line' id='line_1_15' title="bbox 284 1996 1445 2087; baseline -0.005 -20"><span class='ocrx_word' id='word_1_125' title='bbox 284 2005 439 2087; x_wconf 77' lang='lat' dir='ltr'><strong>profitetur</strong></span> <span class='ocrx_word' id='word_1_126' title='bbox 463 2006 527 2086; x_wconf 86' lang='lat' dir='ltr'><strong>ipse</strong></span> <span class='ocrx_word' id='word_1_127' title='bbox 546 2004 691 2086; x_wconf 69' lang='lat' dir='ltr'><strong>Epunrns</strong></span> <span class='ocrx_word' id='word_1_128' title='bbox 712 2005 789 2087; x_wconf 85' lang='lat' dir='ltr'><strong>apud</strong></span> <span class='ocrx_word' id='word_1_129' title='bbox 806 2005 967 2085; x_wconf 74' lang='lat' dir='ltr'><strong>Diogenem</strong></span> <span class='ocrx_word' id='word_1_130' title='bbox 991 2004 1025 2067; x_wconf 66' lang='lat' dir='ltr'><strong>in.</strong></span> <span class='ocrx_word' id='word_1_131' title='bbox 1043 2005 1077 2077; x_wconf 86' lang='grc'><strong>11,</strong></span> <span class='ocrx_word' id='word_1_132' title='bbox 1104 2000 1162 2065; x_wconf 81' lang='lat' dir='ltr'><strong>too</strong></span> <span class='ocrx_word' id='word_1_133' title='bbox 1177 2004 1253 2065; x_wconf 81' lang='lat' dir='ltr'><strong>noos</strong></span> <span class='ocrx_word' id='word_1_134' title='bbox 1273 2014 1339 2065; x_wconf 83' lang='lat' dir='ltr'><strong>csso</strong></span> <span class='ocrx_word' id='word_1_135' title='bbox 1364 1996 1445 2084; x_wconf 67' lang='grc' dir='ltr'><strong>λόγῳ</strong></span> 
     </span>
     <span class='ocr_line' id='line_1_16' title="bbox 285 2102 1445 2191; baseline -0.002 -22"><span class='ocrx_word' id='word_1_136' title='bbox 285 2102 484 2191; x_wconf 65' lang='grc' dir='ltr'><strong>θεωρηταῦι,</strong></span> <span class='ocrx_word' id='word_1_137' title='bbox 506 2109 535 2170; x_wconf 92' lang='lat' dir='ltr'><strong>h.</strong></span> <span class='ocrx_word' id='word_1_138' title='bbox 555 2116 583 2167; x_wconf 79' lang='lat' dir='ltr'><strong>c.</strong></span> <span class='ocrx_word' id='word_1_139' title='bbox 605 2108 706 2189; x_wconf 88' lang='lat' dir='ltr'><strong>quaies</strong></span> <span class='ocrx_word' id='word_1_140' title='bbox 723 2109 787 2169; x_wconf 73' lang='lat' dir='ltr'><strong>‘sini</strong></span> <span class='ocrx_word' id='word_1_141' title='bbox 801 2124 863 2169; x_wconf 86' lang='lat' dir='ltr'><strong>nou</strong></span> <span class='ocrx_word' id='word_1_142' title='bbox 878 2116 968 2171; x_wconf 74' lang='lat' dir='ltr'><strong>sensu</strong></span> <span class='ocrx_word' id='word_1_143' title='bbox 982 2108 1118 2188; x_wconf 74' lang='lat' dir='ltr'><strong>cognosci</strong></span> <span class='ocrx_word' id='word_1_144' title='bbox 1133 2105 1183 2168; x_wconf 72' lang='lat' dir='ltr'><strong>soi</strong></span> <span class='ocrx_word' id='word_1_145' title='bbox 1200 2106 1321 2186; x_wconf 85' lang='lat' dir='ltr'><strong>inieiiigi</strong></span> <span class='ocrx_word' id='word_1_146' title='bbox 1336 2105 1445 2167; x_wconf 72' lang='lat' dir='ltr'><strong>ratione</strong></span> 
     </span>
     <span class='ocr_line' id='line_1_17' title="bbox 282 2209 1444 2291; baseline 0 -20"><span class='ocrx_word' id='word_1_147' title='bbox 282 2217 399 2274; x_wconf 85' lang='lat' dir='ltr'><strong>tantum</strong></span> <span class='ocrx_word' id='word_1_148' title='bbox 415 2219 446 2272; x_wconf 86' lang='lat' dir='ltr'><strong>et</strong></span> <span class='ocrx_word' id='word_1_149' title='bbox 459 2211 569 2273; x_wconf 77' lang='lat' dir='ltr'><strong>mentis</strong></span> <span class='ocrx_word' id='word_1_150' title='bbox 585 2211 746 2272; x_wconf 60' lang='lat' dir='ltr'><strong>intentionis</strong></span> <span class='ocrx_word' id='word_1_151' title='bbox 761 2224 859 2291; x_wconf 79' lang='lat' dir='ltr'><strong>possa.</strong></span> <span class='ocrx_word' id='word_1_152' title='bbox 882 2210 1046 2291; x_wconf 85' lang='lat' dir='ltr'><strong>lmaginum</strong></span> <span class='ocrx_word' id='word_1_153' title='bbox 1059 2216 1158 2273; x_wconf 76' lang='lat' dir='ltr'><strong>antam</strong></span> <span class='ocrx_word' id='word_1_154' title='bbox 1171 2210 1335 2271; x_wconf 80' lang='lat' dir='ltr'><strong>divinarum</strong></span> <span class='ocrx_word' id='word_1_155' title='bbox 1348 2209 1444 2271; x_wconf 80' lang='lat' dir='ltr'><strong>incur·</strong></span> 
     </span>
     <span class='ocr_line' id='line_1_18' title="bbox 284 2305 1445 2396; baseline -0.002 -21"><span class='ocrx_word' id='word_1_156' title='bbox 284 2315 327 2375; x_wconf 87' lang='lat' dir='ltr'><strong>sio</strong></span> <span class='ocrx_word' id='word_1_157' title='bbox 340 2306 405 2395; x_wconf 81' lang='lat' dir='ltr'><strong>ipsa</strong></span> <span class='ocrx_word' id='word_1_158' title='bbox 419 2320 474 2394; x_wconf 82' lang='lat' dir='ltr'><strong>pet</strong></span> <span class='ocrx_word' id='word_1_159' title='bbox 489 2326 521 2375; x_wconf 86' lang='lat' dir='ltr'><strong>se</strong></span> <span class='ocrx_word' id='word_1_160' title='bbox 535 2314 597 2375; x_wconf 87' lang='lat' dir='ltr'><strong>solo</strong></span> <span class='ocrx_word' id='word_1_161' title='bbox 610 2312 683 2375; x_wconf 86' lang='lat' dir='ltr'><strong>uihit</strong></span> <span class='ocrx_word' id='word_1_162' title='bbox 698 2312 754 2374; x_wconf 87' lang='lat' dir='ltr'><strong>nisi</strong></span> <span class='ocrx_word' id='word_1_163' title='bbox 771 2305 934 2396; x_wconf 71' lang='lat' dir='ltr'><strong>oiitiiqcci</strong></span> <span class='ocrx_word' id='word_1_164' title='bbox 949 2314 1096 2395; x_wconf 86' lang='lat' dir='ltr'><strong>quandam</strong></span> <span class='ocrx_word' id='word_1_165' title='bbox 1110 2310 1229 2374; x_wconf 71' lang='lat' dir='ltr'><strong>etimne</strong></span> <span class='ocrx_word' id='word_1_166' title='bbox 1248 2312 1363 2394; x_wconf 68' lang='lat' dir='ltr'><strong>potest,</strong></span> <span class='ocrx_word' id='word_1_167' title='bbox 1385 2316 1445 2373; x_wconf 83' lang='lat' dir='ltr'><strong>nou</strong></span> 
     </span>
     <span class='ocr_line' id='line_1_19' title="bbox 281 2412 1444 2498; baseline -0.002 -21"><span class='ocrx_word' id='word_1_168' title='bbox 281 2412 361 2478; x_wconf 84' lang='lat' dir='ltr'><strong>iilam</strong></span> <span class='ocrx_word' id='word_1_169' title='bbox 377 2412 495 2496; x_wconf 73' lang='lat' dir='ltr'><strong>quitiam</strong></span> <span class='ocrx_word' id='word_1_170' title='bbox 512 2415 671 2497; x_wconf 66' lang='lat' dir='ltr'><strong>capsim,</strong></span> <span class='ocrx_word' id='word_1_171' title='bbox 687 2415 781 2496; x_wconf 86' lang='lat' dir='ltr'><strong>qualis</strong></span> <span class='ocrx_word' id='word_1_172' title='bbox 797 2420 841 2477; x_wconf 87' lang='lat' dir='ltr'><strong>est</strong></span> <span class='ocrx_word' id='word_1_173' title='bbox 856 2426 930 2496; x_wconf 87' lang='lat' dir='ltr'><strong>quae</strong></span> <span class='ocrx_word' id='word_1_174' title='bbox 942 2418 1027 2498; x_wconf 83' lang='lat' dir='ltr'><strong>vnigo</strong></span> <span class='ocrx_word' id='word_1_175' title='bbox 1039 2415 1154 2489; x_wconf 78' lang='lat' dir='ltr'><strong>dicitur,</strong></span> <span class='ocrx_word' id='word_1_176' title='bbox 1168 2414 1303 2496; x_wconf 74' lang='lat' dir='ltr'><strong>totitoms</strong></span> <span class='ocrx_word' id='word_1_177' title='bbox 1313 2414 1444 2476; x_wconf 73' lang='lat' dir='ltr'><strong>senonas</strong></span> 
     </span>
     <span class='ocr_line' id='line_1_20' title="bbox 282 2511 1443 2601; baseline -0.001 -21"><span class='ocrx_word' id='word_1_178' title='bbox 282 2518 424 2580; x_wconf 83' lang='lat' dir='ltr'><strong>lacessitis</strong></span> <span class='ocrx_word' id='word_1_179' title='bbox 438 2520 595 2594; x_wconf 57' lang='lat' dir='ltr'><strong>ciiaotass)</strong></span> <span class='ocrx_word' id='word_1_180' title='bbox 611 2527 700 2599; x_wconf 89' lang='lat' dir='ltr'><strong>atquc</strong></span> <span class='ocrx_word' id='word_1_181' title='bbox 714 2518 784 2580; x_wconf 87' lang='lat' dir='ltr'><strong>hinc</strong></span> <span class='ocrx_word' id='word_1_182' title='bbox 798 2519 834 2580; x_wconf 88' lang='lat' dir='ltr'><strong>ad</strong></span> <span class='ocrx_word' id='word_1_183' title='bbox 854 2520 986 2581; x_wconf 87' lang='lat' dir='ltr'><strong>animum</strong></span> <span class='ocrx_word' id='word_1_184' title='bbox 1002 2519 1095 2580; x_wconf 87' lang='lat' dir='ltr'><strong>delata</strong></span> <span class='ocrx_word' id='word_1_185' title='bbox 1109 2528 1140 2580; x_wconf 88' lang='lat' dir='ltr'><strong>et</strong></span> <span class='ocrx_word' id='word_1_186' title='bbox 1155 2518 1339 2601; x_wconf 75' lang='grc' dir='ltr'><strong><em>φαντασίαν</em></strong></span> <span class='ocrx_word' id='word_1_187' title='bbox 1354 2511 1443 2597; x_wconf 80' lang='grc' dir='ltr'><strong><em>ἐναρ-</em></strong></span> 
     </span>
     <span class='ocr_line' id='line_1_21' title="bbox 283 2618 1445 2708; baseline -0.003 -24"><span class='ocrx_word' id='word_1_188' title='bbox 283 2624 323 2708; x_wconf 76' lang='grc' dir='ltr'><strong>γῆ</strong></span> <span class='ocrx_word' id='word_1_189' title='bbox 346 2640 522 2703; x_wconf 78' lang='lat' dir='ltr'><strong>procreans,</strong></span> <span class='ocrx_word' id='word_1_190' title='bbox 551 2623 604 2684; x_wconf 89' lang='lat' dir='ltr'><strong>sed</strong></span> <span class='ocrx_word' id='word_1_191' title='bbox 626 2618 770 2706; x_wconf 62' lang='grc' dir='ltr'><em>ψυχικήν</em></span> <span class='ocrx_word' id='word_1_192' title='bbox 798 2632 930 2697; x_wconf 87' lang='lat' dir='ltr'><strong>tantum,</strong></span> <span class='ocrx_word' id='word_1_193' title='bbox 961 2622 1200 2705; x_wconf 78' lang='lat' dir='ltr'><strong>qundoquidem</strong></span> <span class='ocrx_word' id='word_1_194' title='bbox 1222 2622 1286 2683; x_wconf 88' lang='lat' dir='ltr'><strong>illae</strong></span> <span class='ocrx_word' id='word_1_195' title='bbox 1309 2622 1445 2701; x_wconf 73' lang='lat' dir='ltr'><strong>imagines</strong></span> 
     </span>
     <span class='ocr_line' id='line_1_22' title="bbox 284 2724 1445 2808; baseline -0.003 -20"><span class='ocrx_word' id='word_1_196' title='bbox 284 2724 417 2806; x_wconf 78' lang='lat' dir='ltr'><strong>corporis</strong></span> <span class='ocrx_word' id='word_1_197' title='bbox 438 2743 559 2787; x_wconf 81' lang='lat' dir='ltr'><strong>sonsum</strong></span> <span class='ocrx_word' id='word_1_198' title='bbox 582 2726 699 2808; x_wconf 76' lang='lat' dir='ltr'><strong>fugiunt</strong></span> <span class='ocrx_word' id='word_1_199' title='bbox 721 2725 879 2807; x_wconf 84' lang='lat' dir='ltr'><strong>ipsumque</strong></span> <span class='ocrx_word' id='word_1_200' title='bbox 901 2726 998 2787; x_wconf 84' lang='lat' dir='ltr'><strong>solum</strong></span> <span class='ocrx_word' id='word_1_201' title='bbox 1021 2727 1154 2789; x_wconf 86' lang='lat' dir='ltr'><strong>animum</strong></span> <span class='ocrx_word' id='word_1_202' title='bbox 1173 2760 1209 2769; x_wconf 93' lang='lat'><strong>—-</strong></span> <span class='ocrx_word' id='word_1_203' title='bbox 1230 2725 1281 2805; x_wconf 90' lang='lat' dir='ltr'><strong>qui</strong></span> <span class='ocrx_word' id='word_1_204' title='bbox 1300 2724 1368 2786; x_wconf 80' lang='lat' dir='ltr'><strong>iicet</strong></span> <span class='ocrx_word' id='word_1_205' title='bbox 1387 2739 1445 2785; x_wconf 88' lang='lat' dir='ltr'><strong>unu</strong></span> 
     </span>
     <span class='ocr_line' id='line_1_23' title="bbox 281 2827 1445 2911; baseline -0.004 -20"><span class='ocrx_word' id='word_1_206' title='bbox 281 2827 474 2909; x_wconf 71' lang='lat' dir='ltr'><strong>incorporeus</strong></span> <span class='ocrx_word' id='word_1_207' title='bbox 489 2827 537 2900; x_wconf 85' lang='lat' dir='ltr'><strong>sit,</strong></span> <span class='ocrx_word' id='word_1_208' title='bbox 553 2828 744 2908; x_wconf 82' lang='lat' dir='ltr'><strong>distinguitur</strong></span> <span class='ocrx_word' id='word_1_209' title='bbox 758 2840 857 2893; x_wconf 77' lang='lat' dir='ltr'><strong>tamon</strong></span> <span class='ocrx_word' id='word_1_210' title='bbox 870 2848 889 2889; x_wconf 79' lang='lat' dir='ltr'><strong>a</strong></span> <span class='ocrx_word' id='word_1_211' title='bbox 903 2847 1027 2910; x_wconf 79' lang='lat' dir='ltr'><strong>corpore</strong></span> <span class='ocrx_word' id='word_1_212' title='bbox 1042 2828 1161 2911; x_wconf 81' lang='lat' dir='ltr'><strong>proprie</strong></span> <span class='ocrx_word' id='word_1_213' title='bbox 1175 2828 1255 2890; x_wconf 82' lang='lat' dir='ltr'><strong>dioto</strong></span> <span class='ocrx_word' id='word_1_214' title='bbox 1266 2861 1310 2872; x_wconf 90' lang='lat'>—</span> <span class='ocrx_word' id='word_1_215' title='bbox 1324 2833 1445 2905; x_wconf 76' lang='lat' dir='ltr'><strong>tangunt</strong></span> 
     </span>
     <span class='ocr_line' id='line_1_24' title="bbox 283 2928 1445 3012; baseline -0.001 -21"><span class='ocrx_word' id='word_1_216' title='bbox 283 2932 484 3012; x_wconf 77' lang='lat' dir='ltr'><strong>visionemque</strong></span> <span class='ocrx_word' id='word_1_217' title='bbox 498 2930 640 2993; x_wconf 78' lang='lat' dir='ltr'><strong>efficiunt.</strong></span> <span class='ocrx_word' id='word_1_218' title='bbox 678 2931 795 2993; x_wconf 79' lang='lat' dir='ltr'><strong>visione</strong></span> <span class='ocrx_word' id='word_1_219' title='bbox 816 2942 916 2993; x_wconf 81' lang='lat' dir='ltr'><strong>autam</strong></span> <span class='ocrx_word' id='word_1_220' title='bbox 932 2931 1003 2994; x_wconf 79' lang='lat' dir='ltr'><strong>uitali</strong></span> <span class='ocrx_word' id='word_1_221' title='bbox 1018 2928 1096 2993; x_wconf 83' lang='lat' dir='ltr'><strong>atiud</strong></span> <span class='ocrx_word' id='word_1_222' title='bbox 1113 2930 1168 2993; x_wconf 81' lang='lat' dir='ltr'><strong>nisi</strong></span> <span class='ocrx_word' id='word_1_223' title='bbox 1189 2942 1271 2992; x_wconf 81' lang='lat' dir='ltr'><strong>csse</strong></span> <span class='ocrx_word' id='word_1_224' title='bbox 1294 2930 1402 3011; x_wconf 79' lang='lat' dir='ltr'><strong>atiquin</strong></span> <span class='ocrx_word' id='word_1_225' title='bbox 1415 2936 1445 2989; x_wconf 78' lang='lat' dir='ltr'><strong>ct</strong></span> 
     </span>
     <span class='ocr_line' id='line_1_25' title="bbox 282 3028 1443 3116; baseline -0.002 -20"><span class='ocrx_word' id='word_1_226' title='bbox 282 3055 341 3116; x_wconf 88' lang='lat' dir='ltr'><strong>qna</strong></span> <span class='ocrx_word' id='word_1_227' title='bbox 355 3028 446 3116; x_wconf 72' lang='lat' dir='ltr'><strong>ligura</strong></span> <span class='ocrx_word' id='word_1_228' title='bbox 461 3042 491 3096; x_wconf 82' lang='lat' dir='ltr'><strong>ct</strong></span> <span class='ocrx_word' id='word_1_229' title='bbox 506 3034 602 3115; x_wconf 83' lang='lat' dir='ltr'><strong>specie</strong></span> <span class='ocrx_word' id='word_1_230' title='bbox 618 3033 672 3109; x_wconf 90' lang='lat' dir='ltr'><strong>sit,</strong></span> <span class='ocrx_word' id='word_1_231' title='bbox 694 3036 830 3114; x_wconf 87' lang='lat' dir='ltr'><strong>cognosci</strong></span> <span class='ocrx_word' id='word_1_232' title='bbox 853 3036 965 3116; x_wconf 70' lang='lat' dir='ltr'><strong>potest,</strong></span> <span class='ocrx_word' id='word_1_233' title='bbox 988 3034 1105 3097; x_wconf 78' lang='lat' dir='ltr'><strong>interna</strong></span> <span class='ocrx_word' id='word_1_234' title='bbox 1125 3030 1225 3097; x_wconf 81' lang='lat' dir='ltr'><strong>autent</strong></span> <span class='ocrx_word' id='word_1_235' title='bbox 1249 3034 1277 3094; x_wconf 90' lang='lat' dir='ltr'><strong>et</strong></span> <span class='ocrx_word' id='word_1_236' title='bbox 1295 3028 1443 3095; x_wconf 77' lang='lat' dir='ltr'><strong>racanato</strong></span> 
     </span>
    </p>
   </div>
   <div class='ocr_carea' id='block_1_3' title="bbox 283 3132 1582 3223">
    <p class='ocr_par' dir='ltr' id='par_1_3' title="bbox 283 3132 1582 3223">
     <span class='ocr_line' id='line_1_26' title="bbox 283 3132 1582 3223; baseline 0.002 -25"><span class='ocrx_word' id='word_1_237' title='bbox 283 3137 355 3209; x_wconf 81' lang='lat' dir='ltr'><strong>eius,</strong></span> <span class='ocrx_word' id='word_1_238' title='bbox 372 3137 451 3217; x_wconf 85' lang='lat' dir='ltr'><strong>quod</strong></span> <span class='ocrx_word' id='word_1_239' title='bbox 468 3136 602 3211; x_wconf 86' lang='lat' dir='ltr'><strong>vidimus,</strong></span> <span class='ocrx_word' id='word_1_240' title='bbox 625 3145 729 3200; x_wconf 90' lang='lat' dir='ltr'><strong>natura</strong></span> <span class='ocrx_word' id='word_1_241' title='bbox 744 3146 773 3200; x_wconf 85' lang='lat' dir='ltr'><strong>at</strong></span> <span class='ocrx_word' id='word_1_242' title='bbox 788 3134 913 3218; x_wconf 81' lang='lat' dir='ltr'><strong>qualitas</strong></span> <span class='ocrx_word' id='word_1_243' title='bbox 929 3146 961 3199; x_wconf 87' lang='lat' dir='ltr'><strong>ut</strong></span> <span class='ocrx_word' id='word_1_244' title='bbox 976 3148 1179 3218; x_wconf 81' lang='lat' dir='ltr'><strong>cognoscatur,</strong></span> <span class='ocrx_word' id='word_1_245' title='bbox 1194 3136 1306 3200; x_wconf 83' lang='lat' dir='ltr'><strong>ratione</strong></span> <span class='ocrx_word' id='word_1_246' title='bbox 1322 3132 1351 3197; x_wconf 79' lang='lat' dir='ltr'><strong>et</strong></span> <span class='ocrx_word' id='word_1_247' title='bbox 1367 3134 1442 3216; x_wconf 82' lang='lat' dir='ltr'><strong>cogi·</strong></span> <span class='ocrx_word' id='word_1_248' title='bbox 1553 3202 1564 3223; x_wconf 58' lang='grc'>,</span> <span class='ocrx_word' id='word_1_249' title='bbox 1581 3214 1582 3223; x_wconf 14' lang='lat'>¹</span> 
     </span>
    </p>
   </div>
   <div class='ocr_carea' id='block_1_4' title="bbox 281 3230 1447 4250">
    <p class='ocr_par' dir='ltr' id='par_1_4' title="bbox 281 3230 1447 4250">
     <span class='ocr_line' id='line_1_27' title="bbox 281 3230 1443 3322; baseline -0.003 -20"><span class='ocrx_word' id='word_1_250' title='bbox 281 3240 392 3302; x_wconf 84' lang='lat' dir='ltr'><strong>tatione</strong></span> <span class='ocrx_word' id='word_1_251' title='bbox 407 3258 482 3319; x_wconf 78' lang='lat' dir='ltr'><strong>opus</strong></span> <span class='ocrx_word' id='word_1_252' title='bbox 498 3250 552 3302; x_wconf 87' lang='lat' dir='ltr'><strong>est.</strong></span> <span class='ocrx_word' id='word_1_253' title='bbox 589 3240 638 3302; x_wconf 87' lang='lat' dir='ltr'><strong>Sic</strong></span> <span class='ocrx_word' id='word_1_254' title='bbox 651 3240 740 3321; x_wconf 83' lang='lat' dir='ltr'><strong>igitur</strong></span> <span class='ocrx_word' id='word_1_255' title='bbox 754 3239 790 3300; x_wconf 86' lang='lat' dir='ltr'><strong>do</strong></span> <span class='ocrx_word' id='word_1_256' title='bbox 806 3240 850 3301; x_wconf 85' lang='lat' dir='ltr'><strong>dis</strong></span> <span class='ocrx_word' id='word_1_257' title='bbox 866 3241 922 3303; x_wconf 91' lang='lat' dir='ltr'><strong>hoc</strong></span> <span class='ocrx_word' id='word_1_258' title='bbox 937 3242 1056 3322; x_wconf 83' lang='lat' dir='ltr'><strong>quidem</strong></span> <span class='ocrx_word' id='word_1_259' title='bbox 1072 3241 1143 3303; x_wconf 81' lang='lat' dir='ltr'><strong>visio</strong></span> <span class='ocrx_word' id='word_1_260' title='bbox 1158 3230 1274 3303; x_wconf 80' lang='lat' dir='ltr'><strong>efficere</strong></span> <span class='ocrx_word' id='word_1_261' title='bbox 1289 3244 1397 3321; x_wconf 77' lang='lat' dir='ltr'><strong>potest,</strong></span> <span class='ocrx_word' id='word_1_262' title='bbox 1412 3244 1443 3299; x_wconf 84' lang='lat' dir='ltr'><strong>ut</strong></span> 
     </span>
     <span class='ocr_line' id='line_1_28' title="bbox 282 3341 1442 3426; baseline -0.003 -20"><span class='ocrx_word' id='word_1_263' title='bbox 282 3361 366 3406; x_wconf 85' lang='lat' dir='ltr'><strong>asse</strong></span> <span class='ocrx_word' id='word_1_264' title='bbox 387 3356 439 3403; x_wconf 87' lang='lat' dir='ltr'><strong>eos</strong></span> <span class='ocrx_word' id='word_1_265' title='bbox 460 3350 491 3403; x_wconf 91' lang='lat' dir='ltr'><strong>et</strong></span> <span class='ocrx_word' id='word_1_266' title='bbox 510 3343 656 3404; x_wconf 76' lang='lat' dir='ltr'><strong>humanae</strong></span> <span class='ocrx_word' id='word_1_267' title='bbox 670 3342 784 3404; x_wconf 78' lang='lat' dir='ltr'><strong>formes</strong></span> <span class='ocrx_word' id='word_1_268' title='bbox 800 3343 910 3405; x_wconf 73' lang='lat' dir='ltr'><strong>simiim</strong></span> <span class='ocrx_word' id='word_1_269' title='bbox 931 3358 997 3406; x_wconf 86' lang='lat' dir='ltr'><strong>osso</strong></span> <span class='ocrx_word' id='word_1_270' title='bbox 1017 3344 1227 3426; x_wconf 69' lang='lat' dir='ltr'><strong>percipiamus,</strong></span> <span class='ocrx_word' id='word_1_271' title='bbox 1250 3341 1327 3423; x_wconf 78' lang='lat' dir='ltr'><strong>quoii</strong></span> <span class='ocrx_word' id='word_1_272' title='bbox 1347 3350 1442 3403; x_wconf 76' lang='lat' dir='ltr'><strong>autem</strong></span> 
     </span>
     <span class='ocr_line' id='line_1_29' title="bbox 281 3442 1442 3527; baseline -0.002 -20"><span class='ocrx_word' id='word_1_273' title='bbox 281 3448 386 3507; x_wconf 80' lang='lat' dir='ltr'><strong>natura</strong></span> <span class='ocrx_word' id='word_1_274' title='bbox 400 3444 469 3518; x_wconf 83' lang='lat' dir='ltr'><strong>siut,</strong></span> <span class='ocrx_word' id='word_1_275' title='bbox 489 3446 670 3507; x_wconf 76' lang='lat' dir='ltr'><strong>mottaitsne</strong></span> <span class='ocrx_word' id='word_1_276' title='bbox 684 3454 722 3507; x_wconf 87' lang='lat' dir='ltr'><strong>an</strong></span> <span class='ocrx_word' id='word_1_277' title='bbox 737 3447 858 3522; x_wconf 69' lang='lat' dir='ltr'><strong>antemi,</strong></span> <span class='ocrx_word' id='word_1_278' title='bbox 875 3447 953 3509; x_wconf 82' lang='lat' dir='ltr'><strong>beati</strong></span> <span class='ocrx_word' id='word_1_279' title='bbox 968 3454 1006 3508; x_wconf 81' lang='lat' dir='ltr'><strong>tn</strong></span> <span class='ocrx_word' id='word_1_280' title='bbox 1021 3447 1169 3508; x_wconf 73' lang='lat' dir='ltr'><strong>aninmnis</strong></span> <span class='ocrx_word' id='word_1_281' title='bbox 1185 3454 1303 3527; x_wconf 81' lang='lat' dir='ltr'><strong>qnoque</strong></span> <span class='ocrx_word' id='word_1_282' title='bbox 1318 3450 1348 3506; x_wconf 81' lang='lat' dir='ltr'><strong>ci</strong></span> <span class='ocrx_word' id='word_1_283' title='bbox 1362 3442 1442 3507; x_wconf 83' lang='lat' dir='ltr'><strong>labo·</strong></span> 
     </span>
     <span class='ocr_line' id='line_1_30' title="bbox 281 3538 1441 3631; baseline -0.003 -20"><span class='ocrx_word' id='word_1_284' title='bbox 281 3547 362 3611; x_wconf 84' lang='lat' dir='ltr'><strong>ribus</strong></span> <span class='ocrx_word' id='word_1_285' title='bbox 377 3538 506 3621; x_wconf 83' lang='lat' dir='ltr'><strong>obnoxii,</strong></span> <span class='ocrx_word' id='word_1_286' title='bbox 521 3546 662 3629; x_wconf 83' lang='lat' dir='ltr'><strong>suspicati</strong></span> <span class='ocrx_word' id='word_1_287' title='bbox 676 3544 796 3630; x_wconf 84' lang='lat' dir='ltr'><strong>quidam</strong></span> <span class='ocrx_word' id='word_1_288' title='bbox 812 3538 938 3611; x_wconf 73' lang='lat' dir='ltr'><strong>tortasse</strong></span> <span class='ocrx_word' id='word_1_289' title='bbox 951 3556 1121 3630; x_wconf 74' lang='lat' dir='ltr'><strong>possumus,</strong></span> <span class='ocrx_word' id='word_1_290' title='bbox 1136 3540 1224 3631; x_wconf 76' lang='lat' dir='ltr'><strong>itique</strong></span> <span class='ocrx_word' id='word_1_291' title='bbox 1236 3548 1321 3630; x_wconf 82' lang='lat' dir='ltr'><strong>tulga</strong></span> <span class='ocrx_word' id='word_1_292' title='bbox 1335 3538 1441 3612; x_wconf 73' lang='lat' dir='ltr'><strong>iactum</strong></span> 
     </span>
     <span class='ocr_line' id='line_1_31' title="bbox 281 3640 1441 3735; baseline -0.002 -21"><span class='ocrx_word' id='word_1_293' title='bbox 281 3671 347 3714; x_wconf 83' lang='lat' dir='ltr'><strong>csse</strong></span> <span class='ocrx_word' id='word_1_294' title='bbox 361 3651 528 3715; x_wconf 87' lang='lat' dir='ltr'><strong>communis</strong></span> <span class='ocrx_word' id='word_1_295' title='bbox 544 3640 580 3712; x_wconf 82' lang='lat' dir='ltr'><strong>dc</strong></span> <span class='ocrx_word' id='word_1_296' title='bbox 595 3648 773 3714; x_wconf 84' lang='lat' dir='ltr'><strong>beatitudine</strong></span> <span class='ocrx_word' id='word_1_297' title='bbox 789 3660 818 3713; x_wconf 85' lang='lat' dir='ltr'><strong>ot</strong></span> <span class='ocrx_word' id='word_1_298' title='bbox 835 3640 1005 3717; x_wconf 68' lang='lat' dir='ltr'><strong>aemunitate</strong></span> <span class='ocrx_word' id='word_1_299' title='bbox 1021 3653 1144 3715; x_wconf 77' lang='lat' dir='ltr'><strong>duorum</strong></span> <span class='ocrx_word' id='word_1_300' title='bbox 1161 3652 1260 3735; x_wconf 87' lang='lat' dir='ltr'><strong>opinio</strong></span> <span class='ocrx_word' id='word_1_301' title='bbox 1280 3640 1376 3727; x_wconf 77' lang='lat' dir='ltr'><strong>docet</strong></span> <span class='ocrx_word' id='word_1_302' title='bbox 1399 3651 1441 3713; x_wconf 90' lang='lat' dir='ltr'><strong>iu-</strong></span> 
     </span>
     <span class='ocr_line' id='line_1_32' title="bbox 282 3753 1442 3839; baseline -0.003 -22"><span class='ocrx_word' id='word_1_303' title='bbox 282 3754 411 3836; x_wconf 84' lang='lat' dir='ltr'><strong>taiiigoro</strong></span> <span class='ocrx_word' id='word_1_304' title='bbox 426 3762 525 3817; x_wconf 86' lang='lat' dir='ltr'><strong>autem</strong></span> <span class='ocrx_word' id='word_1_305' title='bbox 542 3753 597 3815; x_wconf 89' lang='lat' dir='ltr'><strong>nisi</strong></span> <span class='ocrx_word' id='word_1_306' title='bbox 612 3761 712 3818; x_wconf 81' lang='lat' dir='ltr'><strong>mente</strong></span> <span class='ocrx_word' id='word_1_307' title='bbox 727 3774 761 3817; x_wconf 90' lang='lat' dir='ltr'><strong>ao</strong></span> <span class='ocrx_word' id='word_1_308' title='bbox 775 3756 891 3818; x_wconf 80' lang='lat' dir='ltr'><strong>rationo</strong></span> <span class='ocrx_word' id='word_1_309' title='bbox 905 3772 967 3818; x_wconf 88' lang='lat' dir='ltr'><strong>uon</strong></span> <span class='ocrx_word' id='word_1_310' title='bbox 982 3774 1150 3836; x_wconf 78' lang='lat' dir='ltr'><strong>possumus.</strong></span> <span class='ocrx_word' id='word_1_311' title='bbox 1187 3758 1283 3839; x_wconf 74' lang='lat' dir='ltr'><strong>atque</strong></span> <span class='ocrx_word' id='word_1_312' title='bbox 1304 3757 1362 3820; x_wconf 89' lang='lat' dir='ltr'><strong>hoc</strong></span> <span class='ocrx_word' id='word_1_313' title='bbox 1375 3753 1442 3819; x_wconf 84' lang='lat' dir='ltr'><strong>iilud</strong></span> 
     </span>
     <span class='ocr_line' id='line_1_33' title="bbox 282 3856 1443 3941; baseline -0.002 -20"><span class='ocrx_word' id='word_1_314' title='bbox 282 3874 347 3921; x_wconf 81' lang='lat' dir='ltr'><strong>csso</strong></span> <span class='ocrx_word' id='word_1_315' title='bbox 361 3857 441 3937; x_wconf 80' lang='lat' dir='ltr'><strong>quod</strong></span> <span class='ocrx_word' id='word_1_316' title='bbox 455 3857 582 3920; x_wconf 78' lang='lat' dir='ltr'><strong>Velleius</strong></span> <span class='ocrx_word' id='word_1_317' title='bbox 597 3856 761 3938; x_wconf 77' lang='lat' dir='ltr'><strong>significato</strong></span> <span class='ocrx_word' id='word_1_318' title='bbox 776 3858 909 3932; x_wconf 76' lang='lat' dir='ltr'><strong>volucrit,</strong></span> <span class='ocrx_word' id='word_1_319' title='bbox 932 3859 994 3941; x_wconf 86' lang='lat' dir='ltr'><strong>ipsa</strong></span> <span class='ocrx_word' id='word_1_320' title='bbox 1009 3860 1081 3920; x_wconf 85' lang='lat' dir='ltr'><strong>haec</strong></span> <span class='ocrx_word' id='word_1_321' title='bbox 1097 3859 1185 3921; x_wconf 77' lang='lat' dir='ltr'><strong>mnia</strong></span> <span class='ocrx_word' id='word_1_322' title='bbox 1205 3878 1307 3922; x_wconf 87' lang='lat' dir='ltr'><strong>mens</strong></span> <span class='ocrx_word' id='word_1_323' title='bbox 1328 3868 1369 3922; x_wconf 84' lang='lat' dir='ltr'><strong>et</strong></span> <span class='ocrx_word' id='word_1_324' title='bbox 1388 3860 1443 3920; x_wconf 89' lang='lat' dir='ltr'><strong>iu·</strong></span> 
     </span>
     <span class='ocr_line' id='line_1_34' title="bbox 281 3959 1444 4044; baseline 0.001 -23"><span class='ocrx_word' id='word_1_325' title='bbox 281 3959 510 4041; x_wconf 71' lang='lat' dir='ltr'><strong>mitigantia,</strong></span> <span class='ocrx_word' id='word_1_326' title='bbox 532 3960 639 4041; x_wconf 69' lang='lat' dir='ltr'><strong>qubus</strong></span> <span class='ocrx_word' id='word_1_327' title='bbox 658 3960 769 4035; x_wconf 84' lang='lat' dir='ltr'><strong>utitut,</strong></span> <span class='ocrx_word' id='word_1_328' title='bbox 795 3961 988 4025; x_wconf 82' lang='lat' dir='ltr'><strong>manifestant</strong></span> <span class='ocrx_word' id='word_1_329' title='bbox 1008 3962 1104 4024; x_wconf 76' lang='lat' dir='ltr'><strong>iactare</strong></span> <span class='ocrx_word' id='word_1_330' title='bbox 1123 3969 1259 4044; x_wconf 79' lang='lat' dir='ltr'><strong>possunt.</strong></span> <span class='ocrx_word' id='word_1_331' title='bbox 1296 3964 1359 4025; x_wconf 80' lang='lat' dir='ltr'><strong>itin</strong></span> <span class='ocrx_word' id='word_1_332' title='bbox 1378 3970 1444 4022; x_wconf 72' lang='lat' dir='ltr'><strong>teto</strong></span> 
     </span>
     <span class='ocr_line' id='line_1_35' title="bbox 282 4056 1445 4148; baseline 0.002 -23"><span class='ocrx_word' id='word_1_333' title='bbox 282 4065 340 4128; x_wconf 89' lang='lat' dir='ltr'><strong>hoc</strong></span> <span class='ocrx_word' id='word_1_334' title='bbox 354 4076 473 4146; x_wconf 83' lang='lat' dir='ltr'><strong>quoqne</strong></span> <span class='ocrx_word' id='word_1_335' title='bbox 487 4056 677 4127; x_wconf 79' lang='lat' dir='ltr'><strong>manifestum</strong></span> <span class='ocrx_word' id='word_1_336' title='bbox 694 4065 913 4139; x_wconf 78' lang='lat' dir='ltr'><strong>escambium,</strong></span> <span class='ocrx_word' id='word_1_337' title='bbox 936 4062 1014 4129; x_wconf 85' lang='lat' dir='ltr'><strong>iilam</strong></span> <span class='ocrx_word' id='word_1_338' title='bbox 1038 4072 1138 4129; x_wconf 82' lang='lat' dir='ltr'><strong>mc‘uta</strong></span> <span class='ocrx_word' id='word_1_339' title='bbox 1157 4070 1273 4148; x_wconf 70' lang='lat' dir='ltr'><strong>partam</strong></span> <span class='ocrx_word' id='word_1_340' title='bbox 1288 4066 1324 4127; x_wconf 90' lang='lat' dir='ltr'><strong>de</strong></span> <span class='ocrx_word' id='word_1_341' title='bbox 1339 4060 1383 4127; x_wconf 82' lang='lat' dir='ltr'><strong>dn</strong></span> <span class='ocrx_word' id='word_1_342' title='bbox 1396 4064 1445 4127; x_wconf 85' lang='lat' dir='ltr'><strong>itt·</strong></span> 
     </span>
     <span class='ocr_line' id='line_1_36' title="bbox 281 4160 1447 4250; baseline -0.001 -21"><span class='ocrx_word' id='word_1_343' title='bbox 281 4164 469 4250; x_wconf 87' lang='lat' dir='ltr'><strong>telligentiam</strong></span> <span class='ocrx_word' id='word_1_344' title='bbox 489 4185 552 4230; x_wconf 91' lang='lat' dir='ltr'><strong>nou</strong></span> <span class='ocrx_word' id='word_1_345' title='bbox 570 4187 606 4229; x_wconf 89' lang='lat' dir='ltr'><strong>eo</strong></span> <span class='ocrx_word' id='word_1_346' title='bbox 629 4177 778 4239; x_wconf 82' lang='lat' dir='ltr'><strong>constare,</strong></span> <span class='ocrx_word' id='word_1_347' title='bbox 800 4176 835 4230; x_wconf 90' lang='lat' dir='ltr'><strong>nt</strong></span> <span class='ocrx_word' id='word_1_348' title='bbox 857 4186 1069 4250; x_wconf 86' lang='lat' dir='ltr'><strong>cognoscamus</strong></span> <span class='ocrx_word' id='word_1_349' title='bbox 1090 4188 1165 4249; x_wconf 88' lang='lat' dir='ltr'><strong>quac</strong></span> <span class='ocrx_word' id='word_1_350' title='bbox 1187 4176 1292 4231; x_wconf 81' lang='lat' dir='ltr'><strong>natura</strong></span> <span class='ocrx_word' id='word_1_351' title='bbox 1313 4160 1397 4230; x_wconf 82' lang='lat' dir='ltr'><strong>beata</strong></span> <span class='ocrx_word' id='word_1_352' title='bbox 1416 4172 1447 4228; x_wconf 82' lang='lat' dir='ltr'><strong>at</strong></span> 
     </span>
    </p>
   </div>
   <div class='ocr_carea' id='block_1_5' title="bbox 289 4308 456 4331">
    <p class='ocr_par' dir='ltr' id='par_1_5' title="bbox 289 4308 456 4331">
     <span class='ocr_line' id='line_1_37' title="bbox 289 4308 456 4331; baseline -0.012 -12"><span class='ocrx_word' id='word_1_353' title='bbox 289 4312 293 4331; x_wconf 85' lang='grc'>,</span> <span class='ocrx_word' id='word_1_354' title='bbox 338 4310 356 4331; x_wconf 61' lang='grc' dir='ltr'>Η</span> <span class='ocrx_word' id='word_1_355' title='bbox 408 4308 456 4331; x_wconf 67' lang='lat' dir='ltr'><strong>mo·</strong></span> 
     </span>
    </p>
   </div>
   <div class='ocr_carea' id='block_1_6' title="bbox 283 4336 1448 4541">
    <p class='ocr_par' dir='ltr' id='par_1_6' title="bbox 283 4336 1448 4541">
     <span class='ocr_line' id='line_1_38' title="bbox 350 4336 1448 4459; baseline 0.004 -20"><span class='ocrx_word' id='word_1_356' title='bbox 350 4388 393 4452; x_wconf 69' lang='lat'><strong>2²)</strong></span> <span class='ocrx_word' id='word_1_357' title='bbox 412 4386 482 4440; x_wconf 78' lang='lat' dir='ltr'><strong>iieac</strong></span> <span class='ocrx_word' id='word_1_358' title='bbox 503 4389 639 4458; x_wconf 66' lang='grc' dir='ltr'><strong>υαραίνην</strong></span> <span class='ocrx_word' id='word_1_359' title='bbox 655 4387 796 4457; x_wconf 61' lang='lat' dir='ltr'><strong>laicum</strong></span> <span class='ocrx_word' id='word_1_360' title='bbox 817 4336 915 4443; x_wconf 54' lang='lat' dir='ltr'><strong>ultim</strong></span> <span class='ocrx_word' id='word_1_361' title='bbox 935 4386 1042 4459; x_wconf 58' lang='lat' dir='ltr'><strong>sputi</strong></span> <span class='ocrx_word' id='word_1_362' title='bbox 1063 4384 1234 4443; x_wconf 72' lang='lat' dir='ltr'><strong>«Punctum</strong></span> <span class='ocrx_word' id='word_1_363' title='bbox 1248 4388 1282 4443; x_wconf 78' lang='lat' dir='ltr'><strong>tn</strong></span> <span class='ocrx_word' id='word_1_364' title='bbox 1299 4394 1330 4442; x_wconf 63' lang='lat' dir='ltr'><strong>n.</strong></span> <span class='ocrx_word' id='word_1_365' title='bbox 1350 4385 1448 4456; x_wconf 63' lang='lat' dir='ltr'><strong>m„</strong></span> 
     </span>
     <span class='ocr_line' id='line_1_39' title="bbox 283 4471 610 4541; baseline 0.003 -15"><span class='ocrx_word' id='word_1_366' title='bbox 283 4471 466 4526; x_wconf 78' lang='lat' dir='ltr'><strong>Herculaneus.</strong></span> <span class='ocrx_word' id='word_1_367' title='bbox 478 4471 500 4524; x_wconf 88' lang='grc' dir='ltr'><strong>ΙΙ</strong></span> <span class='ocrx_word' id='word_1_368' title='bbox 512 4489 535 4541; x_wconf 80' lang='lat' dir='ltr'><strong>p.</strong></span> <span class='ocrx_word' id='word_1_369' title='bbox 552 4473 610 4527; x_wconf 83' lang='lat' dir='ltr'><strong>tlt.</strong></span> 
     </span>
    </p>
   </div>
   <div class='ocr_carea' id='block_1_7' title="bbox 0 0 1616 5148">
    <p class='ocr_par' dir='ltr' id='par_1_7' title="bbox 0 0 1616 5148">
     <span class='ocr_line' id='line_1_40' title="bbox 0 0 1616 5148; baseline 0 2"><span class='ocrx_word' id='word_1_370' title='bbox 0 0 1616 5148; x_wconf 95' lang='lat' dir='ltr'><strong> </strong></span> 
     </span>
    </p>
   </div>
  </div>
 </body>
</html>
