3276 5144
715 508 863 606 -2-19‘

202 696 321 759 laudis
337 715 518 780 superare
539 701 574 758 et
589 704 724 779 postse
739 697 976 776 relinquere,
993 699 1142 780 quoniam,
1159 698 1209 778 qni
1224 697 1367 779 aliquare

203 799 370 874 excesserit,
396 801 420 862 is
435 818 496 862 non
511 800 636 883 amplius
651 800 681 861 in
696 818 730 861 aa
745 800 791 871 sit,
817 799 868 861 sed
892 818 956 861 eam
972 800 1017 861 vel
1032 800 1178 884 superarit
1193 801 1237 862 rel
1251 808 1320 881 post
1335 820 1367 863 se

202 902 361 981 reliquerit.
406 903 494 983 Atqui
510 903 607 964 obstat
621 902 689 964 huic
704 901 937 982 interpretationi
953 912 1091 964 constans
1106 921 1178 965 usus
1194 904 1270 965 illius
1285 903 1366 965 abla-

202 1004 254 1066 tivi
269 1024 309 1066 eo
324 1024 393 1067 cum
407 1005 535 1086 genitivo
550 1005 734 1076 substantivi,
762 1006 848 1066 veluti
865 1022 945 1085 supr.
968 1023 993 1065 c.
1011 1003 1062 1078 28,
1090 1004 1124 1066 3:
1152 1024 1193 1067 eo
1219 1005 1368 1089 inopiae

202 1125 343 1169 venere.
387 1109 463 1168 Anu.
479 1107 539 1178 XV,
559 1110 589 1168 t:
613 1126 655 1169 eo
678 1108 969 1188 contemptionis
986 1108 1212 1170 descensum.
1243 1108 1289 1181 tv,
1310 1108 1365 1170 10:

202 1230 243 1272 eo
262 1210 437 1273 audaciae
457 1218 684 1293 provectum.
731 1209 802 1270 ilist.
825 1208 874 1281 ΙΙΙ,
900 1211 953 1272 tr:
977 1229 1018 1271 oo
1040 1210 1184 1272 ardoris
1207 1229 1367 1294 prorec-

203 1319 279 1387 tus,
306 1312 428 1393 aliisque
443 1313 515 1374 locis
529 1311 801 1374 innumerabilibus.
841 1312 999 1394 Quumque
1025 1312 1202 1375 excedere
1228 1314 1317 1375 etiam
1342 1314 1367 1376 is

203 1415 259 1477 dici
285 1416 387 1497 possit,
413 1415 463 1496 qui
489 1435 526 1477 ex
551 1415 707 1477 humiliore
728 1416 793 1477 loco
808 1416 840 1476 in
854 1416 1037 1498 superiorem
1053 1415 1150 1477 evadit
1164 1417 1208 1478 vei
1224 1416 1366 1489 evehitur,

203 1517 281 1579 nulla
293 1518 425 1598 profecto
437 1536 522 1580 causa
535 1526 589 1592 est,
602 1518 760 1597 quominus
772 1518 860 1579 etiarn
876 1537 918 1579 eo
934 1517 1055 1579 laudis
1071 1519 1246 1580 excedere
1262 1517 1366 1580 eodem
1445 1554 1457 1571 ·

202 1639 292 1683 sensu
309 1637 368 1701 quo
383 1640 423 1682 eo
438 1620 563 1682 laudis
584 1620 688 1682 evehi
705 1621 825 1682 dicatur.
870 1620 1015 1682 intellexit
1030 1621 1086 1684 boc
1099 1622 1157 1683 iam
1172 1620 1367 1683 Ruhnkenius

202 1723 237 1785 ad
252 1723 342 1785 Rutil.
359 1723 432 1804 Lup.
449 1724 470 1797 l,
494 1724 513 1785 9
528 1744 557 1807 p.
574 1724 625 1797 tv,
650 1723 702 1785 ubi
722 1723 860 1785 Gronovii
886 1723 1123 1786 emendationem
1150 1723 1366 1797 escendere,

204 1826 336 1905 quamdo
360 1826 487 1901 facilem,
513 1843 574 1888 non
599 1834 699 1888 tamen
725 1826 920 1889 necessariam
943 1845 1009 1888 esse
1031 1827 1169 1903 ostendit,
1197 1833 1366 1909 comparato

204 1927 292 1989 etiam
312 1929 376 1989 loco
392 1927 496 1989 Valerii
515 1928 589 1989 ilar.
605 1928 643 2005 v,
665 1928 698 2001 6,
719 1930 754 1988 t:
778 1946 835 1990 res
856 1929 1000 2011 publica
1020 1929 1250 2009 procedente
1272 1937 1366 1991 tem-

204 2030 348 2113 puread
365 2047 541 2091 summum
562 2030 704 2112 imperii
727 2029 917 2110 fastigium
939 2032 1116 2101 excessit,
1139 2032 1218 2112 quod
1234 2032 1367 2112 quidest

204 2132 282 2194 aliud
308 2149 396 2212 quam
423 2140 546 2195 evecta
571 2129 652 2195 est‘i
694 2131 797 2212 Neque
824 2133 937 2195 diversa
963 2140 1008 2194 est
1028 2134 1109 2195 verbi
1129 2134 1299 2214 significatio
1318 2152 1364 2215 ap.

204 2234 331 2297 Plinium
347 2234 383 2295 Η.
398 2234 432 2295 Ν.
448 2233 568 2308 illitu,
588 2238 621 2309 1,
641 2236 652 2297 t
679 2242 781 2314 (quern
797 2234 897 2297 locum
908 2235 1088 2298 Foroeliinus
1104 2237 1229 2311 citavittz
1253 2255 1367 2298 exce·

204 2337 330 2399 dentia
351 2336 393 2398 in
414 2338 532 2399 nubes
554 2338 705 2418 tugost)
721 2372 765 2383 -
779 2338 846 2400 Jarn
863 2356 931 2400 vero
946 2338 1184 2418 insequentibus
1206 2338 1366 2400 ablativum

204 2459 275 2522 quo
290 2459 359 2502 cum
374 2440 463 2503 verbo
479 2441 744 2505 inclaruerunt
758 2440 891 2503 construi
905 2458 966 2502 non
981 2460 1083 2524 posse,
1099 2441 1150 2504 sed
1167 2442 1286 2515 codem,
1307 2460 1366 2522 quo

202 2544 466 2606 demonstrativum
490 2564 546 2617 eo,
573 2543 736 2623 significatu
754 2543 836 2606 locali
857 2543 911 2615 vel,
937 2544 963 2603 si
985 2542 1051 2621 quis
1072 2560 1139 2604 curn
1155 2542 1264 2604 llritzio
1285 2543 1367 2623 loqui

202 2646 295 2720 malit,
316 2665 370 2729 pro
392 2648 528 2709 adverbio
549 2647 604 2708 loci
621 2647 711 2728 accipi
727 2647 833 2708 debere
855 2652 989 2726 apparet3
1011 2662 1163 2726 quumque
1184 2645 1228 2707 sio
1249 2645 1365 2725 aliquod

202 2748 325 2810 verbum
340 2768 408 2812 cum
423 2750 631 2831 significatione
647 2748 799 2822 movendi,
820 2749 860 2810 illi
879 2749 961 2810 atteri
981 2748 1157 2810 excedere
1171 2748 1364 2830 respondens,

203 2850 399 2929 desideretur,
425 2853 519 2934 possit
544 2853 648 2933 aliquis
672 2850 818 2914 eiusmodi
842 2850 1043 2932 participium,
1074 2850 1154 2913 velut
1179 2849 1273 2911 enisi
1298 2857 1366 2933 post

202 2972 308 3015 usum
323 2963 446 3035 propter
460 2955 608 3036 quandam
631 2955 797 3016 litterarum
812 2953 1036 3016 similitudinem
1052 2972 1068 3014 a
1084 2954 1207 3015 librariis
1221 2953 1366 3015 omissum

200 3058 352 3137 suspicari.
383 3057 483 3138 Neque
504 3066 602 3119 tamen
616 3056 784 3119 incredibile
800 3064 853 3129 est,
874 3056 903 3117 id
920 3056 956 3118 ab
971 3057 1034 3139 ipso
1050 3056 1151 3119 Tacito
1167 3073 1220 3138 per
1233 3055 1363 3117 brevito-

200 3161 351 3242 quentiam
376 3161 616 3241 praetermissum
642 3179 718 3233 esso,
744 3167 847 3242 utpote
868 3180 903 3222 ex
925 3158 1077 3240 superiore
1097 3157 1233 3220 membro
1254 3157 1363 3221 subau-

202 3263 352 3326 dieudum.

286 3367 355 3448 Cap.
371 3364 473 3439 XLlll,
490 3368 519 3426 t.
564 3365 732 3446 Speciem
752 3373 874 3427 tamen
891 3364 1033 3427 doloris
1048 3363 1170 3426 animo
1186 3364 1364 3443 vultuque

200 3486 287 3552 prae
302 3488 339 3529 se
354 3468 446 3529 tulit.
470 3467 629 3545 Caliginern
645 3484 859 3548 nonuunquam
874 3468 962 3528 etiarn
978 3467 1217 3528 acutissimorum
1233 3467 1364 3527 virorum

199 3570 292 3632 oculis
307 3570 396 3632 nimia
411 3570 546 3632 codicum
561 3571 723 3632 reverentia
739 3570 876 3644 offundit,
896 3578 929 3631 nt
948 3588 1022 3649 qnae
1042 3570 1073 3631 in
1092 3582 1193 3651 aperto
1211 3577 1282 3631 sunt
1303 3586 1365 3630 non

198 3673 336 3745 videant·
350 3673 448 3734 videre
471 3681 569 3734 autem
591 3693 623 3736 se
645 3673 774 3745 credant,
800 3691 875 3752 qnae
896 3689 950 3733 nec
971 3679 1042 3733 sunt
1062 3688 1117 3734 nec
1138 3690 1204 3734 esse
1226 3678 1363 3751 possunt.

202 3776 282 3850 Quid
299 3774 378 3837 enirn
394 3776 522 3856 apertius
541 3796 606 3838 esse
622 3783 729 3858 potest,
750 3793 851 3856 quam,
871 3774 895 3836 si
911 3775 985 3853 quis,
1007 3792 1100 3854 quum
1121 3773 1219 3835 animo
1234 3790 1295 3835 non
1310 3774 1364 3836 do-

197 3879 267 3951 leat,
294 3877 379 3940 vultu
405 3883 504 3939 tamen
528 3878 655 3960 speciem
682 3878 790 3941 doloris
816 3896 886 3958 prae
911 3875 1049 3948 scierat,
1075 3875 1163 3938 buius
1183 3877 1364 3939 contrarium

196 3983 298 4045 auimo
314 3981 427 4042 vultum
443 3998 523 4041 esse:
540 3998 607 4041 nam
623 3981 722 4042 animo
738 3981 842 4051 laetus,
858 3978 940 4040 vultu
955 3977 1048 4039 tristis
1063 3985 1117 4050 est,
1133 3977 1230 4041 vultus
1245 3980 1364 4042 tristitia

195 4084 287 4148 animi
302 4083 444 4145 laetitiam
461 4082 535 4143 celat
548 4101 582 4143 ac
597 4081 770 4145 dissimulat.
815 4082 853 4142 Et
873 4087 974 4143 tamen
994 4079 1045 4160 qui
1064 4080 1107 4142 sic
1120 4082 1189 4142 ficto
1207 4084 1287 4144 vultu
1304 4101 1363 4163 quo

194 4187 235 4249 sit
249 4187 349 4249 auimo
364 4185 544 4258 dissimulat,
565 4185 643 4247 bunc
657 4202 717 4246 non
732 4185 831 4246 solum
846 4183 945 4255 vultu,
968 4183 1021 4245 sed
1036 4182 1123 4243 etiarn
1139 4182 1239 4244 animo
1254 4183 1363 4246 doloris

266 4419 306 4482 tt)
324 4419 436 4489 Utroque
446 4423 504 4475 loco
516 4424 592 4476 etium
603 4421 730 4476 [litterum
741 4436 813 4474 munt
826 4436 883 4473 csse
894 4420 970 4473 video
983 4422 1015 4473 ud
1030 4418 1157 4486 vulgatam
1166 4420 1192 4474 b,
1202 4418 1220 4473 Ι.
1229 4418 1363 4476 lectionem

195 4505 420 4571 interpretandam.
