3222 5148
624 473 775 569 jop-

120 670 174 729 aut
188 664 367 747 numquid
383 664 452 747 agis,
469 662 521 747 qui
534 670 638 746 agatne
653 665 761 747 aliquid
773 662 846 728 alter
860 680 898 727 an
912 679 974 724 non
985 662 1167 744 quaeriffl).
1191 661 1282 727 Simi-

123 769 190 835 liter
209 786 267 842 en,
288 769 436 850 quando
452 768 521 831 hoc
535 769 704 833 futurum
720 766 801 832 est?
821 768 845 829 is
861 765 985 848 quaerit,
1000 766 1051 848 qni
1066 783 1195 847 quonam
1212 764 1284 828 illud

123 866 1283 954 temporeiuturumsitinterrogat3ecquandoautemautnumquando,

124 975 175 1055 qui
187 973 264 1037 sitne
279 974 435 1054 aliquando
451 991 488 1036 an
504 992 656 1056 nunquam
669 975 804 1039 loturum
822 971 952 1052 ambigit.

210 1078 346 1141 Ceterum
363 1076 420 1137 hoe
435 1094 488 1149 ec,
504 1076 689 1141 indefinitum
701 1076 861 1140 indefinitis
872 1075 1016 1149 iunctum,
1031 1071 1195 1154 comparari
1204 1069 1285 1134 haud

124 1177 250 1242 absurde
272 1185 370 1260 potest
390 1196 458 1239 cnm
482 1179 576 1240 nostri
596 1179 742 1242 sermonis
762 1178 864 1241 vocula
885 1183 936 1250 et,
956 1193 1032 1257 quae
1047 1175 1117 1237 item
1132 1174 1285 1236 indefinito

125 1279 294 1364 pronomini
314 1279 491 1361 praefigitur,
512 1290 637 1355 etwas,
657 1282 736 1344 velut
755 1300 848 1362 quum
871 1280 996 1343 dicimus
1015 1279 1099 1340 basi
1113 1277 1159 1338 du
1174 1285 1284 1341 etwas

125 1380 277 1466 gehdrt?
299 1382 427 1463 ecquid
450 1379 652 1445 audivisti?
671 1403 725 1465 pro
744 1384 826 1445 hast
845 1382 892 1445 du
913 1400 982 1443 was
1002 1377 1156 1461 gehort?
1176 1382 1284 1444 audi·

126 1486 229 1549 stine
249 1485 335 1566 quid
356 1486 413 1560 (vel
434 1483 581 1565 aliquid?
601 1486 638 1548 Et
654 1488 796 1568 originem
811 1485 871 1548 hoc
883 1483 1036 1546 ethabere
1047 1491 1209 1546 constater
1222 1484 1285 1564 ple-

126 1589 209 1652 niore
221 1589 322 1650 vocula
335 1587 428 1660 ioht,
445 1606 500 1668 qua
513 1589 657 1669 hodieque
669 1590 825 1652 Pomeraui
837 1588 944 1668 aliique
956 1587 1101 1649 inferioris
1112 1586 1286 1650 Germaniae

126 1691 226 1774 populi
240 1697 374 1765 utuntur,
390 1691 551 1766 iehtwat,
567 1702 618 1754 aut
634 1693 723 1755 etiam
739 1693 884 1754 ichtens
901 1697 967 1751 wat
982 1708 1016 1751 ac
1027 1689 1132 1751 similia
1144 1689 1284 1763 dicentes,

125 1814 224 1875 neque
243 1795 439 1857 reiectaneam
458 1814 523 1857 esse
542 1795 799 1877 puloOButtmanni
814 1793 989 1856 sententiam
1000 1794 1065 1872 Η),
1082 1793 1132 1873 qui
1147 1810 1216 1854 cum
1231 1810 1286 1853 ne-

126 1897 221 1978 gativa
242 1905 342 1958 nostra
357 1897 497 1977 particula
516 1896 634 1971 nicht,
655 1916 691 1959 en
713 1915 757 1959 ne
772 1905 803 1959 et
817 1897 894 1959 ioht
908 1894 1084 1976 composita,
1106 1895 1287 1976 comparavit

128 1999 253 2061 latinum
271 2016 356 2071 noe,
377 1998 462 2079 quale
483 2004 529 2060 est
550 2018 575 2060 e.
592 2018 616 2060 c.
633 1999 711 2081 apud
726 2000 897 2061 Ciceronem
912 1998 948 2059 de
963 1997 1035 2077 legg.
1050 1997 1100 2058 lll.
1116 1996 1145 2068 3,
1162 1997 1199 2057 6:
1214 2015 1286 2077 pro·

129 2101 243 2163 vocatio
263 2118 332 2162 nec
353 2106 433 2161 esto
453 2099 507 2175 (sic
522 2099 601 2161 eninr
617 2100 749 2162 Halmius
765 2120 781 2161 e
796 2099 880 2163 codd.
897 2099 1032 2179 reposuit
1045 2117 1098 2181 pro
1114 2116 1159 2159 ne
1173 2103 1286 2180 esto),

128 2204 201 2266 item
215 2203 263 2265 lll.
280 2205 311 2280 4,
330 2204 383 2264 10:
400 2203 586 2281 senatori,
604 2203 663 2284 qui
678 2220 744 2264 nee
759 2202 892 2276 aderit,
908 2211 968 2263 aut
982 2220 1092 2264 eausa
1107 2207 1168 2265 aut
1182 2202 1287 2282 culpa

40 2304 44 2309 ’
129 2315 229 2380 esto,
245 2306 295 2370 ubi
310 2312 432 2386 apparet
445 2321 512 2366 neo
526 2305 599 2366 nihil
613 2305 691 2367 aliud
707 2305 762 2367 sibi
776 2305 849 2368 velle
864 2323 953 2386 quam
969 2323 1053 2379 non,
1074 2305 1184 2386 pariter
1198 2313 1286 2386 atque

128 2407 369 2473 inXIITaloulis:
385 2414 442 2469 ast
456 2406 489 2468 ei
504 2415 627 2469 custos
641 2425 707 2469 neo
721 2408 818 2469 escit
832 2417 877 2470 et:
893 2408 1176 2471 siadoratiurto
1189 2408 1286 2490 quod

127 2528 196 2574 nec
210 2510 446 2573 manifestum
462 2509 549 2580 erit,
566 2516 617 2571 aut
631 2509 708 2590 apud
721 2510 857 2571 Plautum
873 2511 903 2570 in
915 2509 1049 2572 Fasmate
1066 2510 1201 2587 (Mostell.
1217 2509 1239 2570 l.
1256 2509 1285 2583 3,

130 2614 202 2694 ddi:
228 2633 297 2676 neo
317 2622 416 2676 recte
435 2613 466 2675 si
488 2612 545 2674 illi
566 2612 721 2685 dixeris,
748 2620 779 2673 et
796 2612 875 2694 apud
889 2612 1056 2693 Turpilium
1076 2613 1106 2676 in
1123 2613 1285 2675 demetrio:

128 2734 194 2781 nec
208 2723 312 2779 recte
327 2714 399 2777 dici
414 2713 502 2777 mihi
517 2713 615 2795 quod
632 2714 701 2776 iam
716 2715 850 2777 dudum
866 2714 984 2789 audio,
1000 2733 1074 2795 quos
1089 2715 1171 2778 locos
1182 2715 1287 2779 Festus

130 2837 160 2898 p.
179 2818 238 2880 163
258 2816 383 2880 contulit
401 2817 437 2879 ad
453 2815 704 2897 comprobandam
719 2818 813 2879 Sinnii
827 2817 975 2899 Capitonis
989 2817 1166 2880 sententiam
1180 2818 1218 2879 de
1233 2835 1287 2881 au-

130 2920 216 3001 tiquo
231 2919 319 2985 huius
333 2919 447 2982 formae
461 2937 533 2993 usu,
550 2939 638 3001 quam
654 2919 691 2982 ab
706 2921 810 2993 altera,
825 2939 862 2982 cx
877 2938 996 3001 neque
1010 2920 1175 2991 docmata,
1191 2919 1287 2983 diser-

129 3043 194 3087 sam
216 3042 281 3086 esse
302 3021 494 3087 manifestum
512 3029 567 3084 est.
597 3020 671 3085 Nolo
690 3024 774 3103 plura
789 3041 1037 3098 commemorare,
1056 3022 1136 3085 velut
1148 3023 1289 3112 sotorum

198 3189 241 3256 22)
260 3189 324 3241 Sunt
341 3187 437 3258 aliquot
453 3189 517 3255 loci,
535 3189 560 3240 in
577 3189 667 3256 quilius
679 3205 755 3243 error
766 3192 964 3259 imperitioribus
977 3192 1051 3244 obiici
1064 3193 1152 3258 possit,
1165 3190 1237 3245 velut
1247 3194 1288 3246 ile

130 3276 195 3341 apud
208 3275 333 3340 Plautum,
346 3274 422 3327 Peon.
434 3274 521 3340 lll‚e‚
533 3276 558 3326 7.
581 3277 633 3328 aed
652 3276 725 3343 qnid
740 3278 798 3329 lane
814 3286 935 3331 tantun
951 3279 1105 3331 leoninum
1121 3278 1289 3331 incedunt?

130 3359 313 3425 ecquidnam
329 3357 489 3411 iniierunt?
506 3375 577 3426 quern
590 3357 702 3427 lidpkius
718 3378 848 3431 perperam
860 3365 1000 3415 convertit:
1019 3362 1119 3415 allein
1131 3379 1192 3416 was
1206 3363 1289 3417 kon-

130 3458 196 3494 rneu
213 3444 284 3495 dort
300 3461 333 3496 so
350 3443 452 3497 viole?
473 3460 535 3496 was
552 3445 689 3511 liningen
706 3446 769 3500 sie?
790 3463 864 3514 quum
876 3448 994 3499 debuerit
1005 3463 1074 3499 esse:
1095 3447 1226 3512 bringsn
1242 3449 1288 3501 sie

131 3534 212 3580 vast
235 3529 336 3581 induxit
346 3531 412 3583 hune
424 3530 535 3583 formose
544 3548 608 3584 narn
618 3534 772 3597 adiunctum,
784 3540 813 3583 ut
821 3533 885 3583 nihil
893 3533 1019 3583 interesse
1028 3532 1096 3583 inter
1107 3535 1288 3600 sequidem

124 3615 312 3680 ,etquidnan
327 3623 443 3682 putaret:
465 3618 572 3673 debebam
588 3627 671 3671 antem
688 3620 831 3673 meminisse
848 3616 910 3669 illud
927 3632 990 3669 nanu
1008 3615 1126 3669 similiter
1141 3619 1219 3675 etun
1229 3625 1289 3684 post

131 3715 197 3751 uum
210 3715 265 3750 enm
278 3715 349 3765 pron.
362 3700 439 3753 iudei.
449 3704 559 3769 adiungi,
571 3713 645 3771 atque
655 3706 730 3758 etiarn
740 3704 894 3756 coniunctim
903 3717 1076 3768 nonnunquam
1087 3718 1221 3754 numnam
1230 3704 1289 3768 dici,

127 3786 223 3852 dequo
235 3786 286 3837 vid.
298 3785 377 3838 Hand.
389 3787 430 3841 lv.
443 3802 467 3852 p.
481 3789 540 3842 323.
563 3789 628 3856 Quid
641 3807 703 3844 vcro
714 3793 825 3845 dicemus
835 3790 865 3841 de
874 3789 1051 3856 grammaticae
1060 3788 1154 3841 latinae
1163 3788 1290 3854 scriptore

129 3869 306 3934 duchesnio,
322 3872 365 3938 qni
381 3871 405 3938 9.
425 3871 493 3936 loo,
511 3875 533 3925 1.
551 3883 603 3927 not.
620 3877 644 3927 3.
660 3878 699 3929 sic
710 3876 845 3943 praecipit:
860 3875 967 3942 ecquis
984 3875 1043 3926 und
1060 3874 1162 3941 ecqui,
1179 3873 1289 3941 ecquid

128 3958 191 4015 rand
209 3958 326 4024 ecquod
343 3955 429 4022 iragt
446 3959 532 4010 nicht
547 3962 717 4026 senadern,
739 3965 876 4015 sondnro
893 3959 1073 4013 uweiielnd:
1099 3957 1174 4011 Wer
1190 3959 1290 4011 wohl?

132 4043 205 4097 Was
223 4045 320 4095 wohl?
339 4042 496 4110 ⁴Quanquam
513 4045 534 4095 is
552 4053 634 4097 mnaso
646 4048 700 4114 ipse
717 4049 960 4105 sibieontradieens
977 4048 1002 4098 in
1021 4044 1200 4097 convertendis
1215 4043 1290 4109 locia,

130 4144 195 4194 enos
211 4145 257 4197 pro
274 4129 398 4196 exemplis
416 4131 545 4195 praecepti
557 4132 596 4181 sui
606 4134 724 4199 apponit,
739 4150 787 4187 nan
801 4134 987 4199 interrogativa
999 4132 1043 4183 sed
1055 4129 1186 4183 indefinita
1198 4146 1290 4198 prono·

130 4213 207 4275 nina,
219 4221 248 4264 nt
258 4229 305 4280 par
317 4220 381 4275 erat,
396 4221 513 4280 usurpat,
524 4214 597 4266 velot
607 4231 725 4282 ecquae
740 4219 859 4271 civitas
872 4225 938 4271 est?
955 4219 997 4271 ist
1010 4218 1088 4269 wohl
1101 4216 1171 4267 eine
1182 4214 1290 4271 Stadti

133 4302 191 4356 (non
209 4299 329 4349 welche
345 4298 494 4353 Stadtist
512 4299 620 4364 wohll)
637 4311 664 4354 et
680 4318 737 4354 rex
755 4304 888 4369 deniqne
907 4303 990 4371 ecqis
1008 4303 1074 4354 esti
1090 4301 1290 4361 istwohleiu

129 4381 254 4449 Kdnig't
266 4387 325 4449 (nnn
338 4384 474 4437 welches
486 4382 587 4452 {ideis
599 4387 644 4439 ist
656 4388 771 4453 wollt).

201 4468 244 4529 2³)
262 4468 289 4520 ln
301 4484 403 4523 utura.
417 4470 462 4525 xl.
471 4473 505 4524 ad
518 4471 646 4529 numeru.
659 4490 696 4525 or.
710 4472 735 4525 in
748 4473 859 4527 Midian.
871 4490 895 4543 p.
909 4473 955 4525 141
970 4474 1009 4525 ed.
1020 4474 1045 4526 d.

1024 4556 1088 4618 20*
