3266 5140
771 446 972 544 ,3232-

293 634 356 695 11111
367 652 457 714 porro
474 651 534 695 non
550 635 674 696 multum
691 634 838 712 discrepat
851 633 888 695 ab
898 635 944 695 od.
965 633 1450 714 Vicdenique,ecleetcteroquas·

293 734 364 798 libe't
377 755 425 798 res
440 736 533 799 bonas
549 745 577 799 et
591 736 735 818 optabiles
750 736 1071 817 significarepetemnt,
1085 738 1250 818 proutquis
1262 734 1450 799 1111116111-

293 859 325 900 ca
340 840 384 901 rel
399 859 434 901 ex
449 839 550 901 Latina
565 839 662 919 lingua
677 859 763 902 voces
778 856 840 900 non
855 838 943 901 nimis
958 850 1154 920 repugnantes
1171 839 1361 902 advocaverit.
1392 839 1449 901 Sed

292 959 353 1003 non
367 941 437 1003 libet
451 942 482 1003 in
496 941 545 1002 tali
559 941 626 1003 lusu
641 941 766 1022 amplius
782 940 900 1002 morari.
931 939 995 1002 lloc
1008 960 1101 1004 unum
1117 942 1273 1003 dicendum
1288 951 1347 1015 est,
1363 941 1449 1003 sicui

293 1046 367 1105 sorte
381 1036 489 1105 mirum
506 1054 534 1105 et
547 1062 651 1124 parum
664 1042 800 1106 credibile
810 1042 949 1116 videatur,
965 1045 1045 1122 quod
1057 1062 1093 1105 ex
1103 1050 1204 1106 nostra
1215 1044 1450 1124 interpunctione

292 1157 381 1209 totam
400 1166 425 1208 s.
440 1149 658 1209 universitatem
674 1145 854 1209 formarem
873 1156 902 1207 et
921 1144 1031 1207 tribum
1046 1145 1225 1208 universitati
1242 1146 1447 1226 cognominem

293 1249 369 1311 iuxta
383 1248 511 1328 positam
526 1249 680 1322 babemus,
696 1267 758 1311 non
774 1258 868 1311 tamen
884 1255 1040 1329 propterea
1052 1249 1221 1311 Grotelendi
1231 1249 1375 1311 rationem
1391 1268 1449 1329 po-

292 1351 395 1412 tiorem
416 1350 599 1413 iudicandam
613 1370 692 1426 esse,
713 1352 822 1432 quippe
837 1371 872 1413 ex
886 1369 942 1431 que
958 1351 1021 1430 pari
1035 1351 1126 1412 modo
1141 1359 1212 1431 post
1225 1350 1334 1413 tribum
1349 1351 1448 1413 Tarsi·

292 1465 389 1518 nalem
403 1474 513 1517 nomen
529 1454 680 1517 Tareinate
695 1453 852 1534 separatim
867 1460 1124 1515 commemoretur.
1155 1452 1284 1515 Omnino
1300 1461 1397 1516 autem
1412 1454 1449 1514 de

292 1558 493 1621 l'arsinatibus
508 1557 601 1637 deque
616 1557 813 1628 Turscorum,
829 1554 1029 1616 Nabereorum
1044 1573 1068 1617 s.
1084 1554 1250 1617 Nabarcum
1266 1563 1294 1617 et
1309 1546 1447 1635 {opusco-

289 1679 356 1723 rum
370 1659 540 1722 nominibus
554 1677 602 1720 res
613 1659 791 1739 perobscura
803 1665 856 1719 est.
876 1655 1448 1730 11111111αά111113111111111111111111111,

289 1782 377 1843 quam
392 1782 449 1843 qua
465 1763 495 1823 in
510 1762 713 1823 Romanorum
729 1759 852 1821 formula
867 1762 939 1820 socii
951 1777 1110 1839 reomeapare
1120 1757 1255 1822 1111111111
1269 1760 1326 1823 diei
1340 1761 1446 1833 solent,

289 1865 338 1927 ubi
352 1883 458 1927 11111111
476 1864 620 1943 significat
639 1863 776 1923 bomines
795 1863 852 1923 boc
866 1861 987 1921 nomine
1001 1860 1170 1939 appellatos.
1202 1861 1325 1924 Termes
1344 1881 1446 1943 porro,

290 1968 362 2043 sire,
381 1975 414 2029 ut
434 1967 500 2029 alibi
519 1966 667 2036 dicuntur,
691 1963 794 2026 Tomeos
808 1961 958 2044 probabile
974 1970 1020 2023 est
1034 1981 1068 2024 ex
1082 1962 1172 2025 nobili
1187 1964 1218 2025 in
1232 1965 1347 2028 Etruria
1363 1975 1448 2046 gente

291 2070 456 2145 fuissem),
482 2068 564 2130 cuius
590 2075 703 2147 partem
729 2065 799 2127 olim
819 2065 906 2127 etiam
925 2064 957 2126 in
973 2064 1092 2127 Umbria
1110 2066 1167 2127 late
1186 2065 1366 2130 dominatam
1381 2087 1447 2131 esse

290 2176 426 2233 constat³
436 2171 476 2246 ²).
506 2167 660 2230 Nubereoa
674 2187 699 2228 s.
715 2165 864 2227 Nnderces
878 2165 904 2227 si
919 2166 984 2246 quis
999 2167 1035 2229 ab
1050 2167 1186 2230 Umbriae
1200 2169 1298 2243 fluvio,
1315 2169 1365 2249 qui
1380 2169 1447 2232 Ner

290 2272 402 2347 dicitur,
417 2270 575 2353 appellatos
591 2289 657 2331 esse
673 2269 847 2344 semitm),
873 2269 991 2330 refutari
1005 2288 1022 2331 a
1037 2269 1116 2330 nullo
1133 2271 1248 2350 poterit.
1290 2271 1331 2332 lle
1346 2271 1447 2334 111111·-

289 2374 405 2436 aeriter
430 2382 459 2435 et
477 2371 668 2455 Iopascis³⁴)
696 2372 879 2433 coniecturas
900 2371 950 2450 qui
969 2372 1045 2432 volet
1064 2371 1249 2451 periclitetm.
1294 2374 1445 2447 Quaenam

289 2484 385 2539 autem
404 2476 451 2538 bis
471 2476 608 2539 omnibus
629 2491 697 2535 cum
711 2471 838 2551 iguvinis
853 2471 927 2533 ratio
943 2472 1153 2547 intercesserit,
1174 2492 1265 2554 quum
1281 2485 1361 2536 certo
1376 2478 1445 2539 sciri

289 2579 474 2641 nullomodo
490 2578 600 2660 possit,
620 2594 681 2638 non
701 2575 799 2654 inepte
813 2574 939 2636 tortasse
953 2574 1123 2637 huiusmodi
1138 2576 1207 2655 quid
1223 2577 1444 2641 coniectareris:

288 2681 455 2744 communia
480 2680 621 2762 quaedam
641 2694 723 2740 sacra
743 2676 833 2738 luisse
847 2676 982 2756 lgurinae
1002 2677 1107 2738 civitati
1128 2696 1195 2739 cum
1216 2679 1444 2741 1111111111τεί-

287 2784 360 2846 nati:
391 2783 477 2845 buius
503 2802 591 2845 unam
616 2778 801 2859 praecipuam
828 2778 936 2840 tribum
963 2780 1054 2841 luisse
1079 2781 1132 2842 toti
1159 2781 1264 2843 civitati
1290 2785 1444 2862 cognomi-

234 2894 263 2945 11
287 2890 416 2963 nem³³l
436 2894 465 2947 et
478 2892 602 2966 propter
615 2882 783 2962 dignitatem
800 2881 954 2961 separatim
971 2882 1001 2943 in
1016 2882 1152 2962 precibus
1169 2894 1443 2951 commemoratam:

285 2989 435 3051 Naharcos
450 3005 540 3068 porro
556 2995 585 3047 et
595 2985 725 3047 Turscos
741 2993 770 3045 et
785 2984 924 3063 lapuscos
936 2984 1098 3046 vicinorum
1114 2985 1246 3048 locorum
1259 2986 1444 3062 habitatores

286 3109 370 3153 suem
390 3089 546 3171 separatim
561 3107 624 3149 rem
640 3085 784 3166 pubbcam
800 3086 955 3177 babentes,
971 3087 1023 3147 sed
1039 3105 1106 3147 cum
1121 3086 1177 3147 illis
1193 3096 1290 3149 tamen
1305 3108 1441 3152 commu-

284 3194 373 3254 nione
389 3192 512 3271 quadam
528 3208 680 3251 sacrorum
697 3189 880 3250 coniunctos.

370 3295 429 3355 lam
445 3294 479 3355 ad
493 3294 600 3355 Oseam
616 3292 837 3372 inscriptionem
853 3292 967 3354 tabulae
978 3292 1116 3355 Bantiaae
1130 3295 1330 3356 revertendum
1343 3296 1440 3371 estin
1502 3284 1507 3295 ’

285 3418 339 3479 qua
355 3397 436 3458 vocis
450 3406 527 3456 teoto
537 3400 549 3437 ³
560 3386 602 3471 ⁰),
618 3414 704 3475 quarn
720 3396 839 3457 eandem
856 3413 923 3457 cum
939 3394 1074 3456 Umbrica
1090 3405 1149 3457 tote
1160 3396 1331 3469 statuimus,
1348 3399 1441 3461 variae

351 3584 393 3649 31)
413 3584 465 3634 Hoc
477 3583 551 3632 etiarn
565 3583 689 3638 blnellero
702 3588 781 3638 risum
794 3594 840 3651 est,
852 3586 951 3638 Etruse.
964 3585 975 3637 l
987 3602 1010 3654 p.
1021 3586 1050 3636 tt
1066 3593 1092 3637 et
1107 3586 1163 3653 100,
1176 3604 1256 3655 neque
1269 3588 1382 3654 intelligo
1395 3606 1441 3641 eur

283 3670 430 3722 Grotelend.
443 3667 475 3719 lll
488 3685 510 3735 p.
522 3668 537 3717 9
550 3671 580 3719 de
597 3670 749 3725 Tudertibus
762 3674 874 3736 cogitare
887 3672 1012 3722 raaluerit.

335 3754 392 3817 Ι32)
412 3752 475 3804 Plio.
488 3752 517 3803 Η.
532 3752 562 3806 N.
577 3754 616 3819 lll,
632 3758 662 3807 14
675 3775 698 3824 p.
713 3758 768 3807 167.

350 3840 391 3903 33)
411 3840 470 3889 Cum
483 3840 586 3907 Lepsia,
600 3844 630 3893 de
644 3845 693 3894 tab.
708 3843 828 3908 Engnbin.
842 3844 936 3907 (Berol.
952 3843 1025 3907 1833)
1039 3860 1062 3912 p.
1073 3844 1115 3896 93.
1139 3844 1237 3897 Grotel.
1248 3845 1289 3911 lll,
1302 3864 1326 3915 p.
1336 3849 1360 3899 9.

349 3925 390 3987 34)
409 3925 514 3993 Iapuser'
524 3925 648 3978 bluellero
661 3929 762 3979 Etruse.
778 3927 787 3976 1
804 3944 827 3994 p.
838 3928 867 3977 il
884 3937 935 3979 not.
946 3927 969 3979 2.
995 3928 1101 3997 iapygea
1115 3946 1172 3980 esse
1184 3931 1311 3984 videatur.

349 4010 391 4073 35)
410 4010 463 4060 Hoc
477 4026 523 4059 non
537 4011 591 4061 eice
605 4013 720 4078 erenrplo
733 4013 859 4063 sumimus.
879 4014 941 4065 Nam
954 4016 1028 4065 ctiam
1038 4017 1130 4083 preni
1143 4033 1215 4070 unam
1227 4019 1259 4069 te
1271 4019 1379 4087 quinque
1391 4022 1439 4072 tri·

280 4094 358 4145 bnbns
372 4094 504 4161 Ephesiam
517 4096 606 4146 dictam
619 4112 677 4146 esse
690 4097 831 4163 Stephanus
844 4098 905 4164 llys.
918 4101 1001 4166 prodit
1010 4117 1030 4152 s.
1043 4120 1068 4153 ν.
1083 4103 1183 4168 Bima,
1196 4103 1236 4155 nbi
1249 4119 1295 4171 pro
1310 4102 1394 4172 βουλή
1412 4115 1438 4158 et

278 4181 465 4245 βουλευταί-
478 4175 550 4249 φυλή
563 4190 588 4231 et
601 4181 715 4251 potirer
730 4184 860 4247 legendnm
873 4200 943 4248 esse,
962 4188 1164 4251 quemadmodum
1178 4191 1226 4240 11111
1237 4192 1262 4241 in
1275 4190 1377 4258 Antion.
1389 4194 1436 4243 iar.

279 4267 345 4332 publ.
360 4266 404 4318 Gr.
418 4282 441 4332 p.
452 4266 493 4327 80,
507 4266 522 4315 4
535 4266 681 4331 monuimus,
694 4282 766 4317 uerno
780 4266 852 4319 iacile
865 4269 1002 4335 dubitabit,
1015 4274 1056 4338 qui
1070 4275 1147 4323 totins
1159 4274 1208 4325 loci
1222 4282 1367 4328 contextam
1379 4293 1435 4345 per·

278 4352 370 4417 pendit.

347 4434 388 4498 36)
411 4433 488 4488 Toeto
501 4434 574 4501 enirn,
586 4452 634 4486 non
647 4440 726 4505 torta,
738 4436 818 4489 Oscos
831 4441 983 4493 nominativo
996 4459 1055 4495 casu
1068 4446 1435 4513 113111111εά1,111111111111
