3222 5148
841 440 993 563 „eg

334 648 415 711 omni
431 650 521 712 modo
537 669 601 713 esse
616 648 773 734 intelligit?
800 652 874 716 Nam
895 654 924 715 id
945 653 1064 732 quidem
1085 651 1211 727 nemini,
1235 652 1286 734 qui
1307 651 1493 715 mediocriter

333 752 423 814 modo
437 753 545 834 sapiat,
568 753 727 816 obscurum
742 774 807 817 esse
821 764 934 836 potest,
955 754 991 816 ab
1011 754 1075 817 istis
1097 756 1148 837 qui
1163 775 1195 818 se
1209 756 1365 839 populares
1380 761 1410 816 et
1424 773 1491 836 pro·

331 874 450 938 gressus
464 855 612 919 studiosos
627 862 740 931 vocant,
755 860 814 920 hoc
826 858 952 920 maxime
968 858 1022 936 agi,
1038 866 1071 919 ut
1085 876 1201 919 summa
1217 859 1248 919 in
1263 876 1294 920 re
1308 857 1425 939 publica
1439 876 1490 937 po-

332 965 423 1020 testas
438 975 499 1020 non
513 959 639 1040 amplius
656 962 733 1022 inter
747 980 863 1041 regem,
885 961 1042 1042 optimates
1063 968 1093 1022 et
1107 961 1249 1040 reliquam
1264 961 1366 1043 populi
1381 969 1490 1044 partem

331 1070 413 1124 recto
427 1067 662 1146 temperamento
677 1063 841 1138 distributa,
857 1065 908 1126 sed
925 1070 984 1125 tota
1000 1082 1090 1147 penes
1105 1063 1186 1146 ipsos
1198 1065 1244 1126 sit.
1273 1063 1389 1126 Etenim
1403 1078 1488 1143 quum

331 1162 367 1224 de
382 1165 494 1227 aerario
514 1166 708 1248 reipublicae
728 1167 850 1247 eiusque
872 1166 1104 1246 dispensatione,
1128 1174 1331 1246 quantumque
1354 1165 1489 1246 pecuniae

331 1266 435 1347 cuique
446 1269 521 1348 parti
533 1258 794 1331 administrationis
806 1269 1013 1349 assignandum
1026 1269 1073 1341 sit,
1086 1268 1242 1331 decernere
1254 1289 1286 1330 se
1297 1267 1377 1330 solos
1387 1277 1488 1351 postu·

330 1367 401 1444 lant,
416 1386 512 1449 neque
527 1370 687 1451 quidquam
702 1370 761 1431 nisi
774 1370 855 1452 quod
871 1370 924 1452 ipsi
940 1370 1122 1433 decreverint
1142 1371 1254 1451 erogari
1275 1372 1387 1442 volunt,
1407 1386 1486 1448 eper-

266 1535 269 1540 ,
330 1471 445 1533 tissime
467 1472 599 1555 prolecto
621 1490 742 1534 omnem
763 1473 806 1534 rei
833 1472 965 1554 publicae
987 1472 1270 1535 administrationem
1295 1471 1357 1533 suis
1379 1470 1486 1550 placitis

330 1573 488 1636 obnoxiam
502 1575 597 1636 iacere
613 1581 766 1637 conantur.
793 1574 894 1655 Neque
910 1575 988 1636 enim
1001 1584 1052 1636 aut
1067 1573 1210 1657 stipendia
1226 1571 1367 1634 militibus
1381 1589 1485 1656 suppe-
1584 1660 1585 1665 γ

329 1683 392 1737 tere
407 1681 458 1736 aut
472 1675 574 1737 salaria
591 1675 807 1756 magistratibus
822 1675 971 1738 numerari
985 1682 1036 1737 aut
1051 1674 1188 1755 operibus
1199 1673 1322 1754 publicis
1335 1673 1486 1735 necessarii

329 1784 466 1857 sumptus
481 1778 603 1857 erogari,
619 1777 746 1858 denique
762 1777 834 1839 nihil
849 1796 982 1858 prorsus,
997 1778 1028 1838 in
1044 1796 1103 1856 quo
1117 1775 1241 1855 pecunia
1258 1793 1332 1854 opus
1349 1776 1396 1846 sit,
1413 1774 1484 1835 ellici

329 1879 359 1940 in
374 1879 488 1942 civitate
503 1880 613 1959 poterit
627 1878 684 1940 nisi
700 1880 778 1960 quod
794 1879 864 1960 ipsis
880 1879 1038 1960 placuerit,
1054 1896 1142 1958 quam
1158 1876 1290 1949 obrem,
1312 1876 1337 1937 si
1351 1876 1485 1939 obtinue-

327 1980 388 2043 rint
403 1982 481 2062 quod
498 1982 690 2053 contendunt,
707 1999 890 2062 consequens
905 1985 999 2043 estut
1014 1981 1065 2061 qui
1079 1978 1326 2043 administrandae
1337 1978 1380 2039 rei
1391 1978 1483 2059 publi-

328 2099 378 2144 cae
393 2083 551 2165 praepositi
566 2092 651 2153 sunt.
673 2091 723 2146 aut
742 2103 844 2168 parere
865 2084 981 2146 illorum
1002 2083 1116 2167 placitis
1136 2090 1185 2144 aut
1200 2080 1346 2164 deponere
1362 2080 1482 2141 admini-

328 2186 502 2248 strationem
525 2191 675 2267 cogsntur.
712 2186 808 2268 Atque
829 2186 887 2248 hoc
909 2186 964 2248 sibi
986 2185 1172 2268 propositum
1194 2201 1259 2245 esse
1281 2182 1362 2262 ipsos
1384 2200 1484 2244 eorum

327 2286 418 2349 duces
431 2294 462 2349 et
476 2286 631 2367 signiferos
646 2289 735 2350 etiam
751 2297 850 2373 aperte
864 2290 1036 2370 prolitentes
1055 2286 1236 2358 audivimus,
1259 2303 1351 2365 quum
1372 2283 1417 2345 his
1436 2283 1484 2364 qui

327 2405 408 2451 nuno
421 2397 492 2452 sunt
504 2390 582 2469 regis
596 2390 778 2453 administris
793 2389 866 2452 nihil
880 2390 1040 2471 quidquam
1056 2408 1088 2452 se
1103 2405 1296 2452 concessuros
1312 2405 1377 2449 esse
1391 2387 1483 2448 mina-

327 2500 431 2553 rentur
445 2492 576 2572 aliosque
592 2510 696 2555 eorum
711 2494 786 2565 loeo,
802 2493 904 2555 desua
921 2492 1032 2555 scilieet
1046 2493 1182 2566 lectione,
1203 2489 1415 2571 praeficiendos
1428 2487 1485 2550 ola·

325 2592 474 2655 mitarent.
497 2594 599 2676 ltaque
610 2595 688 2677 quod
700 2595 796 2658 adhuc
807 2595 852 2658 ius
866 2595 980 2677 regium
995 2614 1059 2657 esse
1076 2596 1217 2656 creditum
1233 2601 1263 2656 el
1276 2589 1401 2672 puhlicis
1416 2590 1484 2670 legi·

325 2692 381 2756 bus
396 2696 544 2758 sancitum
559 2702 615 2770 est,
631 2704 665 2760 ut
680 2696 831 2759 ministros
851 2698 906 2758 sibi
921 2716 973 2759 rex
987 2695 1074 2777 eligat
1088 2714 1163 2777 quos
1178 2695 1309 2776 optimos
1323 2712 1358 2755 ac
1372 2694 1414 2754 rei
1429 2710 1483 2775 pu·

324 2794 415 2887 blicae
436 2795 512 2860 bene
533 2799 676 2879 gerendae
698 2799 825 2862 maxime
840 2799 964 2863 idoneos
980 2798 1137 2872 censuerit,
1153 2798 1211 2860 hoo
1224 2796 1264 2858 illi
1279 2796 1322 2858 sic
1336 2795 1484 2857 immutari

324 2898 441 2973 volunt,
463 2906 580 2964 utnon
602 2901 673 2964 alios
695 2902 800 2984 eligere
822 2909 945 2981 cogatur
966 2920 1054 2983 quam
1077 2901 1128 2982 qul
1142 2900 1213 2981 ipsis
1228 2899 1301 2978 grati
1316 2898 1484 2978 acceptique

322 2998 392 3064 sint.
427 3001 491 3066 Hoc
505 3014 605 3066 autem
619 3002 745 3085 eligendi
760 3005 911 3067 ministros
926 3004 989 3066 iure
1003 3004 1063 3084 regi
1079 3011 1178 3084 erepto
1195 3001 1264 3082 quid
1280 3000 1425 3081 reliquum
1441 3006 1484 3060 est

322 3102 380 3165 nisi
393 3110 428 3165 ut
441 3121 493 3167 rex
507 3104 571 3188 ipse
585 3106 770 3190 popularium
792 3108 917 3170 istorum
938 3105 1076 3187 potestati
1096 3100 1293 3168 subiiciaturi
1318 3103 1431 3184 Quippe
1453 3101 1484 3162 in

321 3204 471 3287 plerisque
485 3208 529 3269 rei
544 3208 678 3290 publicae
692 3209 823 3289 partibus
834 3227 955 3272 necesse
966 3216 1010 3272 est
1022 3227 1097 3290 quae
1108 3207 1220 3288 agenda
1231 3216 1301 3268 sunt
1312 3223 1374 3267 non
1385 3205 1481 3285 ipsum

321 3324 420 3387 regem
436 3327 490 3390 per
505 3329 537 3371 se
551 3310 648 3373 solum
665 3311 799 3393 exsequi,
822 3311 874 3373 sed
890 3311 1041 3373 ministros
1055 3309 1193 3372 adhibere
1207 3324 1334 3389 quorum
1353 3318 1440 3387 opera
1455 3312 1482 3365 et

320 3408 442 3473 oonsilio
462 3421 578 3487 utatur,
599 3421 685 3494 atque
708 3414 751 3477 sic
772 3434 847 3497 quae
871 3414 958 3478 unius
980 3411 1110 3475 hominis
1132 3428 1188 3473 nec
1205 3411 1296 3472 videri
1316 3408 1409 3471 oculis
1428 3425 1482 3468 nec

319 3513 397 3577 ellici
411 3515 545 3580 manibus
560 3526 700 3602 possunt,
723 3515 853 3579 fidelium
878 3516 1081 3579 ministrorum
1103 3514 1194 3577 oculis
1214 3531 1248 3575 ac
1267 3510 1402 3574 manibus
1416 3510 1480 3573 elli·

319 3633 395 3679 cere.
412 3616 463 3678 lsti
478 3619 575 3699 igitur.
598 3620 624 3682 si
639 3619 780 3682 ministris
795 3638 892 3701 regem
909 3637 970 3680 non
985 3636 1060 3700 quos
1075 3635 1130 3679 suo
1145 3616 1253 3679 iudicio
1267 3615 1407 3695 probatos
1421 3611 1481 3675 ele·

317 3718 406 3801 gerit,
428 3719 479 3781 sed
496 3740 571 3802 quos
585 3721 641 3802 ipsi
655 3721 795 3785 iusserint
809 3722 851 3784 uti
868 3723 982 3795 volunt,
1006 3717 1077 3800 quid
1097 3718 1174 3781 aliud
1195 3737 1284 3799 qnam
1304 3716 1366 3780 suis
1381 3733 1481 3797 regem

318 3822 411 3884 ocrdis
427 3828 457 3884 et
478 3824 613 3886 manibus
633 3825 759 3905 spoliare
778 3833 808 3885 et
828 3825 939 3888 alienos
962 3824 989 3884 ei
1011 3839 1159 3905 apponere
1181 3815 1350 3883 conantur?
1370 3828 1405 3880 ut
1426 3837 1480 3903 pro

316 3940 385 4005 rege
406 3923 490 4004 quasi
512 3925 703 3988 simulacrum
726 3925 843 4006 aliquod
865 3934 894 3986 et
916 3923 1100 4004 imaguncula
1123 3922 1229 3985 existat
1248 3940 1284 3984 ex
1305 3940 1341 3984 eo
1363 3940 1480 4003 genue,

317 4043 392 4108 quae
411 4020 644 4111 νευρόσπαστα
658 4047 761 4110 graece
776 4027 925 4101 dicuntur,
941 4027 1039 4089 nervis
1054 4025 1156 4089 alienis
1172 4032 1262 4098 mota,
1278 4032 1373 4105 utque
1383 4024 1481 4085 verius

316 4146 415 4211 regem
430 4148 499 4193 eum
516 4131 573 4193 dici
588 4131 681 4204 liceat,
699 4151 788 4213 quem
803 4149 921 4213 quoque
936 4138 1071 4211 tempore
1086 4127 1235 4214 popularis
1254 4126 1302 4190 ille
1317 4135 1480 4189 conventus

314 4233 480 4316 praesidem
495 4232 551 4296 sibi
566 4235 736 4316 sumpserit.
823 4232 827 4239 '

400 4333 577 4398 Huiusmodi
592 4347 715 4399 conatus
730 4345 912 4418 quantopere
932 4335 969 4398 ah
989 4335 1045 4396 hac
1065 4352 1140 4416 quae
1161 4332 1273 4414 legibus
1294 4332 1413 4395 lundata
1433 4340 1480 4395 est

297 4436 358 4498 ·rei
371 4436 505 4518 publicae
526 4443 646 4500 nostrae
669 4438 880 4501 constitutione
898 4437 1076 4501 abhorreant
1091 4434 1202 4497 nemini
1217 4453 1255 4499 ne
1270 4435 1395 4498 istorum
1411 4434 1478 4515 qui·
