3154 5138
137 608 269 671 oneum
284 609 331 683 sit.
347 609 427 691 quod
443 616 587 691 annotet,
606 610 633 672 is
651 609 767 673 viduor
778 609 865 672 otiam
880 608 954 672 nihil
966 624 1029 672 non
1042 608 1198 685 miserum,
1212 610 1243 673 b.
1257 626 1283 675 a.

136 708 201 775 ubit
214 712 285 776 boni
300 713 351 776 sod
367 713 466 776 omnia
480 713 586 776 misera
601 720 761 794 expectare
804 711 878 775 bem
892 711 972 792 quod
988 711 1108 792 scripsit
1119 712 1157 774 ad
1173 714 1231 776 lta
1246 712 1284 788 x,

138 816 185 889 tt,
203 816 237 876 l:
257 833 324 878 nos
343 815 413 878 iam
428 816 517 879 nibil
530 815 602 878 nisi
618 815 771 888 occulte,
786 814 883 894 potnit
896 814 945 877 bio
959 831 1091 895 quoqne:
1106 813 1199 877 nibil
1213 833 1283 879 non

134 918 277 981 occulte.
319 916 385 980 lloc
408 918 488 981 onim
507 918 684 998 sigmticsret
703 936 736 979 se
758 915 832 978 nibil
855 916 952 997 palam
975 916 1026 979 aed
1047 917 1146 981 omnia
1172 917 1284 980 nemus

133 1037 224 1098 agere3
239 1019 310 1082 illud
326 1020 449 1083 ultorum
465 1029 523 1084 ast:
537 1019 610 1082 nibil
624 1038 688 1101 ugo,
702 1027 903 1099 praeterquam
912 1018 1069 1099 siquidmt
1082 1020 1284 1100 mmdooeulto

132 1137 217 1199 agam
248 1120 393 1184 Pertenna
407 1122 466 1184 boe
479 1120 637 1184 dismimen
651 1139 717 1184 esse
731 1130 860 1203 apparet,
867 1121 979 1185 nullam
994 1140 1061 1185 osse
1075 1138 1164 1185 mma
1179 1122 1283 1185 vincet.

131 1221 234 1284 Nostro
249 1232 347 1286 antem
362 1222 616 1297 incendendum,
634 1240 674 1285 ne
690 1241 817 1303 prorsus
832 1222 976 1287 larrium
990 1224 1100 1304 possita
1114 1224 1203 1289 nibil
1217 1225 1284 1288 bo·

130 1342 198 1385 rum
212 1324 292 1403 (scil.
307 1324 415 1402 dixit)
430 1325 503 1388 nisi
517 1325 657 1399 collide,
672 1332 723 1388 aut
734 1324 823 1389 ubam
838 1325 944 1389 ealda.
986 1326 1136 1393 llicsrstur
1149 1327 1228 1391 enim
1242 1328 1285 1391 ἐκ

129 1426 269 1507 Epicarns
296 1446 401 1491 eorum
426 1428 574 1509 ipsorum,
593 1445 667 1508 qnae
685 1427 808 1501 dixerat,
825 1435 855 1490 et
876 1428 912 1490 de
932 1427 1053 1508 quibos,
1067 1429 1138 1509 qum
1152 1430 1284 1505 dixisset.
1302 1439 1333 1490 to

130 1547 212 1591 nemo
228 1529 395 1605 dubitabat,
413 1530 485 1592 nibil
500 1529 622 1601 dhisse,
643 1537 847 1610 prasterqnnm
866 1530 893 1592 si
907 1529 1008 1593 callide
1023 1535 1085 1608 (ant
1098 1532 1190 1609 ualde)
1204 1530 1283 1595 dico

130 1639 179 1691 ret
220 1631 418 1694 scribendum
433 1632 521 1712 igitur
534 1631 598 1701 latit„
613 1630 705 1693 nibil
718 1630 844 1694 borum
858 1630 966 1695 nimis
982 1632 1110 1696 callide
1123 1633 1154 1696 b.
1170 1653 1195 1696 o
1210 1632 1284 1697 nihil

129 1731 286 1796 admodum
302 1753 327 1796 s.
342 1733 424 1796 valde
438 1733 546 1797 callide.
583 1732 679 1813 litque
697 1733 796 1813 ipsum
815 1733 886 1796 illntl
904 1733 1016 1807 valde,
1035 1735 1116 1815 quod
1131 1736 1162 1798 in
1176 1736 1282 1817 pleris-

129 1851 182 1913 que
195 1835 350 1898 codicibus
368 1854 426 1917 pro
440 1837 568 1899 callide
582 1835 700 1915 lopiton,
719 1853 775 1915 pro
796 1836 1055 1917 interpretamento
1078 1838 1158 1901 vods
1180 1837 1284 1901 nimis

127 1936 291 2000 bbendum
307 1945 365 2011 ost,
386 1947 416 2000 et
428 1939 460 2001 in
475 1957 561 2001 cansa
575 1937 639 2011 fnit,
654 1944 688 1999 nt
701 1938 869 2018 proximum
882 1937 1050 2002 adverbium
1070 1939 1196 2003 callide
1210 1958 1282 2021 pro·

127 2047 188 2117 pter
201 2038 428 2101 similitudinem
441 2041 601 2103 litterarum
617 2059 634 2101 a
648 2037 772 2102 librariis
788 2040 978 2103 omitteretur.

205 2141 232 2218 l,
248 2141 306 2216 26,
327 2141 368 2203 72
388 2159 448 2204 non
465 2152 545 2205 aucte
564 2162 581 2205 a
599 2140 710 2204 Klotzio
726 2141 868 2221 scriptum
887 2161 955 2203 esso
969 2142 1071 2205 credo:
1086 2143 1175 2205 nihil
1190 2144 1281 2208 onim

126 2242 155 2305 ei
175 2244 249 2306 olet
275 2263 317 2305 en
343 2243 644 2317 Academia‚nibil
668 2261 708 2305 ex
729 2242 856 2322 Lyceo,
879 2242 1030 2306 nihilne
1051 2245 1282 2326 epuerilibns

126 2345 263 2423 quidem
285 2346 505 2427 disciplinis,
528 2346 628 2409 addito
646 2354 713 2408 unta
734 2343 806 2406 olet
824 2344 1013 2424 pronomine,
1030 2346 1113 2409 naritn
1128 2346 1280 2427 vestigium

125 2445 176 2508 sbi
194 2447 430 2529 deprehendisse
446 2449 528 2511 visne
546 2455 593 2510 est
611 2448 642 2509 in
660 2453 799 2526 obnupta
820 2447 980 2510 nouom
999 2449 1136 2513 codem
1159 2450 1282 2513 lectione

7 2616 8 2641 χ
125 2549 237 2612 floret
270 2550 360 2631 Atqui
374 2550 470 2612 olore
485 2568 553 2612 cnm
568 2550 663 2612 dativo
677 2567 822 2630 personas
835 2548 952 2612 dnobus
967 2556 1081 2613 tanturn
1095 2552 1193 2615 modis
1208 2571 1282 2616 cou-

123 2660 267 2715 strnotum
292 2651 422 2715 invenias
444 2652 553 2732 pariter
573 2652 609 2714 ab
630 2650 717 2713 buius
738 2651 796 2714 loci
818 2651 959 2715 mnodo
975 2651 1085 2715 alionis
1129 2657 1188 2717 Ant
1202 2655 1282 2717 enim

7 2764 9 2777 '
123 2773 183 2816 eam
198 2756 317 2819 dativus
332 2770 491 2835 porsonam
505 2753 623 2826 indica&
640 2772 713 2833 quae
727 2753 825 2816 olfacit
837 2754 958 2834 siquid,
970 2754 1074 2836 euque
1088 2755 1178 2831 odor,
1192 2775 1282 2837 wem

122 2857 214 2938 absos
227 2876 279 2920 rea
295 2856 407 2936 spargit
422 2856 496 2935 (boc
509 2855 588 2918 onim
607 2863 653 2918 est
667 2855 762 2931 olore)
781 2873 868 2919 nares
887 2856 992 2937 tangit,
1006 2865 1041 2919 ut
1053 2858 1131 2937 apud
1145 2858 1281 2921 Plautum

123 2960 182 3022 lul
207 2960 248 3035 ll,
274 2959 311 3032 2,
331 2957 386 3021 39:
407 2975 531 3021 aurum
556 2957 641 3019 huie
659 2957 745 3032 olet3
763 2966 815 3021 ant
831 2978 909 3033 eam,
928 2959 1012 3021 ouius
1031 2959 1124 3039 siqua
1144 2978 1214 3039 ptus
1233 2971 1282 3024 ant

120 3061 291 3124 membrum
310 3060 432 3123 odorem
451 3059 564 3142 spargit
581 3079 605 3123 s.
625 3059 737 3123 olidum
756 3070 814 3135 est,
836 3070 870 3124 ut
882 3062 961 3142 opud
975 3061 1134 3125 llartialem
1148 3062 1211 3136 llll,
1227 3061 1281 3125 81:

121 3162 385 3243 paediconibns
401 3180 439 3224 oa
455 3162 537 3225 olet
566 3163 608 3225 lle
621 3162 749 3244 Epicuro
763 3170 861 3227 antem
876 3196 918 3209 -
937 3163 1056 3227 isenim
1070 3164 1149 3245 apud
1163 3164 1280 3229 sicno-

120 3284 187 3330 nen
202 3265 385 3346 designatur,
399 3298 442 3311 -
455 3282 551 3346 nsqm
565 3265 625 3329 lane
637 3265 696 3329 dici
710 3274 839 3349 apparet,
855 3266 927 3329 nibil
940 3282 1010 3329 eam
1021 3266 1146 3333 oliacora
1158 3287 1193 3331 on
1206 3267 1281 3332 dca-

121 3369 215 3433 dnmis
229 3377 305 3441 stc,
323 3384 421 3448 neque
438 3386 507 3429 vero
522 3368 640 3449 aliquod
654 3367 718 3431 dus
736 3368 902 3432 membrum
923 3368 1046 3433 odorem
1068 3389 1105 3432 ox
1124 3370 1281 3435 Academia

120 3491 270 3553 spargere.
316 3471 431 3546 Quodsi
450 3470 516 3552 quis
535 3472 611 3533 lorte
631 3489 692 3534 non
706 3470 824 3551 quidem
838 3471 985 3546 membra,
998 3472 1051 3535 sod
1065 3472 1140 3535 dicta
1154 3473 1218 3537 eins
1230 3483 1283 3537 ant

120 3575 230 3657 scripta
246 3572 367 3654 intelligi
382 3573 462 3643 velit,
476 3582 511 3636 ut
529 3573 619 3637 nibil
639 3572 670 3635 oi
690 3573 762 3635 olet
780 3571 819 3635 sit
832 3572 852 3634 i.
867 3592 896 3654 q.
910 3573 1022 3637 nullum
1037 3574 1100 3638 aius
1115 3574 1224 3638 dictum
1240 3575 1282 3638 tol

119 3678 264 3760 sciptum
286 3676 359 3739 olet:
379 3676 456 3739 banc
473 3694 590 3757 quaque
610 3675 753 3738 rationem
768 3694 841 3739 usus
856 3676 994 3757 loquendi
1009 3683 1150 3740 cenetam
1165 3697 1199 3740 ac
1213 3696 1282 3759 per-

119 3790 226 3861 petuus
247 3779 365 3842 retunt
401 3778 567 3858 Numquam
587 3776 680 3849 enim,
700 3776 725 3838 si
746 3777 815 3857 qnid
835 3777 928 3843 odore
947 3778 1067 3842 alcuine
1085 3779 1129 3842 rei
1142 3780 1281 3843 iniectum

118 3892 313 3962 celsumque
327 3879 452 3962 spargit,
466 3879 496 3943 id
516 3880 612 3943 olere
634 3899 673 3942 ex
692 3899 730 3942 ea
746 3898 796 3955 re,
811 3880 862 3942 sed
877 3900 997 3962 semper
1012 3882 1107 3945 olore
1122 3901 1194 3946 eam
1209 3902 1280 3946 rem

119 3985 242 4058 dieitur,
257 3992 294 4046 ut
306 3983 446 4046 bircam
461 3982 559 4044 olore
572 3990 618 4044 eat
637 3983 715 4064 apud
733 3982 899 4058 Horatium,
918 4001 981 4047 nou
1000 4004 1039 4048 ex
1054 3985 1154 4050 biron
1171 3985 1281 4061 olore,

119 4088 301 4160 militiam,
320 4084 494 4158 laborem,
516 4086 628 4148 virum
643 4085 738 4147 olere
756 4085 834 4167 npud
856 4086 997 4150 Senonum
1022 4106 1068 4169 ap.
1089 4089 1144 4163 86,
1163 4104 1227 4151 non
1241 4107 1281 4152 ex

118 4189 265 4265 militia,
286 4208 326 4251 ex
345 4188 481 4262 labore,
501 4207 541 4250 ex
560 4189 649 4262 viro,
668 4186 778 4269 aliaque
797 4187 873 4269 apud
894 4188 967 4251 alios
987 4189 1084 4254 obvia:
1101 4190 1281 4272 omninoque

119 4291 217 4356 olere
232 4311 273 4354 ex
288 4291 403 4373 aliqua
418 4309 455 4354 re
468 4310 504 4354 eo
520 4309 618 4366 sensu,
629 4309 688 4371 quo
700 4309 757 4354 nos
769 4290 893 4355 dicimus
907 4291 997 4356 nach
1012 4304 1121 4357 etwas
1136 4294 1281 4356 riecben
