3284 5152
796 469 946 565 ..Q

293 655 481 736 Responsum
495 650 602 718 Bacchi
614 652 802 717 normannos
815 653 858 718 sic
871 652 1004 729 rcdurll,
1023 663 1057 719 ut
1071 674 1124 740 pro
1146 647 1202 718 καὶ
1224 648 1290 738 μήν
1310 655 1451 720 scriberel

293 746 344 818 aei
365 747 421 838 μή,
436 754 665 820 bacseuleutia:
688 756 830 820 etiamsi
852 774 924 820 nou
945 763 1076 840 paclus
1097 775 1192 829 sum,
1213 755 1285 820 boc
1305 756 1449 838 quidem

293 856 359 921 deo
380 865 449 932 est,
471 859 501 920 ic
517 878 544 919 ε.
560 858 617 921 boe
630 858 678 921 ille
690 877 779 922 suum
794 857 851 922 sibi
864 859 953 923 habel
966 876 1063 941 usquc
1077 859 1150 939 eripi
1165 857 1220 921 sibi
1235 858 1373 939 patietur,
1389 859 1451 923 scil.

294 968 327 1024 ut
340 978 458 1042 semper
473 958 657 1023 bacchamur.
702 960 770 1024 Nou
788 960 918 1045 ineptam
938 963 1015 1026 benc
1028 962 1204 1025 mamutium
1221 978 1285 1025 esee
1298 961 1450 1025 latendum

293 1070 348 1137 est,
368 1081 423 1125 uae
443 1062 591 1126 difficilem
611 1062 835 1143 correctionem,
856 1082 949 1144 quum
969 1064 1143 1145 praesertim
1169 1062 1199 1127 iu
1225 1063 1290 1127 cod.
1317 1062 1378 1127 Pal.
1405 1057 1451 1148 μή

293 1165 436 1248 scriplum
451 1165 500 1238 sil,
515 1182 697 1248 quamquam
708 1165 805 1228 littera
818 1185 836 1227 s
848 1183 938 1249 supra
954 1165 1071 1250 scripta.
1116 1165 1171 1228 alii
1185 1159 1285 1228 τοῦτό
1310 1158 1348 1247 γ’,
1371 1156 1452 1229 ἴσθι

293 1268 491 1341 coniecerunt,
507 1267 605 1331 miuus
620 1267 820 1349 probabiliter:
835 1286 891 1348 ego
905 1269 980 1332 nibil
992 1269 1169 1333 muteudum
1179 1276 1262 1350 puto,
1277 1268 1334 1330 nisi
1344 1267 1452 1331 distra-

293 1369 405 1433 hendas
429 1371 541 1434 litteras
563 1371 639 1435 mele
658 1371 848 1434 couiuuclas:
881 1366 938 1434 καὶ
959 1367 1023 1457 μὴν
1045 1365 1226 1454 ξυνεθέμην
1246 1363 1347 1434 τοῦτό
1368 1359 1396 1451 y'
1417 1361 1451 1446 ἔς

293 1490 325 1536 rs
349 1471 398 1558 τῷ
419 1467 508 1555 deci:
535 1480 571 1534 el
596 1489 684 1536 sans
711 1472 779 1537 boc
806 1473 950 1555 quidem
973 1474 1062 1537 mibi
1084 1491 1164 1537 cum
1185 1473 1253 1537 deo
1280 1473 1452 1536 convenil

294 1583 446 1660 propter
459 1574 617 1656 aliquam
638 1593 728 1645 rem,
751 1576 859 1657 quibus
874 1575 980 1649 verbis,
996 1578 1135 1640 consulto
1156 1575 1289 1639 obscuris
1304 1583 1336 1637 et
1356 1574 1450 1638 ambi·

293 1677 368 1760 guis,
384 1681 516 1761 patalam
533 1676 663 1741 Pentheo
678 1696 731 1760 par
744 1677 919 1741 bacchantes
930 1695 1033 1741 necem
1045 1679 1150 1742 innuis
1165 1677 1230 1742 llidi
1241 1685 1339 1742 aulem
1352 1684 1452 1760 poslaa

294 1781 325 1842 in
338 1779 464 1842 eandem
478 1779 675 1842 coniecturam
690 1780 778 1844 etiam
793 1779 1007 1845 Kircbboblum
1021 1781 1166 1845 incidisse.

380 1881 518 1945 Eiusdem
530 1881 644 1946 rabulae
660 1901 745 1946 versu
760 1884 821 1946 505
833 1883 876 1946 sic
889 1884 1077 1948 scribendum
1093 1885 1240 1968 suspicor:

416 1975 477 2049 ccix
499 1971 582 2048 οἶσβ
604 1977 624 2046 ὅ
646 2004 679 2047 τι
700 1978 760 2068 χρή
781 1976 823 2058 c',
848 1977 922 2048 οὔδ’
944 1975 965 2050 ii
987 1982 1076 2072 δρᾷς,
1100 1977 1174 2049 orid’
1197 1978 1291 2063 ὅστις
1312 1975 1353 2049 ei.

295 2104 387 2168 quum
413 2087 444 2151 iu
469 2087 619 2151 codicibus
643 2086 683 2150 sit
707 2079 763 2151 ὅτι
785 2082 842 2173 ζῇς
863 2079 936 2151 orid'
967 2080 1045 2174 ὁρᾷς
1071 2081 1146 2153 osid'
1173 2080 1267 2165 ὅστις
1288 2074 1329 2150 εἶ.
1372 2077 1455 2152 Eli

296 2183 376 2275 δρᾷς
390 2188 510 2270 quidem
524 2189 584 2252 iam
599 2188 646 2252 aiii
660 2196 872 2273 reposuerunl3
886 2192 1059 2274 producam
1074 2198 1142 2255 anm
1156 2185 1219 2275 χρή
1231 2192 1371 2274 syllabam
1386 2199 1452 2254 tuc-

294 2293 407 2356 bunlur
421 2290 570 2355 Seidlerus
584 2290 621 2353 ad
636 2291 705 2355 Eur.
728 2292 834 2356 Elcclr.
850 2312 877 2353 r.
897 2292 987 2357 1053.
1010 2295 1151 2376 Reisigius
1165 2295 1288 2357 conieci.
1308 2295 1321 2357 l
1337 2314 1365 2376 p.
1387 2294 1453 2357 101.

295 2393 461 2458 nudorum
477 2394 513 2458 ad
527 2393 675 2475 biscopo.
690 2394 761 2457 alch.
777 2414 804 2457 v.
821 2396 893 2458 545.

379 2497 414 2560 lu
430 2495 584 2580 Sophoclis
595 2496 745 2583 Oedipode
755 2498 789 2561 ll.
800 2518 826 2559 v.
842 2497 921 2561 1463
933 2499 1019 2564 verba
1030 2499 1187 2584 Oedipodis
1196 2498 1321 2562 filiarum
1332 2516 1454 2563 ruamur

296 2617 396 2664 curam
412 2599 531 2663 Creonti
545 2600 779 2663 commendantis
793 2598 866 2664 baec
880 2602 1029 2684 leguntur:

421 2702 503 2764 Teis
525 2693 559 2764 δ’
581 2693 719 2767 odilam
740 2695 887 2785 οἶκτραῖν
906 2724 942 2767 τε
965 2698 1153 2786 παρθένων
1174 2697 1278 2784 ἐμεῖν,

416 2790 470 2868 (εἶν
495 2795 535 2869 od
557 2795 683 2890 ΜΗ
712 2796 775 2891 ’psi
797 2803 896 2887 χωρὶς
917 2798 1044 2890 ἐστάθη
1066 2803 1170 2889 βορᾶς

416 2897 551 2991 τράπεζ’
573 2896 648 2971 ἄνευ
670 2898 765 2971 τοῦδ’
786 2899 916 2993 ἀνδρός,
940 2899 1008 2972 dll'
1032 2901 1120 2971 ὅσων
1140 2899 1203 2990 iyo'

417 3003 574 3093 ψαύοιμι,
598 3003 732 3074 πάντων
753 3002 849 3075 τῶνδ’
870 3003 923 3075 cisi
944 3007 1142 3097 μετειχέτην,

415 3111 489 3175 ταῖν
510 3132 570 3190 μοι
591 3106 767 3195 μέλεσθαι.

297 3218 354 3282 Sed
369 3217 400 3280 iu
414 3216 544 3280 secundo
559 3234 645 3279 versu
658 3216 730 3279 illud
744 3208 764 3301 ἡ
778 3208 833 3301 ’μή
848 3224 969 3302 propter
988 3218 1140 3298 sequentia
1160 3216 1247 3282 rerba
1267 3207 1343 3281 dno
1365 3210 1453 3281 τοῦδ’

296 3310 416 3402 ἀνδρός
441 3334 503 3379 uon
522 3317 671 3380 immerito
690 3318 857 3383 subtiliores
877 3320 994 3384 criticos
1015 3320 1147 3383 olleudil.
1201 3320 1276 3383 Nam
1302 3321 1364 3383 sire
1389 3320 1453 3402 quis

295 3420 392 3501 χωρίς
406 3436 474 3483 curu
489 3421 591 3504 βορᾶς
606 3420 777 3503 coniungat:
798 3423 980 3503 quaestione
995 3423 1125 3507 Oedipus
1140 3440 1224 3485 suam
1240 3440 1375 3486 mensam
1390 3424 1454 3486 siue

296 3522 367 3587 cibis
386 3540 538 3606 nunquam
560 3523 671 3606 absque
692 3532 787 3587 semel
800 3524 920 3613 'filiabus
939 3527 1104 3610 apposilam
1124 3524 1214 3599 dicat,
1236 3525 1355 3607 inlelligi
1374 3525 1453 3588 nollo

295 3628 386 3691 modo
406 3631 520 3711 poleet;
548 3627 609 3689 sive
629 3627 694 3707 quis
714 3644 781 3690 cum
805 3627 954 3691 Erfurdtio
975 3625 1080 3711 βορᾶς
1100 3622 1268 3709 τράπεζαν
1288 3628 1453 3711 eoniuugel.

294 3729 392 3811 χωρίς
408 3736 506 3793 aulem
527 3748 581 3813 per
600 3750 632 3793 se
653 3730 749 3792 solum
769 3730 892 3813 accipiat
910 3752 963 3816 pro
984 3749 1166 3804 seorsum,
1192 3732 1279 3813 idque
1306 3750 1374 3794 mor
1401 3749 1454 3813 per

296 3822 371 3896 deso
392 3823 487 3895 τοῦδ’
510 3822 629 3914 ἀνδρός
651 3833 796 3917 explicari,
812 3851 915 3897 rursus
929 3834 1111 3907 mirabimur,
1126 3852 1184 3916 qua
1198 3835 1454 3897 rationemeuscm

295 3933 406 4021 piosque
420 3953 484 3998 sese
504 3942 603 3998 umen
622 3954 706 3998 suam
726 3953 871 4016 mensam,
883 3937 979 4001 dicere
1000 3937 1131 4002 voluerii.
1175 3936 1256 4000 lianc
1278 3936 1316 3998 ob
1337 3954 1453 3999 eaumm

295 4036 351 4100 luit
366 4036 417 4119 qui
431 4055 486 4120 pro
501 4028 520 4122 ἡ
535 4027 593 4122 ’μή
607 4036 840 4102 interiectionem
855 4030 947 4119 οἴμοι
966 4039 1115 4116 scriberet,
1131 4058 1234 4124 pamm
1249 4038 1453 4123 probabilium

296 4138 463 4221 flamengus
485 4130 599 4202 οὔποτ’
621 4129 684 4225 ἤδη
707 4141 825 4224 scripsit
837 4140 926 4223 idque
946 4142 1108 4224 siguificare
1128 4142 1168 4205 ait
1189 4158 1375 4222 uunquam
1394 4142 1453 4205 ad·

296 4243 377 4315 buc,
394 4260 453 4324 quo
469 4259 558 4305 sensu
573 4242 645 4307 haec
659 4244 719 4307 duo
733 4243 867 4308 adverbia
881 4245 959 4307 iuler
972 4264 1004 4307 se
1016 4244 1153 4326 coniungi
1165 4243 1250 4307 solila
1261 4244 1341 4306 nullo
1353 4263 1453 4308 exem·

295 4345 345 4426 plo
358 4344 476 4427 prebui
491 4354 598 4428 polest.
645 4346 769 4430 Scripsit
779 4347 904 4411 lorlasse
919 4347 1081 4429 Sophoclea
1212 4420 1219 4431 ,
