3284 5152
690 492 840 596 ..¹2¹-

185 687 257 750 tlilt
278 685 422 749 tentent
440 684 841 768 p'ro'rinciavirgisquiul
856 686 1097 768 estalinclqnam
1113 682 1343 749 salustium

185 785 402 873 provincia?
421 788 471 851 Sic
486 788 574 870 igitur
593 792 690 873 putuit
708 790 797 853 etiam
817 788 972 872 Euripides
990 780 1086 852 (licere
1106 779 1186 872 ἀνὴρ
1209 778 1243 849 δ’
1264 776 1344 873 ‹ipt-

184 904 258 953 ονοοι
274 896 466 954 runcantem
481 906 574 974 quum
590 884 638 967 οἷς
659 883 763 975 ἄνδρα
783 893 870 967 dicat,
891 892 1055 974 comparari
1073 891 1132 953 hoc
1155 896 1255 973 potest
1272 900 1342 953 cun

185 993 624 1071 nostrosertnonerernaculo,
644 1012 704 1076 quo
724 995 901 1057 nouaclum
921 995 967 1057 (ln
992 993 1062 1056 laist
1079 993 1184 1055 Maon
1202 996 1343 1073 gouer»

185 1096 254 1159 (len
275 1096 410 1171 dicimur,
425 1095 477 1158 sed
492 1096 582 1160 etlam
597 1097 643 1160 du
662 1095 735 1159 list
751 1112 829 1160 zum
849 1096 975 1161 Manna
994 1095 1199 1178 gonorian.
1237 1093 1277 1156 Et
1294 1093 1343 1159 in-

185 1197 268 1262 emit
281 1196 451 1280 Euripidem
466 1198 591 1263 lottasse
605 1202 695 1264 etlam
707 1202 775 1276 hoc,
790 1199 871 1281 quod
888 1198 974 1279 vulgo
996 1192 1032 1263 tu
1054 1189 1191 1272 ποιούς,
1213 1188 1251 1259 lat
1270 1208 1344 1277 μεοε

185 1302 299 1384 cuntot
321 1301 377 1363 ‹ltci
392 1303 467 1365 solet
481 1320 535 1383 pro
554 1302 669 1367 inclca
690 1303 862 1386 pueritia,
884 1302 925 1364 alt
944 1301 1214 1375 coalescentia,
1237 1310 1343 1382 quern·

184 1404 345 1467 comacum
365 1405 453 1466 etiam
473 1403 562 1468 latine
582 1403 727 1487 apneio
748 1404 866 1481 dicitur,
886 1412 921 1468 ut
941 1423 987 1486 ap.
1003 1402 1176 1466 Ciceronem
1191 1403 1229 1466 al
1242 1400 1343 1466 Fami.

185 1505 262 1581 xm,
281 1505 335 1568 to:
361 1505 515 1570 Doctum
541 1506 729 1572 hominem
750 1507 915 1589 cognovi,
935 1507 1083 1588 idquae
1103 1520 1228 1589 puero

269 1607 311 1671 lle
325 1608 405 1672 lonis
421 1609 514 1672 omlis
531 1630 555 1672 u
574 1609 651 1675 336:

384 1712 495 1792 βωμοί
513 1703 547 1792 μ’
568 1704 709 1798 ἔφερβον
731 1706 859 1777 οὑπιών
879 1703 907 1775 τ’
928 1705 982 1775 οἷοὶ
1005 1703 1096 1788 ξένος

185 1813 297 1877 dietum
312 1815 403 1877 estin
417 1815 508 1877 schol.
524 1815 561 1877 ad
583 1817 694 1897 prolog.
715 1832 742 1879 r.
763 1817 814 1893 52,
835 1812 887 1879 otri
906 1815 1049 1897 puerulus
1065 1813 1194 1877 nutritas
1212 1828 1277 1876 esee
1298 1812 1344 1877 ul—

184 1916 305 1978 cenatur
325 1907 414 2000 ἀμφὶ
433 1916 579 1997 βωμίονς
599 1912 725 2001 τροφᾶς
747 1910 924 1999 ἀλώμενος,
947 1918 1086 1999 quodque
1100 1910 1169 1980 mox
1184 1934 1211 1978 r.
1231 1914 1293 1978 343
1307 1913 1344 1978 cle

182 2019 290 2082 vestitu
304 2019 353 2094 alt,
368 2016 439 2094 τοῖς
459 2018 521 2082 τοῦ
541 2016 625 2082 θεοῦ
646 2011 860 2100 κοσμούμεθ’,
885 2007 1138 2105 «plechelmum,
1157 2016 1275 2082 lacibm
1288 2018 1344 2081 lu-

98 2180 102 2185 .
182 2120 233 2183 bet
247 2119 481 2202 explicationem.
511 2120 625 2203 Quippe
641 2121 784 2185 ministris
798 2121 901 2203 templi
921 2128 951 2184 et
969 2120 1121 2196 nemoris,
1143 2136 1202 2202 qno
1222 2134 1345 2183 munere

183 2223 285 2287 lenem
299 2223 382 2304 iungi
401 2223 526 2286 vidimus
546 2222 583 2286 ad
600 2242 626 2285 v.
650 2222 705 2299 54,
729 2243 766 2287 ex
785 2224 888 2307 templi
909 2224 1022 2288 aerario
1041 2224 1153 2287 rictum
1172 2224 1345 2306 cultumque

183 2326 315 2408 eorporis
330 2324 462 2407 praeberi
473 2334 704 2390 consentaneum
720 2327 786 2390 tuit.

269 2428 497 2508 nosemiata,

382 2524 525 2594 τάλαινά
544 2522 574 2595 c'
594 2522 615 2614 ἦ
637 2521 763 2594 cuaoo’
784 2523 859 2615 ἡέες
879 2520 957 2595 ποτ’
979 2516 1019 2614 ἦν
1041 2520 1127 2613 ἄρα*

183 2633 356 2696 monuimus
370 2633 428 2696 iam
443 2652 541 2716 supra,
552 2635 588 2698 ad
600 2653 625 2697 r.
640 2633 710 2707 305,
721 2634 878 2696 lectionem
889 2634 1032 2697 incertam
1044 2651 1119 2697 esse.
1141 2631 1215 2694 Nam
1228 2630 1334 2693 etiams

182 2736 403 2799 collocationem
418 2736 604 2817 pronominis
618 2736 702 2798 lacile
717 2735 857 2799 delendas
871 2736 1016 2800 similibus
1035 2734 1192 2815 exemplis,
1211 2750 1340 2815 quorum

180 2838 223 2902 ibi
236 2840 420 2902 mentionem
433 2838 567 2911 isumus,
582 2839 748 2919 spondeum
769 2843 868 2901 tamen
887 2840 919 2901 in
936 2838 1011 2921 pede
1030 2845 1134 2919 quarto
1147 2835 1340 2900 'lhmnorum

181 2959 244 3005 non
263 2951 367 3023 poetae
387 2943 472 3023 culpa
490 2940 653 3021 admissum
678 2959 744 3003 esse
768 2941 966 3005 certissimum
981 2947 1036 3004 est.
1068 2941 1170 3022 Neque
1189 2937 1341 3020 probanda

181 3051 228 3107 est
241 3043 357 3108 lodrelli
370 3044 538 3108 coniectura
551 3043 589 3107 ab
602 3042 772 3106 Hermanno
787 3043 933 3125 adoptata,
948 3037 1090 3106 τάλαινα
1104 3033 1133 3106 o'
1151 3032 1173 3127 ἡ
1188 3037 1341 3105 τεκοῦσα·

180 3146 232 3221 τίς
252 3137 328 3209 ποτ’
351 3135 390 3229 ἦν
412 3134 494 3227 ἶίρα,
514 3147 590 3211 Nam
616 3164 714 3228 neque
739 3139 814 3230 ἥτις
835 3164 889 3228 pro
914 3145 963 3222 τίς
987 3151 1038 3209 aut
1056 3144 1182 3209 librariis
1201 3152 1252 3209 aut
1273 3161 1340 3208 cor·

180 3248 288 3312 rectori
302 3248 402 3312 deberi
416 3249 477 3313 reri
492 3250 588 3313 simile
602 3257 664 3324 est,
686 3267 796 3329 oeque,
818 3249 843 3312 si
861 3241 912 3324 τίς
932 3256 1111 3330 reponatur,
1129 3252 1233 3330 aptum
1251 3245 1341 3310 videri

181 3357 280 3431 potest
293 3369 373 3415 nunc
387 3355 492 3416 iterum
515 3371 656 3436 quaerore
676 3352 830 3425 Creusam,
852 3370 995 3432 quaenam
1017 3351 1169 3414 maturuit
1189 3349 1283 3425 lonis,
1303 3350 1340 3412 tle

181 3470 240 3535 qua
254 3452 326 3516 nrlril
346 3454 415 3517 huie
433 3463 618 3537 compertum
638 3473 704 3518 esse
724 3455 783 3517 iam
803 3461 887 3529 ante,
908 3474 933 3516 v.
956 3452 1031 3528 331,
1053 3453 1212 3518 audiverat
1247 3452 1340 3517 Causa

181 3556 391 3637 corrumpendi
412 3575 514 3620 versus
535 3566 599 3621 orta
619 3557 734 3620 ridetur
754 3576 789 3620 er
809 3557 968 3621 omissione
986 3556 1144 3640 particulae
1163 3546 1245 3636 ἄρα,
1265 3571 1341 3636 quae

180 3675 273 3738 quum
288 3659 319 3721 in
334 3660 465 3741 margine
477 3661 625 3743 adsumpta
638 3668 726 3735 esset,
741 3679 758 3722 a
773 3669 938 3724 correctore
957 3652 1018 3724 non
1032 3680 1068 3724 eo
1083 3678 1142 3742 quo
1156 3657 1358 3721 debellatio.

178 3777 223 3834 co,
239 3767 307 3842 post
318 3753 471 3837 adiuero,
485 3763 538 3826 sed
553 3764 584 3826 in
598 3771 732 3826 extremo
749 3781 834 3826 versu
848 3765 986 3847 reposita,
1001 3764 1099 3827 hiatus
1114 3770 1215 3826 autem
1230 3758 1339 3823 vitandi

180 3878 267 3926 causa
276 3880 452 3944 pronomen,
469 3866 549 3946 quod
563 3874 632 3946 post
644 3861 785 3929 cancico
795 3866 861 3941 luit,
873 3868 951 3930 inter
960 3861 1103 3928 τάλαινα
1114 3872 1143 3927 et
1154 3856 1174 3950 ἦ
1185 3864 1340 3937 insertum,

180 3971 210 4027 et
225 3984 300 4047 quae
313 3974 466 4047 praeterea
478 3977 606 4031 metrum
622 3968 731 4030 mutari
746 3968 893 4048 flagitabat
907 3976 1019 4033 munta
1034 3975 1114 4033 sunt.
1144 3968 1236 4033 liceto
1253 3965 1341 4047 igitur

179 4067 336 4131 verborum
352 4069 455 4133 ordine
470 4070 609 4134 restituto
625 4088 725 4134 versus
741 4070 834 4133 evadit
848 4071 912 4135 hic:

381 4163 512 4235 τάλαιν’
534 4163 589 4254 ἄρ’
611 4164 632 4256 ἦ
654 4166 794 4235 τεκοῦσά
815 4164 854 4249 α’,
876 4164 949 4258 ἥτις
971 4162 1012 4258 ἦν
1033 4190 1130 4237 ποτε·

181 4272 430 4351 quemadmodum
445 4275 606 4349 [lobraeuc
621 4274 804 4351 Diodorum,
825 4276 1009 4358 llartungus,
1028 4277 1196 4341 Badhamus
1214 4274 1340 4358 scripte·

180 4380 261 4437 runt.
291 4376 329 4439 Et
344 4377 386 4440 sic
400 4377 487 4442 etiam
502 4380 599 4460 aptior
612 4379 645 4441 lit
658 4377 738 4441 lonis
752 4378 907 4459 responsio
921 4397 948 4442 u.
966 4378 1044 4444 337:

381 4470 528 4564 ἀδίκημά
548 4501 607 4545 τοο
629 4476 783 4565 γυναικός
804 4473 960 4565 ἐγενόμην
973 4472 1072 4559 ἴσως·
