3164 5138
89 612 181 675 mimo
197 612 291 673 tuerat
300 619 444 692 tantaque
455 610 561 674 virium
575 628 691 673 suarum
708 609 876 685 diffidentia,
890 619 924 675 ut
938 612 1005 693 luga
1015 611 1137 676 sdutm
1148 614 1248 695 quaeri

89 714 175 787 vellet,
189 732 312 795 prorsus
328 712 418 775 alium
434 712 556 793 prodire
570 712 711 773 videmus.
756 712 839 776 Nulla
853 714 911 777 iam
925 715 1040 777 timoris
1055 715 1177 791 mentio,
1193 716 1246 779 sed

91 835 203 879 summa
220 816 257 878 ad
277 815 476 877 dimicandum
498 813 646 888 alacritas,
665 822 804 894 tantaque
817 816 861 878 ris
881 835 917 878 ac
930 816 1082 891 fortitudo,
1096 826 1130 881 ut
1143 818 1245 883 hostes

92 918 234 1003 usquead
253 917 336 980 urbis
356 918 475 979 moenia
500 917 632 997 repellat,
656 917 842 998 videaturque
860 919 939 981 haud
958 918 1077 981 dubiam
1095 919 1246 983 victoriam

91 1030 290 1103 reportaturus
305 1020 411 1093 nosse,
427 1019 484 1081 uisi
499 1018 598 1081 multis
612 1019 768 1098 prostratis
784 1021 953 1084 aduersariis
969 1021 1085 1084 mudem
1105 1022 1169 1103 ipse
1183 1022 1245 1087 vul-

90 1131 205 1189 neratus
220 1122 359 1186 excedere
374 1122 487 1202 proelio
503 1130 664 1202 cogeretur.
699 1121 849 1186 Couiicere
864 1123 982 1204 quidem
996 1142 1173 1205 possumus,
1188 1142 1246 1204 qua

89 1228 199 1289 ratiorm
213 1227 288 1289 llaec
299 1233 382 1289 tana
395 1225 450 1287 viri
463 1224 585 1286 mutatio
600 1224 700 1286 effecta
714 1223 766 1287 sit:
782 1243 889 1307 nempe
906 1226 1004 1307 pudor
1017 1226 1124 1307 prioris
1140 1227 1245 1307 despe-

88 1329 210 1391 rationis
224 1337 255 1390 et
267 1327 439 1408 mgnitudo
456 1326 632 1389 discriminis
645 1326 780 1389 stimulos
796 1327 893 1390 auimo
914 1327 976 1389 eius
991 1327 1179 1402 adsiduum,
1194 1328 1247 1392 sed

88 1432 225 1493 vellemus
238 1438 341 1493 tamen
355 1428 384 1489 id
401 1429 487 1491 etiam
502 1448 518 1490 a
532 1436 619 1509 poeta
634 1438 896 1492 commemoratum
912 1448 990 1502 esse,
1006 1448 1098 1510 quum
1112 1448 1247 1512 praeser-

88 1533 137 1595 tim
150 1534 228 1613 epici
242 1530 381 1595 carminis
396 1530 471 1592 ratio
486 1530 637 1609 ipsiusque
651 1530 770 1592 Homeri
790 1531 972 1595 consuetudo
987 1533 1136 1612 postulare
1150 1532 1248 1594 videa·

87 1644 146 1711 tur,
160 1644 195 1697 ut
210 1635 244 1697 in
257 1632 429 1696 huiusmodi
443 1632 545 1706 rebus,
560 1651 634 1713 quae
648 1633 788 1712 grauioris
804 1633 840 1696 ad
855 1635 1002 1697 actionem
1016 1634 1159 1697 momenti
1169 1641 1247 1705 sunt,

85 1755 146 1800 nou
158 1737 263 1799 solum
274 1734 344 1817 quid
360 1735 473 1813 egerint
486 1734 632 1807 homiues,
647 1734 794 1797 sedetiam
811 1736 917 1816 quibus
932 1736 1027 1800 causis
1042 1755 1076 1799 ac
1085 1735 1247 1801 rationibus

85 1839 173 1902 ammi
187 1855 299 1901 eorum
311 1836 348 1899 ad
363 1836 508 1915 agendum
523 1836 642 1916 impulsi
658 1836 726 1910 siut,
742 1835 858 1899 disertis
872 1838 969 1901 verbis
983 1838 1137 1913 indicetur,
1151 1856 1249 1919 neque

86 1942 256 2004 auditorum
278 1939 461 2001 coniecturae
481 1937 713 2000 subaudiendum
728 1939 916 2020 relinquatur.
965 1940 1047 2002 Hanc
1066 1941 1104 2004 ob
1130 1959 1248 2005 causam

88 2044 172 2106 etiam
188 2041 369 2115 Nitzsclrius,
384 2060 414 2120 p.
430 2040 502 2113 224,
528 2041 630 2102 deesse
655 2040 761 2122 aliquid
781 2040 811 2102 iu
836 2042 891 2103 hac
908 2050 989 2124 parte
1013 2042 1135 2118 iudicat,
1162 2043 1249 2124 idque

88 2155 234 2208 resectaxm
249 2143 407 2206 arbitratur
421 2140 458 2204 ab
472 2141 523 2215 iis,
537 2143 587 2222 qui
602 2142 632 2204 in
648 2142 852 2223 componenda
866 2143 952 2206 Iliade
971 2144 1047 2206 iuter
1064 2145 1248 2225 superiorem

87 2246 290 2310 dandonem
299 2246 337 2306 de
346 2245 575 2325 Agamemnonis
586 2244 790 2324 desperatione
801 2245 894 2324 deque
903 2245 1047 2325 legatione
1061 2245 1099 2308 ad
1110 2245 1247 2308 Achillem

89 2349 269 2431 placandum
288 2347 379 2409 missa
398 2358 428 2408 et
446 2346 523 2409 hanc
541 2347 578 2408 de
597 2345 723 2425 proximi
744 2346 801 2408 diei
815 2346 934 2427 proeliis
953 2346 1128 2411 inseruerint
1141 2347 1248 2411 librum

88 2452 237 2514 dommum
253 2449 291 2510 de
302 2457 446 2511 nocturna
461 2447 507 2511 illa
518 2447 730 2528 exploratione:
746 2448 926 2529 quodquam
938 2457 997 2512 tam
1008 2448 1067 2511 acri
1079 2450 1250 2530 ceteroquin

89 2553 209 2617 unitatis
229 2553 263 2613 iu
282 2552 368 2615 lliade
382 2559 410 2613 et
436 2549 635 2613 continuitatis
655 2549 802 2613 deleusori
820 2549 915 2614 nsum
934 2552 985 2626 sit,
1008 2551 1095 2615 nobis
1114 2552 1248 2634 prolecto

89 2674 149 2719 nou
164 2655 250 2717 aliter
265 2653 355 2716 uteri
369 2652 463 2714 debet.

174 2756 317 2836 Sequitru
325 2755 413 2835 longa
424 2754 615 2817 certaminum
627 2755 728 2829 series,
742 2753 836 2818 donec
846 2754 965 2817 tandem
978 2754 1102 2817 Achilles
1114 2755 1249 2817 Patroclo

90 2870 121 2921 ut
134 2858 338 2921 laborantibus
353 2857 471 2919 Graecis
484 2875 572 2937 opem
586 2858 659 2918 lerat
674 2856 820 2929 concedit,
840 2875 935 2938 eoque
948 2856 1047 2919 occiso
1065 2856 1131 2937 ipse
1145 2874 1249 2919 rursus

91 2982 171 3025 arma
191 2961 284 3041 capit,
310 2978 397 3040 quam
422 2966 535 3038 partem
554 2958 683 3039 lleynius
703 2966 776 3020 tom.
803 2957 867 3022 lllll
880 2977 913 3038 p.
933 2956 992 3020 781
1014 2974 1076 3020 uon
1102 2958 1249 3020 immerito

90 3064 265 3144 primariam
283 3062 379 3124 lliadis
398 3069 427 3124 et
446 3060 528 3141 quasi
552 3059 708 3123 medullam
729 3079 796 3122 esse
814 3060 893 3122 dicit.
941 3059 1015 3123 Nam
1035 3078 1107 3123 saue
1134 3079 1251 3123 summa

90 3186 191 3230 rerum
205 3165 354 3228 eiusmodi
369 3171 428 3239 est,
449 3182 504 3243 qua
526 3161 617 3225 careri
631 3162 664 3225 in
679 3162 770 3225 totius
785 3161 923 3225 carminis
942 3162 1157 3242 compositione
1171 3161 1251 3224 nullo

91 3269 182 3331 modo
198 3266 335 3349 potuisse
349 3271 501 3349 appaream
519 3265 572 3327 sed
590 3263 660 3327 huic
672 3283 807 3329 suurmac
820 3263 911 3327 multa
926 3271 1023 3328 tamen
1038 3264 1174 3327 adiuncta
1187 3281 1253 3326 esse

90 3371 265 3444 menime,
291 3369 408 3449 quaesi
427 3368 564 3431 abessent
577 3384 640 3429 nou
654 3366 900 3441 desideraremus,
925 3373 976 3429 aut
994 3364 1080 3428 mam
1098 3366 1252 3428 mallemus

90 3473 206 3537 abesae.
252 3471 344 3534 Tanta
363 3470 442 3534 euim
466 3471 496 3532 iu
513 3468 593 3531 brevi
612 3470 708 3552 spatio
728 3476 912 3532 coacervatur
932 3468 1087 3531 multitudo
1106 3486 1205 3531 rerum
1224 3474 1253 3529 ct

89 3576 228 3650 varietas,
243 3592 331 3654 quam
346 3580 437 3635 totam
453 3571 551 3634 auimo
563 3571 716 3653 complecti
728 3571 790 3634 sino
806 3589 907 3634 errore
921 3578 970 3633 aut
984 3570 1157 3633 confusione
1166 3569 1252 3633 edam

92 3687 209 3741 attento
225 3675 342 3749 lectori,
360 3676 471 3738 nedum
494 3673 632 3749 auditori,
652 3674 854 3737 difficillimum
873 3673 918 3735 sit
962 3672 1157 3752 Posteaquam
1176 3672 1252 3750 Aga·

90 3799 239 3845 memnon
260 3778 375 3842 mucius
394 3776 506 3859 proelio
525 3776 663 3849 excessit,
682 3794 811 3855 moxque
829 3775 915 3838 ειίεω
933 3775 1089 3837 Diomedes
1108 3780 1138 3836 et
1157 3772 1253 3835 Ulixes

91 3893 219 3966 propter
233 3882 351 3944 vulnera
366 3880 469 3943 cedere
483 3879 575 3943 coacti
590 3887 667 3951 sunt,
681 3877 814 3952 Achilles,
830 3878 867 3940 de
880 3877 961 3940 navis
976 3896 1048 3940 suae
1061 3875 1153 3958 puppi
1168 3893 1253 3956 spec·

91 3987 185 4049 tando
205 3983 358 4048 certamini
376 3984 520 4058 intentus,
539 4000 630 4063 quum
644 3980 833 4044 Machaomm
852 3979 957 4053 videat,
978 3981 1046 4042 item
1062 3978 1209 4053 saucium,
1224 3977 1255 4037 in

93 4086 230 4151 Nestoris
246 4106 335 4150 curru
349 4087 386 4149 ad
402 4093 498 4148 castra
510 4092 672 4159 ceredum,
687 4101 782 4164 neque
796 4082 867 4147 satis
882 4090 961 4146 certo
976 4081 1127 4144 honuuem
1147 4097 1255 4159 agnos·

95 4200 146 4265 cat,
161 4189 333 4253 Patroclum
348 4188 392 4250 ire
405 4186 487 4252 iubet
500 4189 566 4269 quis
580 4187 627 4249 ille
641 4186 681 4248 sit
695 4185 882 4247 sciscitatum.
908 4183 937 4245 ls
947 4182 1081 4245 Nestoris
1095 4181 1256 4243 tentorium

97 4292 246 4374 ingressus
267 4292 397 4355 verboso
416 4307 554 4353 sermone
573 4289 731 4362 detinetur,
755 4287 838 4350 cuius
857 4293 970 4366 partem
995 4284 1082 4364 longe
1101 4281 1257 4343 maximam

98 4396 187 4463 odosa
200 4405 230 4463 ct
242 4392 410 4463 inamodica
428 4392 601 4475 loquacitate
615 4390 771 4455 molestam
790 4408 857 4452 esse
870 4386 1168 4548 llitzschiugquoque
1187 4382 1259 4501 spte-
