3178 5136
658 444 722 510 259

107 630 270 693 mamoaim
282 631 424 712 prodidit,
437 631 622 707 inmun,
641 632 847 713 interrogativa
861 635 978 715 quidun
993 643 1020 699 et
1034 635 1148 701 infinita
1158 646 1187 699 et
1198 655 1271 717 qua-

108 734 195 799 litat'u
209 744 242 797 ot
255 736 428 816 quantitatis
441 734 618 816 pronomina
637 754 655 799 a
673 735 813 815 Dionysio
828 736 938 815 paritor
956 745 1044 821 atque
1061 737 1098 801 ab
1113 738 1268 819 Apollonio

109 846 138 900 et
152 837 326 901 Herodiano
346 838 379 901 in
397 837 567 903 nominibus
587 846 739 901 numerata
758 856 826 901 osso
848 838 995 916 uiuam),
1020 840 1057 903 do
1079 839 1269 903 substantivis

109 948 208 1003 auten
222 940 454 1021 pronominibus
467 941 704 1005 demonstrantis
719 959 842 1022 prorsus
857 949 944 1014 taem,
964 942 1044 1022 quod
1063 960 1124 1005 non
1145 944 1270 1017 iecisset,

108 1043 233 1124 opinor,
247 1061 346 1125 naqm
359 1044 400 1107 ita
412 1042 586 1124 Dionysium
600 1062 668 1105 oum
683 1042 798 1105 duobus
813 1043 909 1106 alteris
925 1043 1135 1119 ooniunaiaset‚
1149 1045 1175 1107 si
1191 1052 1269 1109 tanta

109 1146 185 1208 inter
199 1153 346 1226 utrmque
360 1145 506 1208 mensio
521 1146 633 1209 btiaaot
663 1145 763 1226 itaque
776 1162 867 1226 quum
887 1164 982 1226 nequo
1001 1156 1270 1211 oommomorontur

108 1250 139 1311 in
157 1247 294 1329 Dionysii
312 1247 387 1311 libro
406 1249 480 1312 baeo
496 1248 674 1329 pronomina
691 1249 723 1311 in
742 1248 927 1321 nominibus,
946 1266 1041 1329 nequo
1061 1249 1216 1330 quisquam
1236 1270 1270 1315 oa

109 1350 154 1413 ua
168 1349 310 1413 attribute
325 1349 362 1413 ab
376 1368 412 1411 eo
426 1350 518 1412 tunsae
532 1357 662 1424 testetur,
677 1350 802 1432 deniquo
815 1350 893 1413 nnita
908 1350 1069 1430 probabilis
1082 1351 1157 1417 ratio
1174 1353 1270 1417 etiarm

108 1451 220 1532 possit,
239 1469 294 1516 our
307 1450 444 1515 bonrum
463 1451 567 1514 ieobse
586 1451 751 1525 prodamus,
770 1452 856 1532 pune
875 1461 1015 1532 tanquam
1033 1452 1269 1517 commenticiam
1287 1470 1303 1521 s

109 1574 143 1618 aa
157 1564 274 1617 temere
286 1554 441 1617 mutinam
455 1553 594 1618 (domenii
607 1561 637 1617 at
650 1553 780 1619 Lorsobii
800 1553 970 1635 opinionem
988 1554 1185 1639 respuendam
1204 1575 1272 1621 osso

111 1663 255 1739 ⁸i¹i¹²ffl¹
270 1662 307 1733 ¹)·
773 1668 776 1675 ’

195 1759 259 1822 iam
279 1758 317 1821 do
334 1758 426 1823 altero
445 1750 578 1845 ὄρθρων
601 1754 775 1823 δεικτικῶν
798 1776 904 1838 gauere
929 1759 1087 1827 vitandum
1109 1769 1164 1825 eat
1197 1761 1270 1824 Nam

110 1863 159 1942 qui
179 1861 219 1923 do
240 1858 379 1923 omnibus
403 1861 436 1923 in
460 1861 630 1925 umreraum
654 1860 883 1941 pronominibus
907 1861 983 1927 bauo
1007 1862 1271 1943 appstuttouana

110 1961 253 2043 bionyaio
274 1969 446 2042 usurpatam
469 1981 535 2025 esso
556 1982 591 2025 oa
613 1963 758 2045 tpottontt
781 1963 878 2027 vorbis
902 1963 1022 2043 collinit,
1043 1964 1068 2029 io
1091 1982 1152 2028 non
1173 1973 1272 2046 potest

111 2082 172 2127 non
193 2064 284 2127 ot'nm
308 2064 475 2144 personalia
499 2066 677 2145 pronomina
702 2065 741 2129 ita
762 2065 799 2129 ab
819 2085 855 2129 eo
880 2067 1021 2146 appellata
1038 2068 1166 2131 tradere.
1207 2068 1271 2131 iioe

111 2174 210 2229 autem
229 2164 282 2245 qui
303 2164 473 2245 potueritoi
490 2165 522 2229 in
536 2178 666 2231 mentem
679 2168 789 2233 venire.
815 2168 864 2248 qui
884 2176 983 2231 tauron
1001 2167 1048 2233 bis
1068 2159 1273 2249 ἀντωνυμία

111 2285 224 2331 namur
235 2267 325 2331 auam
339 2267 506 2348 abionyaio
520 2269 645 2334 inditum
659 2290 724 2333 esse
738 2289 799 2335 non
811 2270 932 2345 dubitet,
947 2270 1062 2335 difficile
1076 2280 1121 2335 est
1135 2272 1172 2335 ad
1186 2271 1272 2337 intei-

111 2371 272 2452 iigmdum.
300 2370 360 2437 Cur
374 2371 451 2435 euim
467 2362 672 2453 innovatae
685 2373 842 2454 Dionysius
856 2373 971 2448 dixerit,
984 2373 1043 2437 nisi
1057 2373 1124 2454 quia
1138 2361 1273 2459 sindono

111 2473 338 2555 appeliationem
355 2473 386 2535 in
413 2475 577 2553 pomonab'a
601 2476 780 2556 pronomina
798 2494 860 2539 uon
881 2475 1037 2539 eonvenite
1056 2473 1216 2541 intellexit?
1244 2485 1274 2541 at

113 2594 165 2641 our
181 2571 339 2640 omaso
356 2575 430 2641 baso
447 2593 567 2660 quoque
584 2578 741 2654 vocaverit,
758 2597 850 2660 quum
869 2570 1016 2655 δείξεως,
1036 2596 1110 2659 quae
1129 2598 1198 2642 roro
1216 2579 1272 2641 dioi

120 2754 201 2761 -0-

113 2842 362 2911 vinastbpoilonio,
375 2842 505 2910 quominus
511 2842 618 2893 alterum
630 2856 710 2905 penus
723 2838 870 2902 nominibus,
879 2840 987 2892 alterum
999 2840 1187 2908 pronominibus
1196 2841 1271 2892 attri-
1297 2846 1302 2853 '

113 2926 214 2980 inorata
231 2935 260 2980 et
276 2934 393 2996 apparat,
411 2941 515 2994 prorsus
530 2926 617 2977 eadam
633 2925 735 2977 illorum
753 2925 877 2976 nominum
892 2925 1047 2994 definitione,
1066 2941 1114 2994 qua
1135 2926 1271 2994 Dionysius

112 3015 202 3079 sum,
216 3015 294 3066 otia!
306 3012 465 3082 Apoflonian
477 3012 515 3063 ati
525 3012 649 3078 potuim

182 3099 226 3164 to>
244 3099 368 3152 Priscian.
380 3099 412 3151 de
422 3096 472 3151 xit
482 3112 552 3150 vara·
565 3097 628 3149 Aen.
642 3113 664 3151 o.
677 3096 701 3149 8.
714 3095 732 3163 b
746 3095 803 3149 tto.
815 3103 875 3148 ton.
888 3094 917 3151 il.
929 3113 953 3164 p.
970 3096 1020 3151 329
1032 3095 1077 3151 ltr.
1090 3097 1272 3165 „supputatas

112 3187 237 3239 diatieaaa
250 3186 379 3254 (ioqnitur
393 3191 476 3236 autem
494 3184 525 3235 de
541 3186 610 3251 prob,
622 3184 676 3250 poi,
693 3181 786 3249 pata,
801 3181 872 3248 tolia,
885 3185 1011 3248 quantur,
1029 3187 1127 3249 teratur,
1139 3188 1212 3249 quot,
1225 3187 1270 3244 tot)

113 3272 272 3340 Apollonias,
284 3270 441 3321 {iamdianua
453 3276 481 3319 ot
492 3266 628 3336 Dionysius
640 3268 707 3317 inter
725 3267 822 3318 aomina
838 3265 1022 3317 rationabiliter
1037 3268 1201 3333 posuerunt“
1223 3266 1273 3318 tte-

112 3357 191 3408 etioro
203 3356 293 3407 ordine
306 3356 352 3405 boa
365 3353 474 3405 nominat
485 3351 568 3419 paniio
579 3346 644 3402 inira
656 3367 678 3401 o.
691 3350 730 3401 lt).
741 3352 756 3416 ς
768 3349 824 3400 tto.
837 3366 861 3417 p.
874 3350 936 3400 340:
950 3349 1068 3415 „iadaita
1077 3352 1119 3402 rai
1128 3353 1272 3418 iuterroga-

111 3444 163 3494 tiaa
176 3442 221 3493 vai
232 3440 342 3493 relativa
352 3439 395 3491 rai
408 3437 531 3489 redditiva
544 3436 680 3504 Dionysius
693 3441 720 3486 at
731 3434 879 3501 Apollonius
888 3442 916 3486 at
925 3435 1080 3486 Herodianus
1090 3438 1273 3488 rationabiiitar

112 3528 179 3579 iataa
190 3526 293 3578 nemias
303 3531 451 3594 posuerunt.
475 3524 540 3575 Sunt
550 3529 634 3574 auum
646 3521 802 3573 substantiae
817 3520 859 3570 val
872 3520 1000 3587 munda
1012 3520 1054 3571 vei
1071 3522 1217 3586 quantitatis
1229 3520 1271 3572 vei

112 3613 210 3664 meri
223 3611 363 3664 tuamne!

181 3699 224 3762 ii)
242 3699 267 3751 Α
278 3698 433 3765 pbilosophis
445 3695 575 3764 permultis
585 3694 667 3745 omnia
679 3693 865 3754 isanbertum,
879 3705 941 3758 quaa
951 3690 1272 3757 grammadoiapronomiaa

112 3791 179 3847 sant,
192 3785 219 3835 in
232 3782 373 3833 nominibus
385 3788 514 3833 numerata
527 3795 585 3831 ease
598 3793 669 3830 nemo
682 3779 789 3842 ignorat.
824 3776 928 3827 baiiioet
938 3774 1054 3826 iaormnt
1069 3776 1116 3826 boa
1127 3777 1271 3827 necessario

111 3870 128 3920 ii
141 3884 239 3933 maes,
252 3868 294 3936 qui
306 3867 368 3918 duaa
380 3865 556 3930 tautummodo,
568 3879 632 3931 quar
644 3877 705 3913 vora
717 3861 764 3912 diri
777 3866 893 3928 possent,
908 3866 994 3927 partas
1011 3861 1132 3912 untionis
1150 3874 1273 3925 agrosca-

110 3962 178 4019 rent,
188 3955 222 4004 de
234 3953 323 4020 quibus
335 3952 422 4003 boatb.
435 3950 529 4004 iatrod.
541 3951 573 4001 ad
585 3949 731 4017 syllogism.
744 3964 768 4014 p.
780 3947 828 3997 tot
843 3947 911 3998 bas:
925 3944 1088 4013 „Pbiiaaopbi
1099 3972 1134 3984 -
1145 3947 1208 3997 duaa
1217 3952 1273 3997 taa·

110 4044 165 4087 tura
176 4037 302 4088 orationis
320 4043 406 4104 partas
426 4036 649 4099 rasomonorum,
666 4032 783 4100 quidquid
799 4032 898 4099 plana·
914 4031 1122 4095 signidaatienom
1143 4038 1226 4094 tonat,
1250 4033 1273 4082 ai

110 4122 212 4187 quidam
234 4121 288 4171 aiae
308 4128 421 4187 temporo
437 4119 574 4185 signifieat,
592 4133 681 4177 nonos
697 4124 831 4180 vooanma,
843 4116 947 4167 verbum
958 4130 1036 4183 varo,
1050 4119 1071 4169 si
1083 4132 1138 4168 oum
1152 4124 1272 4181 tompore.

109 4206 197 4271 atquo
214 4206 271 4257 idae
287 4205 407 4258 adverbia
423 4205 519 4272 quidem
536 4211 611 4270 atque
628 4203 774 4270 pronomina
791 4200 930 4252 nominibus
952 4202 1067 4266 iungunt:
1089 4203 1143 4251 siue
1162 4207 1273 4264 tenpore

109 4293 178 4343 eain
191 4291 306 4357 quidda·
318 4291 482 4342 eonadtatma
494 4289 671 4356 definitumque
682 4286 852 4353 atprttemw
875 4286 912 4337 Gi.
922 4293 949 4337 et
960 4286 1073 4338 Ammon.
1086 4287 1117 4337 ad
1126 4284 1233 4336 Aristot
1242 4284 1275 4332 de

108 4378 242 4445 interpp.
254 4376 289 4428 99
299 4392 315 4430 a
327 4376 370 4427 tt.
391 4376 442 4427 Sed
454 4376 485 4429 ad
494 4375 642 4443 Dionysium
654 4380 804 4441 ceterosque
816 4372 1000 4438 grammatices,
1013 4374 1053 4440 qut
1066 4378 1124 4421 oete
1133 4370 1220 4434 partes
1229 4382 1276 4430 po·

109 4461 489 4531 aabaatboeasaiipertiuora
501 4460 720 4513 maaiiostunoat.
1010 4524 1070 4586 w
