3276 5144
705 484 856 581 Q

203 675 276 749 657,
291 674 403 755 aliaque
417 675 495 750 alibi,
512 692 639 755 quorum
655 673 786 754 exempla
802 674 952 735 cumulare
972 673 1044 735 nibil
1058 673 1234 752 attinetll).
1268 672 1364 736 Etiam

202 777 377 838 Theodorus
404 777 479 839 Gaza
504 776 534 857 p.
555 776 596 838 89
621 770 768 859 κοοηόόν,
797 769 965 857 βοτρυδόν,
998 769 1158 860 ἀγεληδόν
1184 767 1366 858 μεσότητος

203 871 414 963 ἐπιρρήματα
436 878 532 941 dicere
546 877 679 952 videtur,
703 896 883 957 quamquam
899 878 992 939 oratio
1007 878 1070 939 eius
1085 878 1220 958 ambigua
1235 884 1289 940 est.

287 983 353 1044 lam
373 980 454 1051 side
468 981 596 1042 nominis
611 987 730 1042 auctore
746 981 925 1060 quaerimus,
941 980 1096 1042 commode
1112 980 1188 1061 apud
1205 980 1363 1060 Diogenem

202 1085 351 1148 Laertium
365 1083 423 1156 vti,
438 1083 477 1143 57
489 1082 675 1163 Antipatrum
687 1082 770 1144 illum
781 1083 1008 1146 commemorari
1020 1083 1162 1156 videmus,
1178 1082 1364 1155 Tarsensem,

204 1187 320 1249 Stoicae
344 1194 440 1248 sectae
464 1184 685 1265 philosophum,
711 1184 847 1264 Diogenis
868 1184 1017 1264 babylonii
1039 1184 1211 1255 auditorem,
1237 1182 1365 1245 Panaetii

203 1286 441 1369 magistrumlll.
470 1289 557 1349 Hunc
570 1287 649 1349 enim
665 1286 712 1348 ille
727 1287 761 1348 ad
778 1287 909 1368 quinque
923 1295 1022 1367 partes
1037 1286 1179 1348 orationis
1190 1304 1205 1347 a
1218 1285 1365 1366 prioribus

205 1391 311 1453 Stoicis
327 1391 502 1452 constitutas
517 1398 630 1451 sextam
646 1387 792 1451 addidisse
807 1389 898 1451 refert
913 1384 970 1472 την
984 1381 1159 1470 μεσότητα,
1180 1388 1211 1450 in
1233 1406 1290 1470 qua
1305 1406 1366 1450 non

205 1492 326 1554 dubium
342 1499 387 1553 est
402 1493 474 1572 quin
488 1492 624 1554 adverbia
638 1491 780 1573 posuerit,
797 1510 856 1553 non
878 1491 998 1572 quidem
1014 1492 1122 1561 omnia,
1138 1509 1330 1571 quaecunque
1348 1506 1366 1551 a

204 1595 402 1676 grammaticis
419 1595 447 1656 in
463 1594 605 1656 adverbiis
620 1601 823 1667 numerantur,
840 1595 935 1655 sedes
948 1599 1057 1667 lamen,
1074 1612 1200 1675 quorum
1213 1594 1254 1655 vis
1266 1601 1297 1655 et
1307 1593 1366 1672 sig·

204 1698 332 1761 niticatic
358 1699 394 1760 ad
420 1698 553 1769 actionis,
580 1715 669 1776 quam
685 1696 807 1759 verbum
828 1696 943 1767 indicat
968 1698 1121 1759 notionem
1142 1697 1280 1779 pertinet,
1306 1696 1366 1757 sire

205 1800 302 1863 lecum
318 1800 381 1861 eius
395 1800 519 1861 aetionis
533 1798 593 1861 sive
608 1807 726 1878 tempus
742 1798 802 1859 sire
817 1800 988 1878 qualitatem
1003 1801 1064 1862 sive
1078 1800 1282 1881 quantitatem,
1303 1799 1368 1860 fre·

205 1901 366 1983 quendam,
382 1902 580 1963 intensitatem
597 1901 750 1963 definiunt.
774 1900 886 1963 Horum
899 1902 976 1962 enim
993 1920 1081 1964 omne
1096 1920 1198 1982 genus,
1215 1900 1367 1983 perpaucis

205 2005 381 2085 quibusdam
397 2004 523 2065 fortasse
539 2002 676 2082 exceptis,
693 2002 824 2081 quamvis
837 2002 914 2063 varie
928 2002 1097 2075 formatum,
1114 2004 1254 2084 originem
1267 2010 1367 2065 tumen

205 2107 312 2187 partim
328 2125 343 2168 a
359 2105 530 2167 nominibus
545 2113 596 2167 aul
610 2104 837 2187 pronominibus
851 2106 958 2185 partim
969 2123 985 2165 a
997 2104 1091 2166 verbis
1102 2105 1199 2177 habel,
1217 2123 1367 2185 quumque

204 2209 329 2291 proinde
354 2209 442 2270 etiam
463 2208 703 2286 significationem
726 2207 872 2277 cumbis,
898 2207 977 2269 unde
992 2215 1055 2268 orta
1071 2214 1150 2281 sunt,
1177 2224 1367 2269 communem

205 2313 340 2385 habeant
366 2312 481 2374 diverso
507 2311 658 2372 tamenab
684 2311 817 2391 utrisque
843 2310 932 2372 modu
953 2310 1028 2371 hanc
1047 2308 1289 2389 significationem
1306 2310 1367 2370 elo·

205 2422 344 2498 quantur,
352 2416 460 2497 quippe
470 2433 561 2494 quum
571 2415 600 2475 in
610 2415 779 2477 nominibus
786 2433 821 2476 ae
829 2411 1054 2495 pronominibus
1064 2430 1181 2493 semper
1189 2411 1369 2473 substantiae

205 2520 336 2591 alicuius,
352 2518 383 2579 in
394 2516 488 2578 verbis
500 2524 700 2597 aulem-quae
712 2516 832 2597 proprie
843 2516 989 2587 dicuntur,
1005 2515 1094 2577 etiam
1107 2533 1248 2594 personae
1260 2532 1370 2595 quam·

204 2622 247 2683 vis
263 2620 412 2682 indefinita
423 2620 506 2681 notio
521 2620 600 2692 insit,
616 2620 662 2682 illa
679 2627 779 2683 centra
795 2620 868 2682 nibil
882 2619 939 2681 nisi
954 2626 1003 2681 aut
1018 2618 1141 2680 actionis
1157 2627 1207 2679 aut
1222 2618 1368 2699 qualitatis

205 2723 329 2793 notioni,
353 2740 427 2801 quae
444 2721 475 2781 iu
490 2720 585 2782 uerbis
601 2729 651 2783 aut
666 2721 835 2785 nominibus
851 2723 937 2794 inest,
959 2722 1069 2783 nudam
1085 2722 1167 2802 quasi
1183 2729 1233 2783 aut
1248 2721 1305 2783 loci
1318 2726 1369 2783 aul

206 2825 349 2904 temperis
371 2831 422 2885 aut
437 2823 583 2903 qualitatis
598 2831 649 2884 aut
664 2824 834 2905 quantitatis
851 2825 1051 2888 definitionem
1066 2824 1184 2896 addant,
1199 2840 1233 2885 ac
1246 2824 1369 2903 proinde

207 2945 304 3007 neque
319 2945 404 2989 casus
420 2944 518 3007 neque
531 2943 673 2989 numeros
688 2927 824 2990 habeant.
846 2927 913 2989 Non
928 2928 1027 3007 inepte
1037 2927 1125 3007 igitur
1135 2927 1370 3007 Antipaterhaec

208 3021 305 3110 neque
331 3030 361 3091 in
386 3029 554 3107 nominibus
580 3044 676 3109 neque
702 3031 732 3091 in
752 3030 847 3091 verbis
867 3029 1017 3092 numerari
1038 3031 1137 3103 veluit,
1164 3029 1215 3092 sed
1237 3030 1370 3092 madium

208 3133 357 3214 qtmddam
377 3149 471 3212 genus
486 3150 551 3192 esse
565 3133 678 3205 statuit,
703 3133 791 3213 idque
806 3133 904 3216 ipsum
925 3127 1107 3216 μεσότητος
1121 3131 1241 3194 nomine
1257 3131 1370 3212 signill-

206 3235 291 3310 earit,
306 3235 386 3316 quud
402 3252 511 3296 nemen
521 3234 610 3297 etiam
625 3253 642 3297 a
657 3236 853 3315 grammaticis
868 3243 1018 3315 receptum
1034 3243 1063 3296 et
1078 3235 1287 3297 adustioribus
1303 3235 1370 3316 qui·

207 3337 274 3400 dem
299 3338 336 3400 de
362 3338 442 3400 omni
468 3336 518 3398 illo
537 3355 643 3416 genere
665 3345 840 3419 usurpatum
863 3357 927 3400 esse
947 3337 1089 3401 ridemus.
1120 3338 1177 3400 Sed
1193 3337 1369 3400 indoctiores

206 3439 346 3519 Byzantii,
372 3458 472 3500 reram
493 3439 623 3500 neminis
643 3439 787 3501 rationem
808 3442 986 3518 ignorantes,
1009 3458 1101 3520 quum
1121 3439 1261 3520 pleraque
1284 3439 1370 3503 huius

207 3542 321 3622 generis
340 3542 371 3602 in
387 3542 423 3613 οἷς
437 3542 515 3603 exire
536 3541 677 3612 viderent,
699 3541 728 3602 in
745 3542 834 3602 istum
865 3559 953 3620 quem
979 3541 1078 3603 notavi
1102 3559 1234 3603 errorem
1260 3541 1370 3603 inducti

207 3649 287 3714 sunt,
310 3660 343 3703 aa
362 3642 429 3704 licet
451 3643 554 3704 ceteris
575 3643 781 3705 adverbiorum
801 3643 957 3722 generibus
978 3643 1115 3704 omnibus
1129 3663 1145 3705 a
1160 3643 1371 3722 significatione

208 3745 327 3808 nemina
343 3746 539 3827 imponerent,
554 3746 611 3806 alia
631 3739 757 3806 τοπικά
772 3745 826 3807 alia
840 3739 958 3826 χρόνου
972 3745 1026 3808 alia
1041 3739 1221 3830 ποιότητος
1235 3746 1290 3808 alia
1304 3766 1370 3809 πο-

207 3841 346 3932 σότητος
368 3846 422 3908 alia
442 3847 641 3927 συγκρίσεως
660 3848 714 3910 alia
729 3841 853 3924 τάξεως
873 3848 927 3910 alia
943 3847 1068 3928 denique
1083 3847 1168 3909 aliter
1181 3848 1371 3929 appellantes,

276 4068 319 4132 27)
338 4068 364 4119 ln
376 4065 487 4135 Etymol.
499 4065 533 4116 Μ.
548 4081 573 4130 p.
583 4066 642 4131 580,
657 4067 688 4117 10
700 4074 726 4119 et
738 4066 803 4118 Gnd.
817 4067 906 4132 pest,
919 4068 952 4118 40
965 4068 1040 4119 etiam
1052 4067 1214 4137 μίντοιγε
1226 4065 1368 4137 ἐπίρρημα

207 4151 363 4221 μεσότητος
379 4154 480 4214 dicitnr,
497 4151 563 4203 miro
576 4151 658 4219 strix
671 4152 812 4204 excusabili
824 4169 921 4205 errore.
946 4152 1009 4205 Nam
1019 4154 1152 4223 μέντοιγε
1163 4154 1188 4205 in
1202 4150 1372 4223 συνδέσμοις

208 4239 345 4290 babendum
363 4254 421 4290 esse
432 4238 554 4289 neminem
567 4234 654 4302 lugere
667 4244 762 4301 potest,
780 4254 858 4305 aequo
871 4239 947 4290 aliter
959 4247 1112 4291 censuerunt
1123 4239 1192 4291 docti
1203 4241 1371 4303 grammatici.

209 4323 267 4376 vit.
281 4323 390 4393 Hesyeb.
403 4324 425 4375 ll
437 4340 460 4389 p.
475 4325 533 4376 574.
553 4320 671 4385 ΑροΙΙοσ.
684 4323 714 4372 de
727 4324 794 4373 coni.
808 4340 830 4390 p.
843 4325 902 4389 519,
918 4327 956 4376 tu.

276 4409 318 4471 28)
338 4407 375 4459 Cl.
398 4408 428 4460 G.
450 4407 585 4473 Weigand.
607 4407 668 4457 diss.
691 4408 722 4457 de
745 4409 879 4474 Antipatro
901 4409 953 4463 Sid.
975 4417 1001 4461 et
1020 4407 1135 4462 Thessal.
1160 4408 1277 4475 (Vratisl.
1291 4410 1368 4475 1840)

209 4506 233 4557 p.
249 4492 279 4542 te
292 4508 329 4559 sq.
347 4493 407 4545 Cirr.
420 4492 551 4558 Peterson,
564 4492 595 4544 de
607 4492 750 4562 Chrysippo
763 4509 787 4559 p.
801 4494 860 4546 227.
