3222 5148
620 397 772 498 jar-

208 589 384 672 conspirant
399 606 522 671 prorsus
541 590 614 653 baec
628 587 746 671 Epicuri
765 592 919 669 praccepta
940 604 1009 649 cum
1029 585 1134 650 ceteris
1148 584 1280 667 philoso-

119 693 194 774 phis,
211 693 390 775 quicumque
405 710 467 754 non
482 693 512 755 in
527 693 685 756 atbeorum
700 708 826 753 numero
841 689 980 753 censendi
995 694 1080 763 sunt,
1101 694 1282 771 potuemnt·

120 814 176 877 que
192 814 266 877 quae
282 795 415 858 illedixit
434 794 538 858 iisdem
560 795 645 875 plane
666 792 760 854 verbis
775 791 864 854 etiam
879 810 896 853 a
912 791 1018 854 Stoicis
1038 792 1109 865 dici,
1131 790 1281 855 acerrimis

120 898 291 978 ceteroquin
307 897 424 978 Epicuri
440 896 619 959 adversariis.
649 895 687 957 Et
706 902 806 959 tamen
829 894 927 957 omnis
948 894 1065 975 Epicuri
1086 894 1230 975 theologia
1244 894 1282 957 ab

121 1018 155 1060 ea
169 1018 257 1080 quam
274 1000 363 1062 Stoici
378 998 551 1082 probabant,
567 1008 631 1061 toto
647 999 742 1073 eaelo,
758 1004 793 1060 ut
807 998 903 1071 aiunt,
925 997 1065 1071 distabat,
1087 1005 1116 1060 et
1136 1015 1229 1077 quum
1250 997 1283 1060 hi

32 1183 35 1188 Ι
121 1102 239 1183 quidem
253 1101 427 1183 religionem
441 1103 598 1165 emendare
613 1107 643 1165 et
658 1103 877 1184 quodammodo
892 1100 994 1164 fulcire
1010 1107 1196 1174 conarentur,
1211 1100 1282 1182 Epi-

123 1222 209 1267 curus
231 1215 332 1268 cuntra
352 1224 472 1269 omnem
492 1207 679 1286 religionem,
701 1224 776 1285 quae
797 1204 915 1286 quidem
937 1221 1004 1266 vere
1025 1204 1068 1266 sic
1088 1203 1211 1265 dicenda
1234 1202 1281 1277 sit,

121 1308 252 1371 funditus
273 1311 427 1372 sustulisse
441 1317 470 1371 et
485 1329 520 1371 ex
540 1309 696 1372 hominum
716 1307 821 1370 animis
842 1306 973 1370 evellisse
993 1324 1055 1370 non
1073 1307 1177 1370 iniuria
1194 1325 1282 1370 accu-

122 1418 212 1472 satur.
245 1409 307 1472 Hoc
325 1429 418 1473 unum
439 1411 517 1472 enim
539 1412 615 1473 inter
633 1419 777 1493 utrosque
792 1394 948 1484 convenit,
969 1420 1004 1473 ut
1024 1409 1102 1491 vulgi
1124 1408 1281 1490 opiniones

122 1512 158 1574 de
172 1513 217 1575 dis
231 1513 406 1595 impugnent
421 1523 507 1595 etque
522 1514 668 1590 reiiciant3
684 1514 720 1575 de
735 1523 839 1577 natura
853 1522 952 1577 autem
969 1514 1092 1577 deorum
1104 1521 1134 1575 et
1146 1514 1182 1576 de
1193 1531 1283 1576 vene-

121 1617 234 1678 ratione
250 1615 389 1697 cultuque
405 1617 446 1678 eis
462 1617 561 1678 debito
577 1617 648 1678 nibil
669 1617 748 1679 inter
768 1636 819 1679 cos
839 1635 998 1679 commune
1020 1626 1073 1679 est.
1106 1615 1200 1679 Huius
1220 1617 1282 1680 dis-

122 1720 286 1799 crepantiae
297 1719 322 1781 si
332 1737 436 1781 causas
448 1720 626 1799 quaerimus,
640 1719 696 1781 bae
710 1719 784 1782 duae
795 1738 827 1781 se
839 1719 924 1781 nobis
934 1722 1070 1797 offerunt,
1085 1720 1186 1791 altera,
1202 1719 1282 1801 quod

123 1838 182 1901 quo
196 1822 286 1884 modo
301 1823 382 1884 notio
394 1822 518 1884 deorum
533 1823 564 1885 in
574 1822 730 1885 bominum
742 1821 846 1885 animis
859 1830 925 1884 nata
936 1830 1024 1900 esset,
1037 1821 1091 1885 elia
1102 1821 1281 1898 Stoicorum,

122 1923 176 1984 aliu
191 1923 308 2003 Epicuri
328 1925 474 1987 sententie
494 1925 565 1999 luit,
588 1943 680 2008 quum
700 1926 741 1987 illi
755 1944 874 1988 causam
890 1924 953 1988 eius
973 1926 1008 1988 ab
1024 1925 1218 1989 admiratione
1233 1944 1281 1987 re·

123 2042 189 2086 rum
210 2028 378 2091 caelestium
399 2029 556 2110 omnisque
575 2048 674 2092 rerum
695 2039 818 2093 naturae
833 2029 1080 2111 contemplatione
1104 2035 1282 2110 repeterent,

124 2145 180 2208 qua
195 2131 323 2212 permoti
337 2131 473 2194 homines
488 2132 618 2194 numinis
632 2131 737 2207 divini,
761 2151 821 2215 quc
842 2132 915 2195 baec
928 2140 1114 2214 regerentur,
1129 2132 1283 2195 notionem

123 2233 337 2314 concepissent,
353 2234 496 2316 Epicurus
511 2244 609 2298 autem
624 2236 750 2298 deornm
765 2236 919 2298 notionem
934 2254 996 2299 non
1011 2236 1127 2299 abunde
1142 2253 1230 2316 mam
1244 2233 1281 2297 ab

121 2334 295 2416 imaginibus
306 2338 483 2419 quibusdam
496 2339 600 2401 divinis
611 2329 641 2401 in
653 2339 767 2402 animos
780 2340 934 2402 bominum
945 2339 1053 2421 illapsis
1063 2339 1187 2402 derivari
1195 2357 1283 2420 posse

122 2446 274 2502 statueret.
309 2441 406 2503 Altera
421 2458 508 2504 causa
522 2441 596 2503 baec
610 2447 690 2516 erat,
711 2441 808 2521 quod,
831 2459 923 2521 quum
937 2440 1148 2506 beatitudinem
1163 2441 1283 2524 quidem

121 2542 240 2625 utrique
256 2543 300 2605 dis
315 2544 488 2618 tribuerent,
504 2544 541 2606 de
559 2543 624 2626 ipsa
638 2550 739 2606 tamen
753 2541 933 2606 beatitudine
947 2563 1070 2625 prorsus
1085 2545 1198 2608 diversa
1214 2562 1282 2606 sen·

120 2644 243 2708 tiebent.
278 2646 351 2708 Nam
368 2645 460 2709 Stoici
481 2646 562 2709 nullu
586 2646 677 2709 modu
699 2646 858 2709 abborrere
878 2665 942 2709 eam
962 2646 1129 2711 iudicabant
1148 2646 1284 2711 emundi

121 2746 214 2810 totius
234 2749 506 2825 administratione,
527 2768 679 2832 quumque
700 2748 804 2812 beatus
824 2766 913 2812 nemo
933 2770 999 2813 esse
1019 2757 1121 2833 posset
1139 2750 1196 2813 nisi
1215 2770 1282 2813 oum
1372 2747 1375 2759 '

122 2849 228 2912 virtute
240 2857 270 2912 et
280 2852 430 2934 sapientia,
445 2870 502 2916 nec
515 2853 608 2916 virtus
622 2870 686 2916 osse
701 2859 803 2934 posset
818 2850 882 2913 sine
896 2853 1026 2928 actione,
1045 2852 1169 2917 deorum
1183 2861 1282 2917 autem

120 3109 201 3176 magis
214 3110 343 3176 proprian
355 3108 529 3163 deliniendi
540 3110 750 3177 significationem
762 3110 856 3161 bebere
868 3109 959 3161 solent
984 3109 1033 3161 Sed
1045 3126 1119 3176 quam
1131 3112 1284 3179 propinquae

120 3196 168 3247 bne
188 3196 386 3260 significationes
408 3198 459 3248 sint
479 3198 636 3249 manifestum
657 3203 706 3248 est.
729 3195 763 3247 Et
784 3194 910 3260 potuisset
921 3194 1047 3260 Epicurus
1069 3198 1095 3248 in
1110 3195 1156 3248 illa
1174 3197 1283 3264 epistola

119 3283 197 3333 etism
219 3277 360 3349 ὁρίζονται
381 3284 507 3350 scribere,
529 3283 734 3352 quemadmodum
750 3283 872 3346 scriptum
888 3289 929 3333 est
940 3282 972 3332 de
984 3280 1079 3335 Stoicis
1091 3285 1155 3349 apud
1166 3282 1208 3335 Pe.
1220 3283 1282 3335 Plu·

120 3366 236 3417 tarcbnm
249 3367 279 3417 de
291 3367 356 3431 plac.
367 3367 429 3434 phil.
444 3369 467 3433 l,
479 3386 501 3420 e.
514 3369 542 3419 b:
563 3366 705 3438 ὁρίζονται
716 3364 767 3431 τὴν
778 3366 828 3416 τοῦ
841 3368 922 3417 θείου
934 3362 1037 3420 οὐσίαν
1050 3362 1149 3427 οὕτως·
1169 3369 1283 3437 πνεῦμα

119 3448 222 3516 νοερὸν
233 3452 279 3501 καὶ
293 3450 421 3519 πυρῶδες
432 3455 502 3515 ιτί.;
517 3469 571 3504 osnr
583 3455 614 3506 ad
627 3453 790 3504 deliniendum
800 3453 905 3503 deorum
917 3453 1051 3521 notionem,
1063 3455 1160 3521 qualem
1171 3470 1205 3506 ex
1217 3471 1284 3506 oom-

118 3536 188 3585 muoi
199 3537 364 3600 persuasione
375 3552 460 3590 omnes
480 3539 671 3603 profitebantur,
688 3538 751 3589 setis
763 3537 847 3589 videri
860 3546 969 3604 peteret,
984 3548 1013 3590 ut
1025 3540 1172 3592 dicerentur
1182 3541 1284 3592 immor-

118 3618 187 3671 tales
210 3627 237 3671 et
256 3621 336 3689 besti,
357 3622 479 3689 siquidem
492 3625 554 3676 bueo
565 3627 614 3675 duo
626 3626 689 3675 sdee
701 3625 806 3674 deorum
817 3625 922 3689 proprle
934 3633 1001 3690 sunt,
1014 3633 1043 3677 nt
1054 3626 1077 3677 si
1089 3625 1145 3693 quis
1156 3620 1286 3694 μαίιαρας

118 3706 167 3756 καὶ
186 3700 347 3765 ἀθανάτους
367 3709 418 3760 dici
438 3710 536 3774 audiat,
556 3710 643 3761 statim
665 3710 725 3760 deos
747 3710 797 3760 dici
813 3709 948 3775 intelligat.
961 3712 1098 3764 -Obiter
1114 3711 1206 3763 addere
1222 3709 1286 3763 libet

118 3792 198 3842 etiem
218 3789 327 3843 alterius
349 3793 398 3843 loci
419 3794 534 3861 corrupti
549 3795 575 3844 in
588 3796 699 3846 eiusdem
712 3794 816 3860 Epicuri
829 3794 953 3861 epistolae
966 3797 1088 3864 principio
1100 3795 1126 3865 ὅ.
1142 3798 1189 3848 124
1201 3811 1285 3848 emen-

118 3877 246 3928 dationem
268 3877 451 3942 necessarism,
472 3879 613 3930 incohatam
634 3895 649 3931 s
671 3879 815 3940 Gessendo,
837 3881 880 3931 sed
894 3898 942 3932 non
956 3880 1101 3947 perlectam.
1125 3881 1231 3947 Legitur
1243 3883 1285 3948 ibi,

119 3969 179 4030 post
192 3971 399 4015 commemoratas
417 3961 494 4015 falsas
507 3966 577 4031 vulgi
589 3966 619 4016 dc
632 3966 670 4017 dis
683 3966 827 4032 opiniones:
848 3959 931 4017 iudea
943 3966 975 4016 αἱ
984 3966 1118 4036 μέγισται
1129 3962 1231 4034 βίάβαι
1243 3968 1286 4019 ed·

117 4052 179 4100 τίαι
198 4054 258 4107 τοῖς
281 4053 376 4108 κανοῖς
396 4048 427 4102 ἔν
448 4051 526 4102 θεαῖν
545 4046 702 4119 ἐπάγονται
722 4052 769 4102 καὶ
790 4047 922 4121 ἀφέλειαν
940 4048 1141 4121 τοῖςάγαθοῖς.
1165 4053 1287 4105 Correxit

119 4131 266 4187 (lessendus
284 4137 433 4201 verissime,
453 4130 538 4188 ἔνθεν
553 4137 600 4187 καὶ
611 4141 747 4206 μεγίστας
758 4132 861 4202 βλάβας
871 4138 932 4192 τοῖς
945 4141 1041 4195 κακοῖς
1052 4134 1083 4192 οἰι
1094 4141 1172 4191 θεαῖν
1182 4135 1287 4208 lucipe-

120 4225 191 4271 udus
210 4220 257 4270 καὶ
269 4218 404 4291 ὠφελείας
416 4225 476 4281 τοῖς
487 4216 617 4289 ἀγαθαῖς,
639 4239 688 4273 non
700 4222 807 4273 debebat
819 4231 903 4274 sntcrn
917 4223 1003 4272 αίιίαι
1016 4223 1111 4289 delere,
1123 4227 1168 4276 sed
1180 4226 1207 4277 in
1218 4226 1288 4276 αίτι-

119 4303 206 4355 ῶνται
227 4313 334 4359 mutere.
358 4306 385 4359 ln
405 4307 530 4376 proximis
551 4306 647 4373 verbis,
668 4312 730 4365 ταῖς
745 4304 800 4380 γὰρ
818 4307 907 4364 ίδίαις
921 4305 1110 4376 οίκειοὸμενοι
1122 4307 1170 4361 ded
1184 4308 1289 4369 παντὸς

118 4384 232 4460 ἀρεταῖς
244 4388 308 4451 τοὺς
319 4388 437 4462 ὁμοίους
450 4388 652 4462 ἀποδέχονται,
663 4401 721 4460 post
733 4393 798 4455 τοὺς
809 4392 951 4452 addendum
962 4398 1023 4457 poto
1036 4389 1129 4453 θεούς.

163 4472 210 4537 lv.
1044 4475 1086 4536 22
