<?xml version="1.0" encoding="UTF-8"?>
<!DOCTYPE html PUBLIC "-//W3C//DTD XHTML 1.0 Transitional//EN"
    "http://www.w3.org/TR/xhtml1/DTD/xhtml1-transitional.dtd">
<html xmlns="http://www.w3.org/1999/xhtml" xml:lang="en" lang="en">
 <head>
  <title>
</title>
<meta http-equiv="Content-Type" content="text/html;charset=utf-8" />
  <meta name='ocr-system' content='tesseract 3.04.00' />
  <meta name='ocr-capabilities' content='ocr_page ocr_carea ocr_par ocr_line ocrx_word'/>
</head>
<body>
  <div class='ocr_page' id='page_1' title='image "./opusculaacademi00schogoog_0201.png"; bbox 0 0 3178 5136; ppageno 0'>
   <div class='ocr_carea' id='block_1_1' title="bbox 841 403 901 470">
    <p class='ocr_par' dir='ltr' id='par_1_1' title="bbox 841 403 901 470">
     <span class='ocr_line' id='line_1_1' title="bbox 841 403 901 470; baseline 0.033 -2"><span class='ocrx_word' id='word_1_1' title='bbox 841 403 901 470; x_wconf 75' lang='lat'><strong>188</strong></span> 
     </span>
    </p>
   </div>
   <div class='ocr_carea' id='block_1_2' title="bbox 291 591 1448 2615">
    <p class='ocr_par' dir='ltr' id='par_1_2' title="bbox 291 591 1448 2615">
     <span class='ocr_line' id='line_1_2' title="bbox 294 591 1445 676; baseline -0.003 -19"><span class='ocrx_word' id='word_1_2' title='bbox 294 595 456 676; x_wconf 86' lang='lat' dir='ltr'><strong>adaptaret,</strong></span> <span class='ocrx_word' id='word_1_3' title='bbox 478 594 537 658; x_wconf 88' lang='lat' dir='ltr'><strong>boe</strong></span> <span class='ocrx_word' id='word_1_4' title='bbox 553 613 641 659; x_wconf 86' lang='lat' dir='ltr'><strong>suum</strong></span> <span class='ocrx_word' id='word_1_5' title='bbox 656 594 811 659; x_wconf 80' lang='lat' dir='ltr'><strong>mtilicium</strong></span> <span class='ocrx_word' id='word_1_6' title='bbox 824 601 1010 657; x_wconf 84' lang='lat' dir='ltr'><strong>commentus</strong></span> <span class='ocrx_word' id='word_1_7' title='bbox 1024 602 1085 669; x_wconf 87' lang='lat' dir='ltr'><strong>est,</strong></span> <span class='ocrx_word' id='word_1_8' title='bbox 1107 609 1299 674; x_wconf 73' lang='lat' dir='ltr'><strong>magnopere,</strong></span> <span class='ocrx_word' id='word_1_9' title='bbox 1317 600 1351 655; x_wconf 89' lang='lat' dir='ltr'><strong>ut</strong></span> <span class='ocrx_word' id='word_1_10' title='bbox 1364 591 1445 655; x_wconf 88' lang='lat' dir='ltr'><strong>arbi·</strong></span> 
     </span>
     <span class='ocr_line' id='line_1_3' title="bbox 294 693 1445 778; baseline -0.001 -20"><span class='ocrx_word' id='word_1_11' title='bbox 294 703 372 770; x_wconf 88' lang='lat' dir='ltr'><strong>tror,</strong></span> <span class='ocrx_word' id='word_1_12' title='bbox 391 703 421 758; x_wconf 89' lang='lat' dir='ltr'><strong>et</strong></span> <span class='ocrx_word' id='word_1_13' title='bbox 434 714 451 758; x_wconf 89' lang='lat' dir='ltr'><strong>a</strong></span> <span class='ocrx_word' id='word_1_14' title='bbox 466 695 622 777; x_wconf 74' lang='lat' dir='ltr'>Sophoclis</span> <span class='ocrx_word' id='word_1_15' title='bbox 641 696 780 778; x_wconf 71' lang='lat' dir='ltr'><strong>elegantia</strong></span> <span class='ocrx_word' id='word_1_16' title='bbox 798 704 828 759; x_wconf 93' lang='lat' dir='ltr'><strong>et</strong></span> <span class='ocrx_word' id='word_1_17' title='bbox 842 714 859 758; x_wconf 87' lang='lat' dir='ltr'><strong>a</strong></span> <span class='ocrx_word' id='word_1_18' title='bbox 873 695 1000 760; x_wconf 82' lang='lat' dir='ltr'><strong>Graecae</strong></span> <span class='ocrx_word' id='word_1_19' title='bbox 1018 697 1133 776; x_wconf 81' lang='lat' dir='ltr'><strong>linguae</strong></span> <span class='ocrx_word' id='word_1_20' title='bbox 1146 693 1358 758; x_wconf 83' lang='lat' dir='ltr'><strong>eonsuetudine</strong></span> <span class='ocrx_word' id='word_1_21' title='bbox 1375 693 1445 757; x_wconf 80' lang='lat' dir='ltr'><strong>clie-</strong></span> 
     </span>
     <span class='ocr_line' id='line_1_4' title="bbox 294 784 1446 880; baseline -0.002 -21"><span class='ocrx_word' id='word_1_22' title='bbox 294 815 377 860; x_wconf 91' lang='lat' dir='ltr'><strong>num.</strong></span> <span class='ocrx_word' id='word_1_23' title='bbox 421 796 494 860; x_wconf 89' lang='lat' dir='ltr'><strong>Nam</strong></span> <span class='ocrx_word' id='word_1_24' title='bbox 514 797 593 878; x_wconf 91' lang='lat' dir='ltr'><strong>quod</strong></span> <span class='ocrx_word' id='word_1_25' title='bbox 613 799 727 862; x_wconf 76' lang='lat' dir='ltr'><strong>metet</strong></span> <span class='ocrx_word' id='word_1_26' title='bbox 745 797 921 878; x_wconf 77' lang='lat' dir='ltr'>Thucydidis</span> <span class='ocrx_word' id='word_1_27' title='bbox 940 798 1040 861; x_wconf 85' lang='lat' dir='ltr'><strong>locum</strong></span> <span class='ocrx_word' id='word_1_28' title='bbox 1059 797 1111 871; x_wconf 91' lang='lat' dir='ltr'><strong>lll,</strong></span> <span class='ocrx_word' id='word_1_29' title='bbox 1139 795 1193 859; x_wconf 83' lang='lat'><strong>36:</strong></span> <span class='ocrx_word' id='word_1_30' title='bbox 1222 788 1381 877; x_wconf 76' lang='grc' dir='ltr'><strong><em>μετάνοια</em></strong></span> <span class='ocrx_word' id='word_1_31' title='bbox 1406 784 1446 880; x_wconf 79' lang='grc' dir='ltr'><strong>ἦν</strong></span> 
     </span>
     <span class='ocr_line' id='line_1_5' title="bbox 295 889 1447 983; baseline -0.001 -22"><span class='ocrx_word' id='word_1_32' title='bbox 295 889 472 973; x_wconf 68' lang='grc' dir='ltr'><strong><em>αὐτοῖςκαὶ</em></strong></span> <span class='ocrx_word' id='word_1_33' title='bbox 481 889 711 982; x_wconf 73' lang='grc' dir='ltr'><em>ἀναλογισμός,</em></span> <span class='ocrx_word' id='word_1_34' title='bbox 726 892 815 980; x_wconf 78' lang='grc' dir='ltr'><strong><em>ὤμου</em></strong></span> <span class='ocrx_word' id='word_1_35' title='bbox 825 895 865 962; x_wconf 78' lang='grc' dir='ltr'><strong>τὸ</strong></span> <span class='ocrx_word' id='word_1_36' title='bbox 879 893 1044 981; x_wconf 75' lang='grc' dir='ltr'><strong><em>βούλευμα</em></strong></span> <span class='ocrx_word' id='word_1_37' title='bbox 1058 893 1236 982; x_wconf 70' lang='grc' dir='ltr'><strong><em>ἐγνῶσθαι,</em></strong></span> <span class='ocrx_word' id='word_1_38' title='bbox 1252 892 1353 961; x_wconf 75' lang='grc' dir='ltr'><em>πόλιν</em></span> <span class='ocrx_word' id='word_1_39' title='bbox 1368 889 1447 983; x_wconf 76' lang='grc' dir='ltr'><strong>ὅλην</strong></span> 
     </span>
     <span class='ocr_line' id='line_1_6' title="bbox 296 992 1445 1087; baseline 0 -25"><span class='ocrx_word' id='word_1_40' title='bbox 296 996 499 1086; x_wconf 72' lang='grc' dir='ltr'><strong><em>διαφθεῖραι</em></strong></span> <span class='ocrx_word' id='word_1_41' title='bbox 519 997 655 1081; x_wconf 66' lang='grc' dir='ltr'><strong>μᾶλλον,</strong></span> <span class='ocrx_word' id='word_1_42' title='bbox 680 992 757 1087; x_wconf 60' lang='lat' dir='ltr'><strong>iisd</strong></span> <span class='ocrx_word' id='word_1_43' title='bbox 771 996 850 1076; x_wconf 76' lang='grc' dir='ltr'><strong>τούς</strong></span> <span class='ocrx_word' id='word_1_44' title='bbox 869 992 1010 1079; x_wconf 79' lang='grc' dir='ltr'><strong><em>αἰτίους,</em></strong></span> <span class='ocrx_word' id='word_1_45' title='bbox 1033 1001 1112 1082; x_wconf 89' lang='lat' dir='ltr'><strong>quod</strong></span> <span class='ocrx_word' id='word_1_46' title='bbox 1130 1000 1209 1063; x_wconf 90' lang='lat' dir='ltr'><strong>idem</strong></span> <span class='ocrx_word' id='word_1_47' title='bbox 1226 1018 1292 1063; x_wconf 86' lang='lat' dir='ltr'><strong>esse</strong></span> <span class='ocrx_word' id='word_1_48' title='bbox 1311 999 1382 1063; x_wconf 81' lang='lat' dir='ltr'><strong>dicit</strong></span> <span class='ocrx_word' id='word_1_49' title='bbox 1399 1011 1445 1062; x_wconf 86' lang='lat' dir='ltr'><strong>at-</strong></span> 
     </span>
     <span class='ocr_line' id='line_1_7' title="bbox 293 1094 1444 1188; baseline 0 -25"><span class='ocrx_word' id='word_1_50' title='bbox 293 1121 363 1181; x_wconf 86' lang='lat' dir='ltr'><strong>que:</strong></span> <span class='ocrx_word' id='word_1_51' title='bbox 387 1094 517 1177; x_wconf 72' lang='grc' dir='ltr'><strong><em>αὐτοῦς</em></strong></span> <span class='ocrx_word' id='word_1_52' title='bbox 531 1094 671 1181; x_wconf 77' lang='grc' dir='ltr'><strong><em>αἰτίους,</em></strong></span> <span class='ocrx_word' id='word_1_53' title='bbox 694 1095 778 1165; x_wconf 68' lang='grc' dir='ltr'><strong>ἀλλὰ</strong></span> <span class='ocrx_word' id='word_1_54' title='bbox 793 1098 918 1182; x_wconf 77' lang='grc' dir='ltr'><strong><em>μᾶλλον</em></strong></span> <span class='ocrx_word' id='word_1_55' title='bbox 939 1096 1040 1165; x_wconf 75' lang='grc' dir='ltr'><strong><em>πόλιν</em></strong></span> <span class='ocrx_word' id='word_1_56' title='bbox 1059 1095 1149 1188; x_wconf 71' lang='grc' dir='ltr'><strong><em>ὄληαι</em></strong></span> <span class='ocrx_word' id='word_1_57' title='bbox 1170 1102 1219 1165; x_wconf 90' lang='lat' dir='ltr'><strong>hic</strong></span> <span class='ocrx_word' id='word_1_58' title='bbox 1237 1121 1355 1184; x_wconf 91' lang='lat' dir='ltr'><strong>queque</strong></span> <span class='ocrx_word' id='word_1_59' title='bbox 1370 1101 1444 1164; x_wconf 85' lang='lat' dir='ltr'><strong>ratio</strong></span> 
     </span>
     <span class='ocr_line' id='line_1_8' title="bbox 293 1203 1446 1286; baseline -0.001 -19"><span class='ocrx_word' id='word_1_60' title='bbox 293 1224 360 1268; x_wconf 89' lang='lat' dir='ltr'><strong>eum</strong></span> <span class='ocrx_word' id='word_1_61' title='bbox 375 1204 510 1269; x_wconf 75' lang='lat' dir='ltr'><strong>fefellisse</strong></span> <span class='ocrx_word' id='word_1_62' title='bbox 524 1205 645 1268; x_wconf 69' lang='lat' dir='ltr'><strong>videm.</strong></span> <span class='ocrx_word' id='word_1_63' title='bbox 679 1206 824 1269; x_wconf 79' lang='lat' dir='ltr'><strong>Nolumus</strong></span> <span class='ocrx_word' id='word_1_64' title='bbox 839 1204 957 1286; x_wconf 91' lang='lat' dir='ltr'><strong>quidem</strong></span> <span class='ocrx_word' id='word_1_65' title='bbox 971 1204 1039 1266; x_wconf 89' lang='lat' dir='ltr'><strong>illud</strong></span> <span class='ocrx_word' id='word_1_66' title='bbox 1054 1204 1143 1267; x_wconf 90' lang='lat' dir='ltr'><strong>nimis</strong></span> <span class='ocrx_word' id='word_1_67' title='bbox 1158 1223 1269 1285; x_wconf 86' lang='lat' dir='ltr'><strong>urgere,</strong></span> <span class='ocrx_word' id='word_1_68' title='bbox 1281 1206 1361 1285; x_wconf 91' lang='lat' dir='ltr'><strong>quod</strong></span> <span class='ocrx_word' id='word_1_69' title='bbox 1376 1203 1446 1266; x_wconf 88' lang='lat' dir='ltr'><strong>llei-</strong></span> 
     </span>
     <span class='ocr_line' id='line_1_9' title="bbox 293 1304 1447 1387; baseline -0.001 -18"><span class='ocrx_word' id='word_1_70' title='bbox 293 1307 385 1387; x_wconf 88' lang='lat' dir='ltr'><strong>sigios</strong></span> <span class='ocrx_word' id='word_1_71' title='bbox 407 1307 522 1369; x_wconf 91' lang='lat' dir='ltr'><strong>monuit</strong></span> <span class='ocrx_word' id='word_1_72' title='bbox 542 1308 578 1369; x_wconf 91' lang='lat' dir='ltr'><strong>ad</strong></span> <span class='ocrx_word' id='word_1_73' title='bbox 594 1307 733 1387; x_wconf 84' lang='lat' dir='ltr'><strong>Sepbocl</strong></span> <span class='ocrx_word' id='word_1_74' title='bbox 777 1306 932 1369; x_wconf 78' lang='lat' dir='ltr'><strong>denuoi.</strong></span> <span class='ocrx_word' id='word_1_75' title='bbox 955 1324 1062 1368; x_wconf 88' lang='lat' dir='ltr'><strong>eornm.</strong></span> <span class='ocrx_word' id='word_1_76' title='bbox 1093 1306 1156 1368; x_wconf 84' lang='lat' dir='ltr'><strong>erit</strong></span> <span class='ocrx_word' id='word_1_77' title='bbox 1176 1326 1207 1387; x_wconf 90' lang='lat' dir='ltr'><strong>p.</strong></span> <span class='ocrx_word' id='word_1_78' title='bbox 1227 1304 1303 1380; x_wconf 79' lang='lat'><strong>238,</strong></span> <span class='ocrx_word' id='word_1_79' title='bbox 1329 1324 1367 1368; x_wconf 89' lang='lat' dir='ltr'><strong>nc</strong></span> <span class='ocrx_word' id='word_1_80' title='bbox 1387 1307 1447 1368; x_wconf 88' lang='lat' dir='ltr'><strong>hoe</strong></span> 
     </span>
     <span class='ocr_line' id='line_1_10' title="bbox 292 1399 1446 1493; baseline -0.001 -22"><span class='ocrx_word' id='word_1_81' title='bbox 292 1408 410 1489; x_wconf 87' lang='lat' dir='ltr'><strong>quidem</strong></span> <span class='ocrx_word' id='word_1_82' title='bbox 431 1399 515 1470; x_wconf 73' lang='lat' dir='ltr'><strong>cilici</strong></span> <span class='ocrx_word' id='word_1_83' title='bbox 538 1404 661 1488; x_wconf 77' lang='grc' dir='ltr'><strong><em>μᾶλλον</em></strong></span> <span class='ocrx_word' id='word_1_84' title='bbox 682 1402 782 1472; x_wconf 80' lang='grc' dir='ltr'><strong><em>πόλιν</em></strong></span> <span class='ocrx_word' id='word_1_85' title='bbox 803 1400 880 1493; x_wconf 74' lang='grc' dir='ltr'><strong>ὅλην</strong></span> <span class='ocrx_word' id='word_1_86' title='bbox 901 1409 1060 1472; x_wconf 87' lang='lat' dir='ltr'><strong>sententiae</strong></span> <span class='ocrx_word' id='word_1_87' title='bbox 1081 1408 1259 1483; x_wconf 78' lang='lat' dir='ltr'><strong>satisfacere,</strong></span> <span class='ocrx_word' id='word_1_88' title='bbox 1281 1408 1339 1471; x_wconf 88' lang='lat' dir='ltr'><strong>nisi</strong></span> <span class='ocrx_word' id='word_1_89' title='bbox 1357 1408 1446 1471; x_wconf 88' lang='lat' dir='ltr'><strong>etiam</strong></span> 
     </span>
     <span class='ocr_line' id='line_1_11' title="bbox 292 1502 1447 1592; baseline 0 -19"><span class='ocrx_word' id='word_1_90' title='bbox 292 1503 392 1589; x_wconf 74' lang='grc' dir='ltr'><strong><em>μόνον</em></strong></span> <span class='ocrx_word' id='word_1_91' title='bbox 406 1509 442 1571; x_wconf 85' lang='lat' dir='ltr'><strong>ad</strong></span> <span class='ocrx_word' id='word_1_92' title='bbox 457 1502 586 1584; x_wconf 73' lang='grc' dir='ltr'><strong><em>αὐτους</em></strong></span> <span class='ocrx_word' id='word_1_93' title='bbox 600 1502 728 1585; x_wconf 74' lang='grc' dir='ltr'><strong><em>αἰτίους</em></strong></span> <span class='ocrx_word' id='word_1_94' title='bbox 742 1511 926 1592; x_wconf 80' lang='lat' dir='ltr'><strong>suppleatur3</strong></span> <span class='ocrx_word' id='word_1_95' title='bbox 940 1512 1049 1592; x_wconf 86' lang='lat' dir='ltr'><strong>quippe</strong></span> <span class='ocrx_word' id='word_1_96' title='bbox 1058 1518 1121 1574; x_wconf 90' lang='lat' dir='ltr'><strong>teta</strong></span> <span class='ocrx_word' id='word_1_97' title='bbox 1130 1510 1202 1574; x_wconf 88' lang='lat' dir='ltr'><strong>urbe</strong></span> <span class='ocrx_word' id='word_1_98' title='bbox 1216 1530 1316 1573; x_wconf 84' lang='lat' dir='ltr'><strong>eversa</strong></span> <span class='ocrx_word' id='word_1_99' title='bbox 1325 1529 1447 1573; x_wconf 76' lang='lat' dir='ltr'><strong>necoese</strong></span> 
     </span>
     <span class='ocr_line' id='line_1_12' title="bbox 293 1610 1447 1694; baseline 0.001 -21"><span class='ocrx_word' id='word_1_100' title='bbox 293 1610 384 1673; x_wconf 89' lang='lat' dir='ltr'><strong>luisse</strong></span> <span class='ocrx_word' id='word_1_101' title='bbox 398 1618 432 1672; x_wconf 92' lang='lat' dir='ltr'><strong>ut</strong></span> <span class='ocrx_word' id='word_1_102' title='bbox 445 1610 532 1672; x_wconf 62' lang='lat' dir='ltr'><strong>mam</strong></span> <span class='ocrx_word' id='word_1_103' title='bbox 548 1619 649 1674; x_wconf 88' lang='lat' dir='ltr'><strong>sontes</strong></span> <span class='ocrx_word' id='word_1_104' title='bbox 664 1611 805 1692; x_wconf 81' lang='lat' dir='ltr'><strong>perirent3</strong></span> <span class='ocrx_word' id='word_1_105' title='bbox 830 1612 882 1675; x_wconf 88' lang='lat' dir='ltr'><strong>sed</strong></span> <span class='ocrx_word' id='word_1_106' title='bbox 902 1612 1131 1694; x_wconf 75' lang='lat' dir='ltr'><strong>prudentissime</strong></span> <span class='ocrx_word' id='word_1_107' title='bbox 1148 1613 1237 1675; x_wconf 92' lang='lat' dir='ltr'><strong>nobis</strong></span> <span class='ocrx_word' id='word_1_108' title='bbox 1256 1613 1293 1675; x_wconf 95' lang='lat' dir='ltr'><strong>de</strong></span> <span class='ocrx_word' id='word_1_109' title='bbox 1310 1614 1366 1676; x_wconf 88' lang='lat' dir='ltr'><strong>bae</strong></span> <span class='ocrx_word' id='word_1_110' title='bbox 1383 1613 1447 1675; x_wconf 84' lang='lat' dir='ltr'><strong>lor-</strong></span> 
     </span>
     <span class='ocr_line' id='line_1_13' title="bbox 292 1700 1447 1795; baseline 0.004 -22"><span class='ocrx_word' id='word_1_111' title='bbox 292 1712 372 1775; x_wconf 84' lang='lat' dir='ltr'><strong>mule</strong></span> <span class='ocrx_word' id='word_1_112' title='bbox 396 1707 522 1792; x_wconf 66' lang='lat' dir='ltr'><strong>pellor</strong></span> <span class='ocrx_word' id='word_1_113' title='bbox 539 1700 563 1795; x_wconf 78' lang='grc' dir='ltr'>ἢ</span> <span class='ocrx_word' id='word_1_114' title='bbox 582 1702 620 1775; x_wconf 76' lang='grc' dir='ltr'><strong>οὗ</strong></span> <span class='ocrx_word' id='word_1_115' title='bbox 639 1713 836 1776; x_wconf 83' lang='lat' dir='ltr'><strong>Buttmannus</strong></span> <span class='ocrx_word' id='word_1_116' title='bbox 859 1714 1036 1779; x_wconf 75' lang='lat' dir='ltr'><strong>disseruisse</strong></span> <span class='ocrx_word' id='word_1_117' title='bbox 1053 1716 1166 1778; x_wconf 86' lang='lat' dir='ltr'><strong>ridetur</strong></span> <span class='ocrx_word' id='word_1_118' title='bbox 1184 1716 1220 1778; x_wconf 87' lang='lat' dir='ltr'><strong>ed</strong></span> <span class='ocrx_word' id='word_1_119' title='bbox 1239 1715 1447 1779; x_wconf 72' lang='lat' dir='ltr'><strong>[demosthenis</strong></span> 
     </span>
     <span class='ocr_line' id='line_1_14' title="bbox 292 1814 1446 1898; baseline 0.004 -21"><span class='ocrx_word' id='word_1_120' title='bbox 292 1814 408 1877; x_wconf 81' lang='lat' dir='ltr'><strong>Midian.</strong></span> <span class='ocrx_word' id='word_1_121' title='bbox 423 1833 453 1895; x_wconf 89' lang='lat' dir='ltr'><strong>p.</strong></span> <span class='ocrx_word' id='word_1_122' title='bbox 479 1815 547 1876; x_wconf 91' lang='grc'><strong>144.</strong></span> <span class='ocrx_word' id='word_1_123' title='bbox 570 1816 639 1876; x_wconf 86' lang='grc'><strong>145.</strong></span> <span class='ocrx_word' id='word_1_124' title='bbox 682 1815 850 1896; x_wconf 82' lang='lat' dir='ltr'><strong>„Qnippe,“</strong></span> <span class='ocrx_word' id='word_1_125' title='bbox 866 1817 914 1891; x_wconf 86' lang='lat' dir='ltr'><strong>ait,</strong></span> <span class='ocrx_word' id='word_1_126' title='bbox 931 1819 1000 1898; x_wconf 88' lang='lat' dir='ltr'><strong>„qui</strong></span> <span class='ocrx_word' id='word_1_127' title='bbox 1014 1818 1098 1893; x_wconf 88' lang='lat' dir='ltr'><strong>dicit,</strong></span> <span class='ocrx_word' id='word_1_128' title='bbox 1112 1815 1210 1881; x_wconf 75' lang='grc' dir='ltr'><strong><em>τοῦτο</em></strong></span> <span class='ocrx_word' id='word_1_129' title='bbox 1223 1814 1350 1898; x_wconf 78' lang='grc' dir='ltr'><strong><em>μᾶλλον</em></strong></span> <span class='ocrx_word' id='word_1_130' title='bbox 1363 1837 1446 1882; x_wconf 81' lang='grc' dir='ltr'><strong><em>ποι-</em></strong></span> 
     </span>
     <span class='ocr_line' id='line_1_15' title="bbox 291 1905 1448 2001; baseline 0.004 -22"><span class='ocrx_word' id='word_1_131' title='bbox 291 1909 363 2001; x_wconf 80' lang='grc' dir='ltr'><strong>ήσω</strong></span> <span class='ocrx_word' id='word_1_132' title='bbox 376 1905 401 2000; x_wconf 76' lang='grc' dir='ltr'>ἢ</span> <span class='ocrx_word' id='word_1_133' title='bbox 413 1909 528 1994; x_wconf 72' lang='grc' dir='ltr'><strong><em>ἐκεῖνο,</em></strong></span> <span class='ocrx_word' id='word_1_134' title='bbox 542 1918 777 1980; x_wconf 81' lang='lat' dir='ltr'><strong>affirmationead</strong></span> <span class='ocrx_word' id='word_1_135' title='bbox 791 1915 889 1982; x_wconf 83' lang='grc' dir='ltr'><strong><em>τοῦτο</em></strong></span> <span class='ocrx_word' id='word_1_136' title='bbox 900 1920 997 1995; x_wconf 87' lang='lat' dir='ltr'><strong>relata,</strong></span> <span class='ocrx_word' id='word_1_137' title='bbox 1011 1928 1110 1983; x_wconf 91' lang='lat' dir='ltr'><strong>mente</strong></span> <span class='ocrx_word' id='word_1_138' title='bbox 1124 1930 1211 2000; x_wconf 84' lang='lat' dir='ltr'><strong>negat</strong></span> <span class='ocrx_word' id='word_1_139' title='bbox 1223 1920 1301 1983; x_wconf 86' lang='lat' dir='ltr'><strong>idem</strong></span> <span class='ocrx_word' id='word_1_140' title='bbox 1310 1930 1448 2001; x_wconf 87' lang='lat' dir='ltr'><strong>respectu</strong></span> 
     </span>
     <span class='ocr_line' id='line_1_16' title="bbox 292 2011 1447 2106; baseline 0.006 -25"><span class='ocrx_word' id='word_1_141' title='bbox 292 2011 431 2081; x_wconf 75' lang='grc' dir='ltr'><strong><em>ἒκείυουε</em></strong></span> <span class='ocrx_word' id='word_1_142' title='bbox 457 2020 536 2100; x_wconf 92' lang='lat' dir='ltr'><strong>quod</strong></span> <span class='ocrx_word' id='word_1_143' title='bbox 556 2019 669 2082; x_wconf 77' lang='lat' dir='ltr'><strong>suffecit</strong></span> <span class='ocrx_word' id='word_1_144' title='bbox 687 2021 753 2082; x_wconf 89' lang='lat' dir='ltr'><strong>usui</strong></span> <span class='ocrx_word' id='word_1_145' title='bbox 778 2020 814 2082; x_wconf 92' lang='lat' dir='ltr'><strong>ad</strong></span> <span class='ocrx_word' id='word_1_146' title='bbox 832 2021 1025 2101; x_wconf 86' lang='lat' dir='ltr'><strong>effingendam</strong></span> <span class='ocrx_word' id='word_1_147' title='bbox 1044 2023 1200 2085; x_wconf 74' lang='lat' dir='ltr'><strong>formulam</strong></span> <span class='ocrx_word' id='word_1_148' title='bbox 1214 2019 1338 2103; x_wconf 75' lang='grc' dir='ltr'><strong><em>μᾶλλον</em></strong></span> <span class='ocrx_word' id='word_1_149' title='bbox 1350 2013 1374 2106; x_wconf 76' lang='grc' dir='ltr'>ἢ</span> <span class='ocrx_word' id='word_1_150' title='bbox 1387 2014 1447 2089; x_wconf 76' lang='grc' dir='ltr'><strong>οὐκ</strong></span> 
     </span>
     <span class='ocr_line' id='line_1_17' title="bbox 291 2115 1446 2207; baseline 0.003 -23"><span class='ocrx_word' id='word_1_151' title='bbox 291 2115 426 2184; x_wconf 53' lang='grc' dir='ltr'><strong>ἐκεῖνοί(</strong></span> <span class='ocrx_word' id='word_1_152' title='bbox 473 2121 627 2185; x_wconf 84' lang='lat' dir='ltr'><strong>Consentit</strong></span> <span class='ocrx_word' id='word_1_153' title='bbox 641 2140 708 2185; x_wconf 89' lang='lat' dir='ltr'><strong>cum</strong></span> <span class='ocrx_word' id='word_1_154' title='bbox 727 2122 906 2185; x_wconf 88' lang='lat' dir='ltr'><strong>Buttmanno</strong></span> <span class='ocrx_word' id='word_1_155' title='bbox 926 2123 1012 2186; x_wconf 91' lang='lat' dir='ltr'><strong>etiam</strong></span> <span class='ocrx_word' id='word_1_156' title='bbox 1028 2124 1100 2205; x_wconf 91' lang='lat' dir='ltr'><strong>Aug.</strong></span> <span class='ocrx_word' id='word_1_157' title='bbox 1124 2124 1260 2187; x_wconf 85' lang='lat' dir='ltr'><strong>ldattlaiae</strong></span> <span class='ocrx_word' id='word_1_158' title='bbox 1281 2143 1324 2205; x_wconf 90' lang='lat' dir='ltr'><strong>gr.</strong></span> <span class='ocrx_word' id='word_1_159' title='bbox 1346 2124 1396 2187; x_wconf 84' lang='lat' dir='ltr'><strong>Gr.</strong></span> <span class='ocrx_word' id='word_1_160' title='bbox 1415 2145 1446 2207; x_wconf 91' lang='lat' dir='ltr'><strong>p.</strong></span> 
     </span>
     <span class='ocr_line' id='line_1_18' title="bbox 293 2224 1447 2308; baseline 0.003 -21"><span class='ocrx_word' id='word_1_161' title='bbox 293 2225 364 2288; x_wconf 83' lang='lat'><strong>805.</strong></span> <span class='ocrx_word' id='word_1_162' title='bbox 383 2225 429 2287; x_wconf 90' lang='lat' dir='ltr'><strong>ed.</strong></span> <span class='ocrx_word' id='word_1_163' title='bbox 450 2244 522 2300; x_wconf 77' lang='lat' dir='ltr'><strong>see3</strong></span> <span class='ocrx_word' id='word_1_164' title='bbox 540 2225 699 2304; x_wconf 87' lang='lat' dir='ltr'><strong>eademque</strong></span> <span class='ocrx_word' id='word_1_165' title='bbox 721 2224 807 2286; x_wconf 85' lang='lat' dir='ltr'><strong>etiam</strong></span> <span class='ocrx_word' id='word_1_166' title='bbox 827 2224 973 2289; x_wconf 86' lang='lat' dir='ltr'><strong>Sebaeleri</strong></span> <span class='ocrx_word' id='word_1_167' title='bbox 992 2227 1135 2289; x_wconf 87' lang='lat' dir='ltr'><strong>sententia</strong></span> <span class='ocrx_word' id='word_1_168' title='bbox 1160 2245 1227 2290; x_wconf 88' lang='lat' dir='ltr'><strong>esse</strong></span> <span class='ocrx_word' id='word_1_169' title='bbox 1246 2227 1372 2303; x_wconf 71' lang='lat' dir='ltr'><strong>videtin,</strong></span> <span class='ocrx_word' id='word_1_170' title='bbox 1396 2228 1447 2308; x_wconf 87' lang='lat' dir='ltr'><strong>qui</strong></span> 
     </span>
     <span class='ocr_line' id='line_1_19' title="bbox 291 2327 1448 2411; baseline 0.003 -21"><span class='ocrx_word' id='word_1_171' title='bbox 291 2328 322 2390; x_wconf 91' lang='lat' dir='ltr'><strong>in</strong></span> <span class='ocrx_word' id='word_1_172' title='bbox 339 2338 401 2390; x_wconf 89' lang='lat' dir='ltr'><strong>net</strong></span> <span class='ocrx_word' id='word_1_173' title='bbox 421 2327 457 2390; x_wconf 88' lang='lat' dir='ltr'><strong>ad</strong></span> <span class='ocrx_word' id='word_1_174' title='bbox 478 2328 629 2390; x_wconf 84' lang='lat' dir='ltr'><strong>Demostb.</strong></span> <span class='ocrx_word' id='word_1_175' title='bbox 651 2336 723 2390; x_wconf 85' lang='lat' dir='ltr'><strong>orat</strong></span> <span class='ocrx_word' id='word_1_176' title='bbox 748 2327 778 2389; x_wconf 89' lang='lat' dir='ltr'><strong>in</strong></span> <span class='ocrx_word' id='word_1_177' title='bbox 798 2328 926 2389; x_wconf 79' lang='lat' dir='ltr'><strong>Timotb.</strong></span> <span class='ocrx_word' id='word_1_178' title='bbox 947 2348 976 2408; x_wconf 90' lang='lat' dir='ltr'><strong>p.</strong></span> <span class='ocrx_word' id='word_1_179' title='bbox 1000 2329 1094 2404; x_wconf 84' lang='lat'><strong>1198,</strong></span> <span class='ocrx_word' id='word_1_180' title='bbox 1117 2331 1154 2391; x_wconf 83' lang='lat'><strong>15</strong></span> <span class='ocrx_word' id='word_1_181' title='bbox 1175 2338 1242 2410; x_wconf 86' lang='lat' dir='ltr'><strong>epte</strong></span> <span class='ocrx_word' id='word_1_182' title='bbox 1268 2331 1448 2411; x_wconf 82' lang='lat' dir='ltr'><strong>compararit</strong></span> 
     </span>
     <span class='ocr_line' id='line_1_20' title="bbox 292 2430 1447 2515; baseline 0.003 -22"><span class='ocrx_word' id='word_1_183' title='bbox 292 2430 440 2493; x_wconf 81' lang='lat' dir='ltr'><strong>Gaboraun</strong></span> <span class='ocrx_word' id='word_1_184' title='bbox 460 2437 546 2511; x_wconf 88' lang='lat' dir='ltr'><strong>atque</strong></span> <span class='ocrx_word' id='word_1_185' title='bbox 564 2430 704 2492; x_wconf 85' lang='lat' dir='ltr'><strong>ltalornm</strong></span> <span class='ocrx_word' id='word_1_186' title='bbox 721 2430 843 2505; x_wconf 78' lang='lat' dir='ltr'><strong>idioma,</strong></span> <span class='ocrx_word' id='word_1_187' title='bbox 868 2450 904 2493; x_wconf 81' lang='lat' dir='ltr'><strong>ee</strong></span> <span class='ocrx_word' id='word_1_188' title='bbox 918 2440 947 2493; x_wconf 89' lang='lat' dir='ltr'><strong>et</strong></span> <span class='ocrx_word' id='word_1_189' title='bbox 967 2449 1028 2494; x_wconf 80' lang='lat' dir='ltr'><strong>soe</strong></span> <span class='ocrx_word' id='word_1_190' title='bbox 1041 2433 1214 2512; x_wconf 86' lang='lat' dir='ltr'><strong>ponentium</strong></span> <span class='ocrx_word' id='word_1_191' title='bbox 1229 2441 1298 2513; x_wconf 91' lang='lat' dir='ltr'><strong>post</strong></span> <span class='ocrx_word' id='word_1_192' title='bbox 1310 2433 1379 2515; x_wconf 82' lang='lat' dir='ltr'><strong>placa</strong></span> <span class='ocrx_word' id='word_1_193' title='bbox 1391 2451 1447 2514; x_wconf 70' lang='lat' dir='ltr'><strong>que</strong></span> 
     </span>
     <span class='ocr_line' id='line_1_21' title="bbox 291 2531 1446 2615; baseline 0.001 -18"><span class='ocrx_word' id='word_1_194' title='bbox 291 2544 319 2597; x_wconf 90' lang='lat' dir='ltr'><strong>et</strong></span> <span class='ocrx_word' id='word_1_195' title='bbox 329 2534 385 2615; x_wconf 80' lang='lat' dir='ltr'><strong>pici</strong></span> <span class='ocrx_word' id='word_1_196' title='bbox 399 2531 456 2594; x_wconf 84' lang='lat' dir='ltr'><strong>ebe.</strong></span> <span class='ocrx_word' id='word_1_197' title='bbox 499 2532 593 2595; x_wconf 86' lang='lat' dir='ltr'><strong>Aliam</strong></span> <span class='ocrx_word' id='word_1_198' title='bbox 608 2532 684 2594; x_wconf 74' lang='lat' dir='ltr'><strong>mam</strong></span> <span class='ocrx_word' id='word_1_199' title='bbox 699 2532 858 2611; x_wconf 80' lang='lat' dir='ltr'><strong>ingreditur</strong></span> <span class='ocrx_word' id='word_1_200' title='bbox 872 2532 1016 2614; x_wconf 85' lang='lat' dir='ltr'><strong>Reisigius</strong></span> <span class='ocrx_word' id='word_1_201' title='bbox 1030 2534 1049 2595; x_wconf 90' lang='lat' dir='ltr'><strong>l.</strong></span> <span class='ocrx_word' id='word_1_202' title='bbox 1064 2533 1095 2608; x_wconf 89' lang='grc'><strong>1.,</strong></span> <span class='ocrx_word' id='word_1_203' title='bbox 1110 2552 1214 2597; x_wconf 81' lang='lat' dir='ltr'><strong>rursm</strong></span> <span class='ocrx_word' id='word_1_204' title='bbox 1229 2535 1315 2598; x_wconf 84' lang='lat' dir='ltr'><strong>obem</strong></span> <span class='ocrx_word' id='word_1_205' title='bbox 1329 2534 1446 2598; x_wconf 85' lang='lat' dir='ltr'><strong>Eduar-</strong></span> 
     </span>
    </p>
   </div>
   <div class='ocr_carea' id='block_1_3' title="bbox 259 2634 1447 2923">
    <p class='ocr_par' dir='ltr' id='par_1_3' title="bbox 259 2634 1447 2923">
     <span class='ocr_line' id='line_1_22' title="bbox 259 2634 1447 2718; baseline 0.001 -17"><span class='ocrx_word' id='word_1_206' title='bbox 259 2649 275 2701; x_wconf 80' lang='lat' dir='ltr'><strong>s</strong></span> <span class='ocrx_word' id='word_1_207' title='bbox 293 2637 349 2700; x_wconf 90' lang='lat' dir='ltr'><strong>dus</strong></span> <span class='ocrx_word' id='word_1_208' title='bbox 363 2634 509 2698; x_wconf 73' lang='lat' dir='ltr'><strong>llaenbch</strong></span> <span class='ocrx_word' id='word_1_209' title='bbox 523 2636 559 2697; x_wconf 90' lang='lat' dir='ltr'><strong>ad</strong></span> <span class='ocrx_word' id='word_1_210' title='bbox 574 2634 677 2715; x_wconf 79' lang='lat' dir='ltr'><strong>Lysiae</strong></span> <span class='ocrx_word' id='word_1_211' title='bbox 691 2636 864 2698; x_wconf 79' lang='lat' dir='ltr'><strong>emeterium</strong></span> <span class='ocrx_word' id='word_1_212' title='bbox 880 2654 909 2718; x_wconf 92' lang='lat' dir='ltr'><strong>p.</strong></span> <span class='ocrx_word' id='word_1_213' title='bbox 926 2638 982 2711; x_wconf 71' lang='lat' dir='ltr'><strong>to,</strong></span> <span class='ocrx_word' id='word_1_214' title='bbox 1001 2637 1052 2700; x_wconf 88' lang='lat' dir='ltr'><strong>sed</strong></span> <span class='ocrx_word' id='word_1_215' title='bbox 1068 2636 1104 2699; x_wconf 89' lang='lat' dir='ltr'><strong>de</strong></span> <span class='ocrx_word' id='word_1_216' title='bbox 1124 2637 1172 2699; x_wconf 89' lang='lat' dir='ltr'><strong>his</strong></span> <span class='ocrx_word' id='word_1_217' title='bbox 1187 2655 1267 2700; x_wconf 88' lang='lat' dir='ltr'><strong>nnnc</strong></span> <span class='ocrx_word' id='word_1_218' title='bbox 1280 2637 1447 2702; x_wconf 78' lang='lat' dir='ltr'><strong>acmratius</strong></span> 
     </span>
     <span class='ocr_line' id='line_1_23' title="bbox 277 2738 1446 2821; baseline -0.002 -16"><span class='ocrx_word' id='word_1_219' title='bbox 277 2740 439 2821; x_wconf 84' lang='lat' dir='ltr'><strong>&#39;disputare</strong></span> <span class='ocrx_word' id='word_1_220' title='bbox 457 2756 519 2799; x_wconf 92' lang='lat' dir='ltr'><strong>non</strong></span> <span class='ocrx_word' id='word_1_221' title='bbox 538 2746 628 2801; x_wconf 81' lang='lat' dir='ltr'><strong>vacat</strong></span> <span class='ocrx_word' id='word_1_222' title='bbox 670 2738 772 2800; x_wconf 85' lang='lat' dir='ltr'><strong>Restat</strong></span> <span class='ocrx_word' id='word_1_223' title='bbox 792 2738 870 2800; x_wconf 88' lang='lat' dir='ltr'><strong>enirn</strong></span> <span class='ocrx_word' id='word_1_224' title='bbox 890 2752 922 2802; x_wconf 90' lang='lat' dir='ltr'><strong>ut</strong></span> <span class='ocrx_word' id='word_1_225' title='bbox 937 2739 1085 2803; x_wconf 87' lang='lat' dir='ltr'><strong>videamus</strong></span> <span class='ocrx_word' id='word_1_226' title='bbox 1104 2740 1141 2802; x_wconf 89' lang='lat' dir='ltr'><strong>de</strong></span> <span class='ocrx_word' id='word_1_227' title='bbox 1159 2759 1227 2802; x_wconf 84' lang='lat' dir='ltr'><strong>vera</strong></span> <span class='ocrx_word' id='word_1_228' title='bbox 1245 2739 1359 2803; x_wconf 89' lang='lat' dir='ltr'><strong>ratione</strong></span> <span class='ocrx_word' id='word_1_229' title='bbox 1377 2759 1446 2803; x_wconf 83' lang='lat' dir='ltr'><strong>ver-</strong></span> 
     </span>
     <span class='ocr_line' id='line_1_24' title="bbox 292 2841 1447 2923; baseline -0.003 -15"><span class='ocrx_word' id='word_1_230' title='bbox 292 2862 379 2908; x_wconf 89' lang='lat' dir='ltr'><strong>suum</strong></span> <span class='ocrx_word' id='word_1_231' title='bbox 398 2841 630 2923; x_wconf 85' lang='lat' dir='ltr'><strong>Sophocleerum</strong></span> <span class='ocrx_word' id='word_1_232' title='bbox 651 2841 727 2904; x_wconf 89' lang='lat' dir='ltr'><strong>inter</strong></span> <span class='ocrx_word' id='word_1_233' title='bbox 746 2861 779 2903; x_wconf 93' lang='lat' dir='ltr'><strong>se</strong></span> <span class='ocrx_word' id='word_1_234' title='bbox 798 2841 1062 2915; x_wconf 78' lang='lat' dir='ltr'><strong>conciliandorum,</strong></span> <span class='ocrx_word' id='word_1_235' title='bbox 1082 2861 1139 2923; x_wconf 88' lang='lat' dir='ltr'><strong>qua</strong></span> <span class='ocrx_word' id='word_1_236' title='bbox 1158 2841 1194 2904; x_wconf 89' lang='lat' dir='ltr'><strong>de</strong></span> <span class='ocrx_word' id='word_1_237' title='bbox 1208 2861 1241 2903; x_wconf 92' lang='lat' dir='ltr'><strong>re</strong></span> <span class='ocrx_word' id='word_1_238' title='bbox 1255 2841 1374 2923; x_wconf 80' lang='lat' dir='ltr'><strong>prebui</strong></span> <span class='ocrx_word' id='word_1_239' title='bbox 1387 2860 1447 2905; x_wconf 93' lang='lat' dir='ltr'><strong>no-</strong></span> 
     </span>
    </p>
   </div>
   <div class='ocr_carea' id='block_1_4' title="bbox 288 2943 1448 4456">
    <p class='ocr_par' dir='ltr' id='par_1_4' title="bbox 289 2943 1448 3740">
     <span class='ocr_line' id='line_1_25' title="bbox 291 2943 1447 3025; baseline -0.002 -16"><span class='ocrx_word' id='word_1_240' title='bbox 291 2947 337 3010; x_wconf 91' lang='lat' dir='ltr'><strong>bis</strong></span> <span class='ocrx_word' id='word_1_241' title='bbox 356 2943 485 3007; x_wconf 82' lang='lat' dir='ltr'><strong>Triclinii</strong></span> <span class='ocrx_word' id='word_1_242' title='bbox 504 2943 676 3006; x_wconf 85' lang='lat' dir='ltr'><strong>sententiam</strong></span> <span class='ocrx_word' id='word_1_243' title='bbox 703 2961 793 3024; x_wconf 88' lang='lat' dir='ltr'><strong>supra</strong></span> <span class='ocrx_word' id='word_1_244' title='bbox 813 2943 953 3018; x_wconf 83' lang='lat' dir='ltr'><strong>diximus,</strong></span> <span class='ocrx_word' id='word_1_245' title='bbox 979 2944 1076 3025; x_wconf 89' lang='lat' dir='ltr'><strong>paullo</strong></span> <span class='ocrx_word' id='word_1_246' title='bbox 1091 2954 1188 3007; x_wconf 88' lang='lat' dir='ltr'><strong>tamen</strong></span> <span class='ocrx_word' id='word_1_247' title='bbox 1211 2944 1373 3007; x_wconf 80' lang='lat' dir='ltr'><strong>amuratius</strong></span> <span class='ocrx_word' id='word_1_248' title='bbox 1392 2964 1447 3007; x_wconf 83' lang='lat' dir='ltr'><strong>ex-</strong></span> 
     </span>
     <span class='ocr_line' id='line_1_26' title="bbox 290 3046 1448 3130; baseline -0.001 -20"><span class='ocrx_word' id='word_1_249' title='bbox 290 3047 462 3130; x_wconf 88' lang='lat' dir='ltr'><strong>plicandam.</strong></span> <span class='ocrx_word' id='word_1_250' title='bbox 506 3046 618 3126; x_wconf 88' lang='lat' dir='ltr'><strong>Nempe</strong></span> <span class='ocrx_word' id='word_1_251' title='bbox 632 3047 743 3109; x_wconf 79' lang='lat' dir='ltr'><strong>dixerat</strong></span> <span class='ocrx_word' id='word_1_252' title='bbox 756 3048 958 3124; x_wconf 79' lang='lat' dir='ltr'><strong>Agamemnon</strong></span> <span class='ocrx_word' id='word_1_253' title='bbox 973 3046 1090 3127; x_wconf 84' lang='lat' dir='ltr'><strong>Ajacem</strong></span> <span class='ocrx_word' id='word_1_254' title='bbox 1110 3065 1255 3127; x_wconf 88' lang='lat' dir='ltr'><strong>nusquam</strong></span> <span class='ocrx_word' id='word_1_255' title='bbox 1271 3046 1370 3121; x_wconf 76' lang='lat' dir='ltr'><strong>tussa</strong></span> <span class='ocrx_word' id='word_1_256' title='bbox 1386 3047 1448 3109; x_wconf 90' lang='lat' dir='ltr'><strong>nisi</strong></span> 
     </span>
     <span class='ocr_line' id='line_1_27' title="bbox 290 3147 1446 3231; baseline -0.002 -18"><span class='ocrx_word' id='word_1_257' title='bbox 290 3151 339 3214; x_wconf 95' lang='lat' dir='ltr'><strong>ubi</strong></span> <span class='ocrx_word' id='word_1_258' title='bbox 361 3151 426 3230; x_wconf 91' lang='lat' dir='ltr'><strong>ipse</strong></span> <span class='ocrx_word' id='word_1_259' title='bbox 444 3167 561 3229; x_wconf 92' lang='lat' dir='ltr'><strong>queque</strong></span> <span class='ocrx_word' id='word_1_260' title='bbox 582 3149 694 3210; x_wconf 81' lang='lat' dir='ltr'><strong>luisset</strong></span> <span class='ocrx_word' id='word_1_261' title='bbox 738 3147 802 3209; x_wconf 88' lang='lat' dir='ltr'><strong>lloc</strong></span> <span class='ocrx_word' id='word_1_262' title='bbox 820 3149 930 3209; x_wconf 79' lang='lat' dir='ltr'><strong>Teucer</strong></span> <span class='ocrx_word' id='word_1_263' title='bbox 951 3148 981 3210; x_wconf 92' lang='lat' dir='ltr'><strong>in</strong></span> <span class='ocrx_word' id='word_1_264' title='bbox 1001 3168 1066 3211; x_wconf 82' lang='lat' dir='ltr'><strong>eom</strong></span> <span class='ocrx_word' id='word_1_265' title='bbox 1087 3150 1259 3212; x_wconf 87' lang='lat' dir='ltr'><strong>sententiam</strong></span> <span class='ocrx_word' id='word_1_266' title='bbox 1280 3149 1446 3231; x_wconf 87' lang='lat' dir='ltr'><strong>detorquet,</strong></span> 
     </span>
     <span class='ocr_line' id='line_1_28' title="bbox 290 3250 1447 3335; baseline -0.001 -20"><span class='ocrx_word' id='word_1_267' title='bbox 290 3253 374 3335; x_wconf 87' lang='lat' dir='ltr'><strong>quasi</strong></span> <span class='ocrx_word' id='word_1_268' title='bbox 399 3252 516 3332; x_wconf 82' lang='lat' dir='ltr'><strong>Ajacem</strong></span> <span class='ocrx_word' id='word_1_269' title='bbox 541 3251 743 3329; x_wconf 77' lang='lat' dir='ltr'><strong>Agamemnon</strong></span> <span class='ocrx_word' id='word_1_270' title='bbox 768 3266 893 3331; x_wconf 89' lang='lat' dir='ltr'><strong>usquam</strong></span> <span class='ocrx_word' id='word_1_271' title='bbox 919 3250 1010 3313; x_wconf 83' lang='lat' dir='ltr'><strong>misse</strong></span> <span class='ocrx_word' id='word_1_272' title='bbox 1034 3252 1187 3331; x_wconf 81' lang='lat' dir='ltr'><strong>negaverit</strong></span> <span class='ocrx_word' id='word_1_273' title='bbox 1236 3250 1351 3314; x_wconf 86' lang='lat' dir='ltr'><strong>Scilicet</strong></span> <span class='ocrx_word' id='word_1_274' title='bbox 1369 3254 1447 3333; x_wconf 78' lang='lat' dir='ltr'><strong>Age·</strong></span> 
     </span>
     <span class='ocr_line' id='line_1_29' title="bbox 290 3352 1447 3434; baseline -0.003 -15"><span class='ocrx_word' id='word_1_275' title='bbox 290 3372 478 3418; x_wconf 88' lang='lat' dir='ltr'><strong>memnonem</strong></span> <span class='ocrx_word' id='word_1_276' title='bbox 493 3370 638 3432; x_wconf 86' lang='lat' dir='ltr'><strong>nusquam</strong></span> <span class='ocrx_word' id='word_1_277' title='bbox 653 3352 743 3415; x_wconf 86' lang='lat' dir='ltr'><strong>luisse</strong></span> <span class='ocrx_word' id='word_1_278' title='bbox 762 3352 889 3415; x_wconf 88' lang='lat' dir='ltr'><strong>indicare</strong></span> <span class='ocrx_word' id='word_1_279' title='bbox 907 3354 975 3415; x_wconf 76' lang='lat' dir='ltr'><strong>vult.</strong></span> <span class='ocrx_word' id='word_1_280' title='bbox 1020 3352 1135 3428; x_wconf 81' lang='lat' dir='ltr'><strong>Quodsi</strong></span> <span class='ocrx_word' id='word_1_281' title='bbox 1155 3356 1356 3434; x_wconf 80' lang='lat' dir='ltr'><strong>Agamemnon</strong></span> <span class='ocrx_word' id='word_1_282' title='bbox 1370 3372 1447 3416; x_wconf 90' lang='lat' dir='ltr'><strong>nus-</strong></span> 
     </span>
     <span class='ocr_line' id='line_1_30' title="bbox 290 3454 1447 3539; baseline 0 -20"><span class='ocrx_word' id='word_1_283' title='bbox 290 3476 378 3538; x_wconf 89' lang='lat' dir='ltr'><strong>quam</strong></span> <span class='ocrx_word' id='word_1_284' title='bbox 392 3455 494 3528; x_wconf 86' lang='lat' dir='ltr'><strong>lncrit,</strong></span> <span class='ocrx_word' id='word_1_285' title='bbox 517 3454 588 3535; x_wconf 75' lang='lat' dir='ltr'><strong>Aiax</strong></span> <span class='ocrx_word' id='word_1_286' title='bbox 603 3463 699 3517; x_wconf 88' lang='lat' dir='ltr'><strong>autem</strong></span> <span class='ocrx_word' id='word_1_287' title='bbox 714 3473 860 3537; x_wconf 85' lang='lat' dir='ltr'><strong>nusquam</strong></span> <span class='ocrx_word' id='word_1_288' title='bbox 879 3455 936 3518; x_wconf 91' lang='lat' dir='ltr'><strong>nisi</strong></span> <span class='ocrx_word' id='word_1_289' title='bbox 950 3456 1000 3518; x_wconf 92' lang='lat' dir='ltr'><strong>ubi</strong></span> <span class='ocrx_word' id='word_1_290' title='bbox 1014 3458 1225 3535; x_wconf 88' lang='lat' dir='ltr'><strong>Agamemnon,</strong></span> <span class='ocrx_word' id='word_1_291' title='bbox 1239 3456 1363 3519; x_wconf 77' lang='lat' dir='ltr'><strong>elicitur</strong></span> <span class='ocrx_word' id='word_1_292' title='bbox 1376 3458 1447 3539; x_wconf 83' lang='lat' dir='ltr'><strong>Aja-</strong></span> 
     </span>
     <span class='ocr_line' id='line_1_31' title="bbox 290 3556 1447 3639; baseline 0 -18"><span class='ocrx_word' id='word_1_293' title='bbox 290 3578 353 3621; x_wconf 88' lang='lat' dir='ltr'><strong>cem</strong></span> <span class='ocrx_word' id='word_1_294' title='bbox 368 3576 428 3620; x_wconf 91' lang='lat' dir='ltr'><strong>nen</strong></span> <span class='ocrx_word' id='word_1_295' title='bbox 442 3556 535 3637; x_wconf 91' lang='lat' dir='ltr'><strong>magis</strong></span> <span class='ocrx_word' id='word_1_296' title='bbox 550 3575 674 3637; x_wconf 88' lang='lat' dir='ltr'><strong>usquam</strong></span> <span class='ocrx_word' id='word_1_297' title='bbox 690 3557 788 3621; x_wconf 87' lang='lat' dir='ltr'><strong>luisse.</strong></span> <span class='ocrx_word' id='word_1_298' title='bbox 830 3560 925 3638; x_wconf 91' lang='lat' dir='ltr'><strong>Atque</strong></span> <span class='ocrx_word' id='word_1_299' title='bbox 938 3559 997 3619; x_wconf 89' lang='lat' dir='ltr'><strong>boe</strong></span> <span class='ocrx_word' id='word_1_300' title='bbox 1016 3558 1055 3620; x_wconf 88' lang='lat' dir='ltr'><strong>ita</strong></span> <span class='ocrx_word' id='word_1_301' title='bbox 1069 3559 1189 3639; x_wconf 87' lang='lat' dir='ltr'><strong>planum</strong></span> <span class='ocrx_word' id='word_1_302' title='bbox 1204 3566 1291 3639; x_wconf 89' lang='lat' dir='ltr'><strong>atque</strong></span> <span class='ocrx_word' id='word_1_303' title='bbox 1304 3559 1386 3622; x_wconf 88' lang='lat' dir='ltr'><strong>lacile</strong></span> <span class='ocrx_word' id='word_1_304' title='bbox 1400 3560 1447 3621; x_wconf 81' lang='lat' dir='ltr'><strong>ri·</strong></span> 
     </span>
     <span class='ocr_line' id='line_1_32' title="bbox 289 3659 1022 3740; baseline -0.003 -15"><span class='ocrx_word' id='word_1_305' title='bbox 289 3664 382 3737; x_wconf 91' lang='lat' dir='ltr'><strong>detur,</strong></span> <span class='ocrx_word' id='word_1_306' title='bbox 396 3668 429 3722; x_wconf 92' lang='lat' dir='ltr'><strong>ut</strong></span> <span class='ocrx_word' id='word_1_307' title='bbox 444 3659 562 3722; x_wconf 82' lang='lat' dir='ltr'><strong>verbum</strong></span> <span class='ocrx_word' id='word_1_308' title='bbox 576 3677 638 3722; x_wconf 89' lang='lat' dir='ltr'><strong>non</strong></span> <span class='ocrx_word' id='word_1_309' title='bbox 654 3660 779 3740; x_wconf 87' lang='lat' dir='ltr'><strong>amplius</strong></span> <span class='ocrx_word' id='word_1_310' title='bbox 794 3660 961 3723; x_wconf 89' lang='lat' dir='ltr'><strong>addendum</strong></span> <span class='ocrx_word' id='word_1_311' title='bbox 975 3660 1022 3723; x_wconf 85' lang='lat' dir='ltr'><strong>sit</strong></span> 
     </span>
    </p>

    <p class='ocr_par' dir='ltr' id='par_1_5' title="bbox 288 3761 1448 4338">
     <span class='ocr_line' id='line_1_33' title="bbox 375 3761 1448 3841; baseline 0.002 -17"><span class='ocrx_word' id='word_1_312' title='bbox 375 3761 462 3838; x_wconf 85' lang='lat' dir='ltr'><strong>Quod</strong></span> <span class='ocrx_word' id='word_1_313' title='bbox 476 3761 622 3841; x_wconf 88' lang='lat' dir='ltr'><strong>reliquum</strong></span> <span class='ocrx_word' id='word_1_314' title='bbox 637 3770 696 3837; x_wconf 87' lang='lat' dir='ltr'><strong>est,</strong></span> <span class='ocrx_word' id='word_1_315' title='bbox 717 3762 858 3824; x_wconf 91' lang='lat' dir='ltr'><strong>menendi</strong></span> <span class='ocrx_word' id='word_1_316' title='bbox 880 3761 966 3824; x_wconf 90' lang='lat' dir='ltr'><strong>nobis</strong></span> <span class='ocrx_word' id='word_1_317' title='bbox 986 3761 1071 3837; x_wconf 90' lang='lat' dir='ltr'><strong>estis,</strong></span> <span class='ocrx_word' id='word_1_318' title='bbox 1091 3762 1329 3837; x_wconf 70' lang='lat' dir='ltr'><strong>commilitones,</strong></span> <span class='ocrx_word' id='word_1_319' title='bbox 1349 3773 1382 3825; x_wconf 90' lang='lat' dir='ltr'><strong>ut</strong></span> <span class='ocrx_word' id='word_1_320' title='bbox 1402 3765 1448 3827; x_wconf 89' lang='lat' dir='ltr'><strong>le-</strong></span> 
     </span>
     <span class='ocr_line' id='line_1_34' title="bbox 288 3864 1448 3947; baseline 0.001 -19"><span class='ocrx_word' id='word_1_321' title='bbox 288 3865 413 3939; x_wconf 89' lang='lat' dir='ltr'><strong>riarum,</strong></span> <span class='ocrx_word' id='word_1_322' title='bbox 428 3883 500 3946; x_wconf 89' lang='lat' dir='ltr'><strong>quas</strong></span> <span class='ocrx_word' id='word_1_323' title='bbox 515 3865 649 3947; x_wconf 85' lang='lat' dir='ltr'><strong>proxime</strong></span> <span class='ocrx_word' id='word_1_324' title='bbox 663 3865 773 3927; x_wconf 86' lang='lat' dir='ltr'><strong>instare</strong></span> <span class='ocrx_word' id='word_1_325' title='bbox 785 3864 897 3938; x_wconf 88' lang='lat' dir='ltr'><strong>nostis,</strong></span> <span class='ocrx_word' id='word_1_326' title='bbox 925 3864 985 3925; x_wconf 90' lang='lat' dir='ltr'><strong>otio</strong></span> <span class='ocrx_word' id='word_1_327' title='bbox 1002 3864 1078 3927; x_wconf 90' lang='lat' dir='ltr'><strong>bene</strong></span> <span class='ocrx_word' id='word_1_328' title='bbox 1098 3884 1133 3928; x_wconf 86' lang='lat' dir='ltr'><strong>ae</strong></span> <span class='ocrx_word' id='word_1_329' title='bbox 1151 3865 1305 3929; x_wconf 82' lang='lat' dir='ltr'><strong>salubriter</strong></span> <span class='ocrx_word' id='word_1_330' title='bbox 1324 3866 1354 3928; x_wconf 89' lang='lat' dir='ltr'><strong>b.</strong></span> <span class='ocrx_word' id='word_1_331' title='bbox 1369 3886 1395 3928; x_wconf 89' lang='lat' dir='ltr'><strong>e.</strong></span> <span class='ocrx_word' id='word_1_332' title='bbox 1415 3868 1448 3929; x_wconf 93' lang='lat' dir='ltr'><strong>in</strong></span> 
     </span>
     <span class='ocr_line' id='line_1_35' title="bbox 288 3966 1448 4050; baseline 0.001 -20"><span class='ocrx_word' id='word_1_333' title='bbox 288 3967 509 4031; x_wconf 78' lang='lat' dir='ltr'><strong>henestaanimi</strong></span> <span class='ocrx_word' id='word_1_334' title='bbox 524 3976 610 4048; x_wconf 85' lang='lat' dir='ltr'><strong>atque</strong></span> <span class='ocrx_word' id='word_1_335' title='bbox 621 3966 755 4046; x_wconf 87' lang='lat' dir='ltr'><strong>corporis</strong></span> <span class='ocrx_word' id='word_1_336' title='bbox 769 3967 960 4041; x_wconf 82' lang='lat' dir='ltr'><strong>recreatione,</strong></span> <span class='ocrx_word' id='word_1_337' title='bbox 975 3984 1036 4029; x_wconf 91' lang='lat' dir='ltr'><strong>non</strong></span> <span class='ocrx_word' id='word_1_338' title='bbox 1050 3985 1104 4050; x_wconf 87' lang='lat' dir='ltr'><strong>per</strong></span> <span class='ocrx_word' id='word_1_339' title='bbox 1114 3968 1255 4031; x_wconf 86' lang='lat' dir='ltr'><strong>desidiam</strong></span> <span class='ocrx_word' id='word_1_340' title='bbox 1266 3980 1351 4050; x_wconf 83' lang='lat' dir='ltr'><strong>etque</strong></span> <span class='ocrx_word' id='word_1_341' title='bbox 1361 3970 1448 4049; x_wconf 81' lang='lat' dir='ltr'><strong>igna-</strong></span> 
     </span>
     <span class='ocr_line' id='line_1_36' title="bbox 289 4068 1447 4152; baseline 0.003 -22"><span class='ocrx_word' id='word_1_342' title='bbox 289 4069 365 4133; x_wconf 86' lang='lat' dir='ltr'><strong>viam</strong></span> <span class='ocrx_word' id='word_1_343' title='bbox 379 4079 571 4150; x_wconf 84' lang='lat' dir='ltr'><strong>consumpto,</strong></span> <span class='ocrx_word' id='word_1_344' title='bbox 591 4069 627 4131; x_wconf 90' lang='lat' dir='ltr'><strong>ad</strong></span> <span class='ocrx_word' id='word_1_345' title='bbox 642 4068 778 4131; x_wconf 79' lang='lat' dir='ltr'><strong>bibernm</strong></span> <span class='ocrx_word' id='word_1_346' title='bbox 793 4068 925 4143; x_wconf 85' lang='lat' dir='ltr'><strong>scholas,</strong></span> <span class='ocrx_word' id='word_1_347' title='bbox 947 4088 1019 4149; x_wconf 90' lang='lat' dir='ltr'><strong>quas</strong></span> <span class='ocrx_word' id='word_1_348' title='bbox 1035 4068 1124 4132; x_wconf 84' lang='lat' dir='ltr'><strong>Vobis</strong></span> <span class='ocrx_word' id='word_1_349' title='bbox 1139 4069 1309 4145; x_wconf 82' lang='lat' dir='ltr'><strong>indicimus,</strong></span> <span class='ocrx_word' id='word_1_350' title='bbox 1329 4081 1447 4152; x_wconf 88' lang='lat' dir='ltr'><strong>tempe-</strong></span> 
     </span>
     <span class='ocr_line' id='line_1_37' title="bbox 290 4169 1448 4256; baseline 0.003 -21"><span class='ocrx_word' id='word_1_351' title='bbox 290 4172 363 4235; x_wconf 83' lang='lat' dir='ltr'><strong>stive</strong></span> <span class='ocrx_word' id='word_1_352' title='bbox 376 4171 512 4246; x_wconf 82' lang='lat' dir='ltr'><strong>redeatis,</strong></span> <span class='ocrx_word' id='word_1_353' title='bbox 527 4170 690 4250; x_wconf 85' lang='lat' dir='ltr'><strong>oblatisque</strong></span> <span class='ocrx_word' id='word_1_354' title='bbox 705 4169 834 4233; x_wconf 85' lang='lat' dir='ltr'><strong>discendi</strong></span> <span class='ocrx_word' id='word_1_355' title='bbox 849 4171 1119 4252; x_wconf 84' lang='lat' dir='ltr'><strong>opportunitatibus</strong></span> <span class='ocrx_word' id='word_1_356' title='bbox 1133 4172 1243 4236; x_wconf 78' lang='lat' dir='ltr'><strong>mtiter</strong></span> <span class='ocrx_word' id='word_1_357' title='bbox 1257 4182 1343 4256; x_wconf 85' lang='lat' dir='ltr'><strong>atque</strong></span> <span class='ocrx_word' id='word_1_358' title='bbox 1357 4173 1448 4238; x_wconf 90' lang='lat' dir='ltr'><strong>indu·</strong></span> 
     </span>
     <span class='ocr_line' id='line_1_38' title="bbox 288 4272 637 4338; baseline -0.009 0"><span class='ocrx_word' id='word_1_359' title='bbox 288 4274 359 4338; x_wconf 85' lang='lat' dir='ltr'><strong>strie</strong></span> <span class='ocrx_word' id='word_1_360' title='bbox 373 4273 506 4337; x_wconf 87' lang='lat' dir='ltr'><strong>utamini.</strong></span> <span class='ocrx_word' id='word_1_361' title='bbox 534 4272 637 4335; x_wconf 80' lang='lat' dir='ltr'><strong>valete.</strong></span> 
     </span>
    </p>

    <p class='ocr_par' dir='ltr' id='par_1_6' title="bbox 373 4374 1210 4456">
     <span class='ocr_line' id='line_1_39' title="bbox 373 4374 1210 4456; baseline 0.001 -17"><span class='ocrx_word' id='word_1_362' title='bbox 373 4377 436 4439; x_wconf 89' lang='lat' dir='ltr'><strong>Ser.</strong></span> <span class='ocrx_word' id='word_1_363' title='bbox 459 4374 702 4456; x_wconf 64' lang='lat' dir='ltr'><strong>Grppbiswaldiae</strong></span> <span class='ocrx_word' id='word_1_364' title='bbox 716 4392 756 4437; x_wconf 89' lang='lat' dir='ltr'><strong>m.</strong></span> <span class='ocrx_word' id='word_1_365' title='bbox 772 4376 903 4454; x_wconf 88' lang='lat' dir='ltr'><strong>Auguste</strong></span> <span class='ocrx_word' id='word_1_366' title='bbox 919 4395 945 4438; x_wconf 89' lang='lat' dir='ltr'><strong>a.</strong></span> <span class='ocrx_word' id='word_1_367' title='bbox 959 4376 1210 4442; x_wconf 27' lang='lat' dir='ltr'><strong>,neuccxxutt</strong></span> 
     </span>
    </p>
   </div>
   <div class='ocr_carea' id='block_1_5' title="bbox 0 0 1594 5136">
    <p class='ocr_par' dir='ltr' id='par_1_7' title="bbox 0 0 1594 5136">
     <span class='ocr_line' id='line_1_40' title="bbox 0 0 1594 5136; baseline 0 1"><span class='ocrx_word' id='word_1_368' title='bbox 0 0 1594 5136; x_wconf 95' lang='lat' dir='ltr'><strong> </strong></span> 
     </span>
    </p>
   </div>
  </div>
 </body>
</html>
