<?xml version="1.0" encoding="UTF-8"?>
<!DOCTYPE html PUBLIC "-//W3C//DTD XHTML 1.0 Transitional//EN"
    "http://www.w3.org/TR/xhtml1/DTD/xhtml1-transitional.dtd">
<html xmlns="http://www.w3.org/1999/xhtml" xml:lang="en" lang="en">
 <head>
  <title>
</title>
<meta http-equiv="Content-Type" content="text/html;charset=utf-8" />
  <meta name='ocr-system' content='tesseract 3.04.00' />
  <meta name='ocr-capabilities' content='ocr_page ocr_carea ocr_par ocr_line ocrx_word'/>
</head>
<body>
  <div class='ocr_page' id='page_1' title='image "./opusculaacademi00schogoog_0829.png"; bbox 0 0 3222 5148; ppageno 0'>
   <div class='ocr_carea' id='block_1_1' title="bbox 778 381 983 481">
    <p class='ocr_par' dir='ltr' id='par_1_1' title="bbox 778 381 983 481">
     <span class='ocr_line' id='line_1_1' title="bbox 778 381 983 481; baseline 0 0"><span class='ocrx_word' id='word_1_1' title='bbox 778 418 784 431; x_wconf 28' lang='lat' dir='ltr'>x</span> <span class='ocrx_word' id='word_1_2' title='bbox 834 381 983 481; x_wconf 57' lang='lat' dir='ltr'><strong>nu.</strong></span> 
     </span>
    </p>
   </div>
   <div class='ocr_carea' id='block_1_2' title="bbox 242 569 1497 3214">
    <p class='ocr_par' dir='ltr' id='par_1_2' title="bbox 242 569 1497 3214">
     <span class='ocr_line' id='line_1_2' title="bbox 326 569 1492 654; baseline 0.001 -21"><span class='ocrx_word' id='word_1_3' title='bbox 326 571 432 654; x_wconf 71' lang='lat' dir='ltr'><strong>regalis</strong></span> <span class='ocrx_word' id='word_1_4' title='bbox 455 569 498 633; x_wconf 87' lang='lat' dir='ltr'><strong>rei</strong></span> <span class='ocrx_word' id='word_1_5' title='bbox 522 569 655 651; x_wconf 89' lang='lat' dir='ltr'><strong>publicae</strong></span> <span class='ocrx_word' id='word_1_6' title='bbox 679 571 898 651; x_wconf 78' lang='lat' dir='ltr'><strong>comparatione</strong></span> <span class='ocrx_word' id='word_1_7' title='bbox 924 572 1068 637; x_wconf 87' lang='lat' dir='ltr'><strong>coniicere</strong></span> <span class='ocrx_word' id='word_1_8' title='bbox 1089 572 1171 648; x_wconf 88' lang='lat' dir='ltr'><strong>licet,</strong></span> <span class='ocrx_word' id='word_1_9' title='bbox 1199 572 1273 635; x_wconf 88' lang='lat' dir='ltr'><strong>tales</strong></span> <span class='ocrx_word' id='word_1_10' title='bbox 1294 571 1437 654; x_wconf 85' lang='lat' dir='ltr'><strong>quosdam</strong></span> <span class='ocrx_word' id='word_1_11' title='bbox 1459 571 1492 634; x_wconf 89' lang='lat' dir='ltr'><strong>in</strong></span> 
     </span>
     <span class='ocr_line' id='line_1_3' title="bbox 327 673 1491 758; baseline -0.003 -20"><span class='ocrx_word' id='word_1_12' title='bbox 327 682 427 738; x_wconf 86' lang='lat' dir='ltr'><strong>mente</strong></span> <span class='ocrx_word' id='word_1_13' title='bbox 445 673 549 748; x_wconf 87' lang='lat' dir='ltr'><strong>habet,</strong></span> <span class='ocrx_word' id='word_1_14' title='bbox 570 673 638 755; x_wconf 85' lang='lat' dir='ltr'><strong>qui,</strong></span> <span class='ocrx_word' id='word_1_15' title='bbox 659 673 736 736; x_wconf 87' lang='lat' dir='ltr'><strong>sicut</strong></span> <span class='ocrx_word' id='word_1_16' title='bbox 755 674 786 736; x_wconf 94' lang='lat' dir='ltr'><strong>in</strong></span> <span class='ocrx_word' id='word_1_17' title='bbox 800 675 977 739; x_wconf 78' lang='lat' dir='ltr'>democratia</span> <span class='ocrx_word' id='word_1_18' title='bbox 992 678 1135 758; x_wconf 88' lang='lat' dir='ltr'><strong>populus,</strong></span> <span class='ocrx_word' id='word_1_19' title='bbox 1160 675 1203 738; x_wconf 89' lang='lat' dir='ltr'><strong>sic</strong></span> <span class='ocrx_word' id='word_1_20' title='bbox 1217 675 1256 737; x_wconf 89' lang='lat' dir='ltr'><strong>illi</strong></span> <span class='ocrx_word' id='word_1_21' title='bbox 1270 674 1301 736; x_wconf 95' lang='lat' dir='ltr'><strong>in</strong></span> <span class='ocrx_word' id='word_1_22' title='bbox 1316 693 1407 755; x_wconf 76' lang='lat' dir='ltr'><strong>regno</strong></span> <span class='ocrx_word' id='word_1_23' title='bbox 1423 692 1491 736; x_wconf 90' lang='lat' dir='ltr'><strong>om-</strong></span> 
     </span>
     <span class='ocr_line' id='line_1_4' title="bbox 326 775 1491 859; baseline -0.003 -17"><span class='ocrx_word' id='word_1_24' title='bbox 326 778 411 842; x_wconf 89' lang='lat' dir='ltr'><strong>nium</strong></span> <span class='ocrx_word' id='word_1_25' title='bbox 431 794 533 839; x_wconf 90' lang='lat' dir='ltr'><strong>rerum</strong></span> <span class='ocrx_word' id='word_1_26' title='bbox 550 775 670 858; x_wconf 79' lang='lat' dir='ltr'>plenam</span> <span class='ocrx_word' id='word_1_27' title='bbox 691 776 918 859; x_wconf 81' lang='lat' dir='ltr'><strong>absolutamque</strong></span> <span class='ocrx_word' id='word_1_28' title='bbox 931 786 1107 859; x_wconf 81' lang='lat' dir='ltr'><strong>potestatem</strong></span> <span class='ocrx_word' id='word_1_29' title='bbox 1123 779 1178 841; x_wconf 90' lang='lat' dir='ltr'><strong>soli</strong></span> <span class='ocrx_word' id='word_1_30' title='bbox 1192 778 1326 841; x_wconf 84' lang='lat' dir='ltr'><strong>habeant.</strong></span> <span class='ocrx_word' id='word_1_31' title='bbox 1357 778 1431 840; x_wconf 86' lang='lat' dir='ltr'><strong>Nam</strong></span> <span class='ocrx_word' id='word_1_32' title='bbox 1448 777 1491 839; x_wconf 88' lang='lat' dir='ltr'><strong>sic</strong></span> 
     </span>
     <span class='ocr_line' id='line_1_5' title="bbox 327 878 1490 963; baseline -0.001 -21"><span class='ocrx_word' id='word_1_33' title='bbox 327 880 448 942; x_wconf 86' lang='lat' dir='ltr'><strong>demum</strong></span> <span class='ocrx_word' id='word_1_34' title='bbox 463 878 510 941; x_wconf 89' lang='lat' dir='ltr'><strong>illa</strong></span> <span class='ocrx_word' id='word_1_35' title='bbox 526 879 706 959; x_wconf 86' lang='lat' dir='ltr'><strong>comparatio</strong></span> <span class='ocrx_word' id='word_1_36' title='bbox 722 878 800 941; x_wconf 88' lang='lat' dir='ltr'><strong>iusta</strong></span> <span class='ocrx_word' id='word_1_37' title='bbox 813 899 847 943; x_wconf 89' lang='lat' dir='ltr'><strong>ac</strong></span> <span class='ocrx_word' id='word_1_38' title='bbox 861 900 929 943; x_wconf 86' lang='lat' dir='ltr'><strong>rara</strong></span> <span class='ocrx_word' id='word_1_39' title='bbox 944 881 1000 942; x_wconf 89' lang='lat' dir='ltr'><strong>dici</strong></span> <span class='ocrx_word' id='word_1_40' title='bbox 1015 882 1141 963; x_wconf 89' lang='lat' dir='ltr'><strong>poterit,</strong></span> <span class='ocrx_word' id='word_1_41' title='bbox 1164 898 1219 943; x_wconf 90' lang='lat' dir='ltr'><strong>nec</strong></span> <span class='ocrx_word' id='word_1_42' title='bbox 1233 889 1346 942; x_wconf 79' lang='lat' dir='ltr'><strong>veteres</strong></span> <span class='ocrx_word' id='word_1_43' title='bbox 1362 880 1490 960; x_wconf 83' lang='lat' dir='ltr'><strong>scripto-</strong></span> 
     </span>
     <span class='ocr_line' id='line_1_6' title="bbox 327 979 1491 1063; baseline -0.004 -17"><span class='ocrx_word' id='word_1_44' title='bbox 327 1000 384 1055; x_wconf 85' lang='lat' dir='ltr'><strong>res,</strong></span> <span class='ocrx_word' id='word_1_45' title='bbox 400 999 529 1062; x_wconf 87' lang='lat' dir='ltr'><strong>quorum</strong></span> <span class='ocrx_word' id='word_1_46' title='bbox 543 982 679 1061; x_wconf 84' lang='lat' dir='ltr'><strong>exemplo</strong></span> <span class='ocrx_word' id='word_1_47' title='bbox 694 1001 760 1044; x_wconf 87' lang='lat' dir='ltr'><strong>eam</strong></span> <span class='ocrx_word' id='word_1_48' title='bbox 776 982 957 1044; x_wconf 89' lang='lat' dir='ltr'><strong>Schmidtius</strong></span> <span class='ocrx_word' id='word_1_49' title='bbox 972 982 1107 1054; x_wconf 82' lang='lat' dir='ltr'><strong>instituit,</strong></span> <span class='ocrx_word' id='word_1_50' title='bbox 1123 1000 1215 1063; x_wconf 90' lang='lat' dir='ltr'><strong>quum</strong></span> <span class='ocrx_word' id='word_1_51' title='bbox 1231 981 1375 1062; x_wconf 90' lang='lat' dir='ltr'><strong>populum</strong></span> <span class='ocrx_word' id='word_1_52' title='bbox 1391 980 1424 1042; x_wconf 90' lang='lat' dir='ltr'><strong>in</strong></span> <span class='ocrx_word' id='word_1_53' title='bbox 1437 979 1491 1042; x_wconf 89' lang='lat' dir='ltr'><strong>de·</strong></span> 
     </span>
     <span class='ocr_line' id='line_1_7' title="bbox 242 1082 1490 1166; baseline -0.001 -19"><span class='ocrx_word' id='word_1_54' title='bbox 242 1110 246 1119; x_wconf 95' lang='lat'>·</span> <span class='ocrx_word' id='word_1_55' title='bbox 328 1083 469 1148; x_wconf 84' lang='lat' dir='ltr'><strong>mocratia</strong></span> <span class='ocrx_word' id='word_1_56' title='bbox 489 1082 566 1163; x_wconf 82' lang='lat' dir='ltr'><strong>regis</strong></span> <span class='ocrx_word' id='word_1_57' title='bbox 585 1083 677 1145; x_wconf 86' lang='lat' dir='ltr'><strong>instar</strong></span> <span class='ocrx_word' id='word_1_58' title='bbox 690 1103 755 1146; x_wconf 88' lang='lat' dir='ltr'><strong>esse</strong></span> <span class='ocrx_word' id='word_1_59' title='bbox 770 1084 885 1158; x_wconf 84' lang='lat' dir='ltr'><strong>dicunt,</strong></span> <span class='ocrx_word' id='word_1_60' title='bbox 907 1085 997 1146; x_wconf 91' lang='lat' dir='ltr'><strong>alium</strong></span> <span class='ocrx_word' id='word_1_61' title='bbox 1013 1102 1112 1166; x_wconf 79' lang='lat' dir='ltr'><strong>regem</strong></span> <span class='ocrx_word' id='word_1_62' title='bbox 1127 1084 1280 1165; x_wconf 81' lang='lat' dir='ltr'><strong>designant</strong></span> <span class='ocrx_word' id='word_1_63' title='bbox 1294 1103 1383 1165; x_wconf 84' lang='lat' dir='ltr'><strong>qnam</strong></span> <span class='ocrx_word' id='word_1_64' title='bbox 1401 1084 1490 1146; x_wconf 83' lang='lat' dir='ltr'><strong>alteo·</strong></span> 
     </span>
     <span class='ocr_line' id='line_1_8' title="bbox 328 1184 1491 1259; baseline -0.001 -11"><span class='ocrx_word' id='word_1_65' title='bbox 328 1188 425 1250; x_wconf 92' lang='lat' dir='ltr'><strong>lutum</strong></span> <span class='ocrx_word' id='word_1_66' title='bbox 450 1185 512 1247; x_wconf 85' lang='lat' dir='ltr'><strong>sire</strong></span> <span class='ocrx_word' id='word_1_67' title='bbox 538 1187 728 1247; x_wconf 90' lang='lat' dir='ltr'><strong>monarcham</strong></span> <span class='ocrx_word' id='word_1_68' title='bbox 750 1187 810 1248; x_wconf 83' lang='lat' dir='ltr'><strong>reri</strong></span> <span class='ocrx_word' id='word_1_69' title='bbox 830 1187 970 1249; x_wconf 89' lang='lat' dir='ltr'><strong>nominis.</strong></span> <span class='ocrx_word' id='word_1_70' title='bbox 1003 1185 1052 1248; x_wconf 88' lang='lat' dir='ltr'><strong>Sic</strong></span> <span class='ocrx_word' id='word_1_71' title='bbox 1070 1186 1242 1249; x_wconf 74' lang='lat' dir='ltr'><strong>Aristoteles</strong></span> <span class='ocrx_word' id='word_1_72' title='bbox 1257 1184 1344 1247; x_wconf 87' lang='lat' dir='ltr'><strong>Polit.</strong></span> <span class='ocrx_word' id='word_1_73' title='bbox 1360 1186 1408 1258; x_wconf 83' lang='lat' dir='ltr'><strong>lv,</strong></span> <span class='ocrx_word' id='word_1_74' title='bbox 1425 1187 1455 1259; x_wconf 87' lang='grc'><strong><em>4,</em></strong></span> <span class='ocrx_word' id='word_1_75' title='bbox 1470 1185 1491 1247; x_wconf 89' lang='grc'>4</span> 
     </span>
     <span class='ocr_line' id='line_1_9' title="bbox 328 1273 1491 1377; baseline 0 -27"><span class='ocrx_word' id='word_1_76' title='bbox 328 1288 393 1365; x_wconf 84' lang='grc' dir='ltr'>(ΙΙΙ,</span> <span class='ocrx_word' id='word_1_77' title='bbox 421 1289 455 1362; x_wconf 85' lang='grc'><strong><em>4,</em></strong></span> <span class='ocrx_word' id='word_1_78' title='bbox 478 1286 519 1349; x_wconf 79' lang='lat'><strong>26</strong></span> <span class='ocrx_word' id='word_1_79' title='bbox 543 1287 678 1367; x_wconf 61' lang='lat' dir='ltr'><strong>magro:</strong></span> <span class='ocrx_word' id='word_1_80' title='bbox 700 1280 862 1371; x_wconf 87' lang='grc' dir='ltr'><strong><em>μόναρχος</em></strong></span> <span class='ocrx_word' id='word_1_81' title='bbox 885 1281 904 1350; x_wconf 86' lang='grc' dir='ltr'><strong><em>ό</em></strong></span> <span class='ocrx_word' id='word_1_82' title='bbox 929 1285 1032 1372; x_wconf 82' lang='grc' dir='ltr'><strong><em>δῆμος</em></strong></span> <span class='ocrx_word' id='word_1_83' title='bbox 1055 1281 1181 1369; x_wconf 80' lang='grc' dir='ltr'><strong><em>γίνεται</em></strong></span> <span class='ocrx_word' id='word_1_84' title='bbox 1202 1283 1363 1363; x_wconf 70' lang='grc' dir='ltr'><strong><em>σύνθετος</em></strong></span> <span class='ocrx_word' id='word_1_85' title='bbox 1385 1273 1433 1377; x_wconf 74' lang='grc' dir='ltr'><strong>τίς</strong></span> <span class='ocrx_word' id='word_1_86' title='bbox 1454 1280 1491 1350; x_wconf 73' lang='grc' dir='ltr'><strong>ἐκ</strong></span> 
     </span>
     <span class='ocr_line' id='line_1_10' title="bbox 329 1378 1493 1474; baseline -0.002 -22"><span class='ocrx_word' id='word_1_87' title='bbox 329 1386 477 1454; x_wconf 78' lang='grc' dir='ltr'><strong><em>πολλῶν·</em></strong></span> <span class='ocrx_word' id='word_1_88' title='bbox 501 1423 543 1435; x_wconf 91' lang='grc'><strong>-</strong></span> <span class='ocrx_word' id='word_1_89' title='bbox 565 1382 584 1451; x_wconf 89' lang='grc' dir='ltr'><strong><em>ό</em></strong></span> <span class='ocrx_word' id='word_1_90' title='bbox 608 1380 638 1451; x_wconf 77' lang='grc' dir='ltr'><strong>δ’</strong></span> <span class='ocrx_word' id='word_1_91' title='bbox 660 1378 717 1450; x_wconf 75' lang='grc' dir='ltr'><strong><em>οὖν</em></strong></span> <span class='ocrx_word' id='word_1_92' title='bbox 738 1391 893 1465; x_wconf 82' lang='grc' dir='ltr'><strong><em>τοιοῦτος</em></strong></span> <span class='ocrx_word' id='word_1_93' title='bbox 915 1387 1029 1474; x_wconf 81' lang='grc' dir='ltr'><strong><em>δῆμος,</em></strong></span> <span class='ocrx_word' id='word_1_94' title='bbox 1052 1382 1112 1453; x_wconf 82' lang='grc' dir='ltr'><strong>ότι</strong></span> <span class='ocrx_word' id='word_1_95' title='bbox 1132 1385 1298 1471; x_wconf 85' lang='grc' dir='ltr'><strong><em>μόναρχος</em></strong></span> <span class='ocrx_word' id='word_1_96' title='bbox 1319 1379 1374 1462; x_wconf 66' lang='lat' dir='ltr'><strong>tiit,</strong></span> <span class='ocrx_word' id='word_1_97' title='bbox 1403 1383 1493 1473; x_wconf 77' lang='grc' dir='ltr'><strong><em>ζητεῖ</em></strong></span> 
     </span>
     <span class='ocr_line' id='line_1_11' title="bbox 328 1483 1491 1577; baseline -0.002 -22"><span class='ocrx_word' id='word_1_98' title='bbox 328 1490 500 1576; x_wconf 75' lang='grc' dir='ltr'><em>μοναρχεῖν</em></span> <span class='ocrx_word' id='word_1_99' title='bbox 521 1486 579 1554; x_wconf 82' lang='grc' dir='ltr'><strong><em>διολ</em></strong></span> <span class='ocrx_word' id='word_1_100' title='bbox 601 1486 641 1554; x_wconf 87' lang='grc' dir='ltr'><strong><em>τὸ</em></strong></span> <span class='ocrx_word' id='word_1_101' title='bbox 661 1488 707 1574; x_wconf 77' lang='grc' dir='ltr'><strong><em>μη</em></strong></span> <span class='ocrx_word' id='word_1_102' title='bbox 731 1483 898 1577; x_wconf 70' lang='grc' dir='ltr'><strong><em>ἄρχεσθαι</em></strong></span> <span class='ocrx_word' id='word_1_103' title='bbox 919 1485 989 1555; x_wconf 75' lang='grc' dir='ltr'><strong>ὑπό</strong></span> <span class='ocrx_word' id='word_1_104' title='bbox 1010 1487 1123 1571; x_wconf 92' lang='grc' dir='ltr'><strong><em>νόμου,</em></strong></span> <span class='ocrx_word' id='word_1_105' title='bbox 1146 1488 1203 1556; x_wconf 85' lang='grc' dir='ltr'><strong><em>καί</em></strong></span> <span class='ocrx_word' id='word_1_106' title='bbox 1225 1487 1351 1575; x_wconf 70' lang='grc' dir='ltr'><strong><em>γίνεται</em></strong></span> <span class='ocrx_word' id='word_1_107' title='bbox 1368 1487 1491 1554; x_wconf 84' lang='grc' dir='ltr'><strong><em>δεσπο-</em></strong></span> 
     </span>
     <span class='ocr_line' id='line_1_12' title="bbox 328 1584 1493 1678; baseline -0.001 -21"><span class='ocrx_word' id='word_1_108' title='bbox 328 1589 437 1670; x_wconf 90' lang='grc' dir='ltr'><strong><em>τικός,</em></strong></span> <span class='ocrx_word' id='word_1_109' title='bbox 464 1585 549 1656; x_wconf 79' lang='grc' dir='ltr'><strong><em>ὥστε</em></strong></span> <span class='ocrx_word' id='word_1_110' title='bbox 576 1584 610 1656; x_wconf 78' lang='grc' dir='ltr'><strong><em>ολ</em></strong></span> <span class='ocrx_word' id='word_1_111' title='bbox 637 1587 776 1669; x_wconf 80' lang='grc' dir='ltr'><strong><em>κόλακος</em></strong></span> <span class='ocrx_word' id='word_1_112' title='bbox 801 1586 946 1675; x_wconf 76' lang='grc' dir='ltr'><strong><em>ἔντιμοι·</em></strong></span> <span class='ocrx_word' id='word_1_113' title='bbox 980 1590 1039 1658; x_wconf 83' lang='grc' dir='ltr'><strong><em>καί</em></strong></span> <span class='ocrx_word' id='word_1_114' title='bbox 1059 1586 1150 1658; x_wconf 78' lang='grc' dir='ltr'><strong><em>ἔστιν</em></strong></span> <span class='ocrx_word' id='word_1_115' title='bbox 1172 1587 1191 1658; x_wconf 91' lang='grc' dir='ltr'><strong><em>ό</em></strong></span> <span class='ocrx_word' id='word_1_116' title='bbox 1213 1596 1366 1670; x_wconf 81' lang='grc' dir='ltr'><strong><em>τοιοῦτος</em></strong></span> <span class='ocrx_word' id='word_1_117' title='bbox 1388 1589 1493 1678; x_wconf 80' lang='grc' dir='ltr'><strong><em>δῆμος</em></strong></span> 
     </span>
     <span class='ocr_line' id='line_1_13' title="bbox 330 1689 1493 1784; baseline -0.003 -24"><span class='ocrx_word' id='word_1_118' title='bbox 330 1689 492 1778; x_wconf 81' lang='grc' dir='ltr'><strong><em>όνοίλογον</em></strong></span> <span class='ocrx_word' id='word_1_119' title='bbox 512 1697 578 1759; x_wconf 80' lang='grc' dir='ltr'><strong>τῶν</strong></span> <span class='ocrx_word' id='word_1_120' title='bbox 599 1697 787 1782; x_wconf 78' lang='grc' dir='ltr'><strong><em>μοναρχιῶν</em></strong></span> <span class='ocrx_word' id='word_1_121' title='bbox 807 1695 848 1784; x_wconf 78' lang='grc' dir='ltr'><strong><em>τῇ</em></strong></span> <span class='ocrx_word' id='word_1_122' title='bbox 870 1691 1047 1778; x_wconf 79' lang='grc' dir='ltr'><strong><em>τυραννίδι.</em></strong></span> <span class='ocrx_word' id='word_1_123' title='bbox 1092 1698 1174 1760; x_wconf 84' lang='lat' dir='ltr'>Idem</span> <span class='ocrx_word' id='word_1_124' title='bbox 1196 1697 1232 1772; x_wconf 94' lang='lat' dir='ltr'><strong>ll,</strong></span> <span class='ocrx_word' id='word_1_125' title='bbox 1254 1698 1284 1772; x_wconf 83' lang='lat'><strong>9,</strong></span> <span class='ocrx_word' id='word_1_126' title='bbox 1308 1697 1381 1760; x_wconf 83' lang='lat' dir='ltr'><strong>3tle</strong></span> <span class='ocrx_word' id='word_1_127' title='bbox 1395 1696 1431 1759; x_wconf 81' lang='lat' dir='ltr'><strong>iis</strong></span> <span class='ocrx_word' id='word_1_128' title='bbox 1445 1697 1493 1758; x_wconf 93' lang='lat' dir='ltr'><strong>lo·</strong></span> 
     </span>
     <span class='ocr_line' id='line_1_14' title="bbox 330 1792 1494 1884; baseline -0.001 -23"><span class='ocrx_word' id='word_1_129' title='bbox 330 1818 433 1883; x_wconf 84' lang='lat' dir='ltr'><strong>quens,</strong></span> <span class='ocrx_word' id='word_1_130' title='bbox 449 1800 499 1881; x_wconf 88' lang='lat' dir='ltr'><strong>qui</strong></span> <span class='ocrx_word' id='word_1_131' title='bbox 514 1801 654 1880; x_wconf 88' lang='lat' dir='ltr'><strong>populare</strong></span> <span class='ocrx_word' id='word_1_132' title='bbox 668 1801 826 1882; x_wconf 89' lang='lat' dir='ltr'><strong>imperium</strong></span> <span class='ocrx_word' id='word_1_133' title='bbox 841 1803 965 1866; x_wconf 72' lang='lat' dir='ltr'><strong>Athenis</strong></span> <span class='ocrx_word' id='word_1_134' title='bbox 980 1810 1135 1877; x_wconf 83' lang='lat' dir='ltr'><strong>auxerunt,</strong></span> <span class='ocrx_word' id='word_1_135' title='bbox 1156 1792 1270 1881; x_wconf 75' lang='grc' dir='ltr'><strong><em>ὥσπερ</em></strong></span> <span class='ocrx_word' id='word_1_136' title='bbox 1285 1794 1430 1884; x_wconf 79' lang='grc' dir='ltr'><strong><em>τυράννῳ</em></strong></span> <span class='ocrx_word' id='word_1_137' title='bbox 1444 1792 1494 1883; x_wconf 76' lang='grc' dir='ltr'><strong><em>τῷ</em></strong></span> 
     </span>
     <span class='ocr_line' id='line_1_15' title="bbox 330 1895 1494 1989; baseline -0.002 -24"><span class='ocrx_word' id='word_1_138' title='bbox 330 1897 427 1987; x_wconf 83' lang='grc' dir='ltr'><strong><em>δήμῳ</em></strong></span> <span class='ocrx_word' id='word_1_139' title='bbox 449 1896 663 1983; x_wconf 77' lang='grc' dir='ltr'><strong><em>χαριζόμενοι</em></strong></span> <span class='ocrx_word' id='word_1_140' title='bbox 685 1900 938 1988; x_wconf 71' lang='grc' dir='ltr'><strong><em>τὴνπολιτείαν</em></strong></span> <span class='ocrx_word' id='word_1_141' title='bbox 961 1898 1009 1980; x_wconf 78' lang='grc' dir='ltr'><strong>εἷς</strong></span> <span class='ocrx_word' id='word_1_142' title='bbox 1029 1901 1087 1989; x_wconf 74' lang='grc' dir='ltr'><strong>την</strong></span> <span class='ocrx_word' id='word_1_143' title='bbox 1108 1899 1163 1966; x_wconf 80' lang='grc' dir='ltr'><strong>νῦν</strong></span> <span class='ocrx_word' id='word_1_144' title='bbox 1185 1895 1409 1987; x_wconf 71' lang='grc' dir='ltr'><strong><em>δημοκρατίαν</em></strong></span> <span class='ocrx_word' id='word_1_145' title='bbox 1429 1920 1494 1964; x_wconf 90' lang='grc' dir='ltr'><strong><em>κα-</em></strong></span> 
     </span>
     <span class='ocr_line' id='line_1_16' title="bbox 329 1997 1494 2091; baseline -0.004 -21"><span class='ocrx_word' id='word_1_146' title='bbox 329 2002 498 2090; x_wconf 82' lang='grc' dir='ltr'><strong><em>τέστησαν.</em></strong></span> <span class='ocrx_word' id='word_1_147' title='bbox 528 2015 559 2067; x_wconf 92' lang='lat' dir='ltr'><strong>et</strong></span> <span class='ocrx_word' id='word_1_148' title='bbox 583 2006 616 2079; x_wconf 89' lang='lat' dir='ltr'><strong>ll,</strong></span> <span class='ocrx_word' id='word_1_149' title='bbox 644 2005 679 2080; x_wconf 84' lang='lat'><strong>9,</strong></span> <span class='ocrx_word' id='word_1_150' title='bbox 706 2005 740 2069; x_wconf 78' lang='lat'><strong>6:</strong></span> <span class='ocrx_word' id='word_1_151' title='bbox 766 2001 809 2069; x_wconf 82' lang='grc' dir='ltr'><strong><em>τὰ</em></strong></span> <span class='ocrx_word' id='word_1_152' title='bbox 830 2003 910 2089; x_wconf 80' lang='grc' dir='ltr'><strong><em>περὶ</em></strong></span> <span class='ocrx_word' id='word_1_153' title='bbox 931 2003 990 2091; x_wconf 73' lang='grc' dir='ltr'><strong>την</strong></span> <span class='ocrx_word' id='word_1_154' title='bbox 1012 2004 1234 2091; x_wconf 75' lang='grc' dir='ltr'><strong><em>δημοκρατίαν</em></strong></span> <span class='ocrx_word' id='word_1_155' title='bbox 1257 2001 1295 2069; x_wconf 80' lang='grc' dir='ltr'><strong>δὲ</strong></span> <span class='ocrx_word' id='word_1_156' title='bbox 1317 1997 1494 2086; x_wconf 73' lang='grc' dir='ltr'><strong><em>γιγνόμενα</em></strong></span> 
     </span>
     <span class='ocr_line' id='line_1_17' title="bbox 329 2093 1495 2193; baseline 0.001 -25"><span class='ocrx_word' id='word_1_157' title='bbox 329 2104 390 2192; x_wconf 77' lang='grc' dir='ltr'><strong>την</strong></span> <span class='ocrx_word' id='word_1_158' title='bbox 414 2103 603 2173; x_wconf 76' lang='grc' dir='ltr'><strong><em>τελευταίαν</em></strong></span> <span class='ocrx_word' id='word_1_159' title='bbox 629 2103 802 2186; x_wconf 75' lang='grc' dir='ltr'><strong><em>τυραννικοί</em></strong></span> <span class='ocrx_word' id='word_1_160' title='bbox 829 2103 955 2171; x_wconf 76' lang='grc' dir='ltr'><strong><em>πάντα·</em></strong></span> <span class='ocrx_word' id='word_1_161' title='bbox 988 2145 1033 2156; x_wconf 94' lang='grc'><strong>-</strong></span> <span class='ocrx_word' id='word_1_162' title='bbox 1064 2106 1122 2172; x_wconf 84' lang='grc' dir='ltr'><strong><em>καί</em></strong></span> <span class='ocrx_word' id='word_1_163' title='bbox 1152 2104 1216 2193; x_wconf 76' lang='grc' dir='ltr'><strong>γὰρ</strong></span> <span class='ocrx_word' id='word_1_164' title='bbox 1240 2099 1258 2170; x_wconf 85' lang='grc' dir='ltr'><em>ὃ</em></span> <span class='ocrx_word' id='word_1_165' title='bbox 1281 2105 1387 2190; x_wconf 75' lang='grc' dir='ltr'><strong><em>δῆμος</em></strong></span> <span class='ocrx_word' id='word_1_166' title='bbox 1408 2093 1495 2169; x_wconf 73' lang='grc' dir='ltr'><strong><em>εἶναι</em></strong></span> 
     </span>
     <span class='ocr_line' id='line_1_18' title="bbox 330 2201 1495 2295; baseline -0.003 -21"><span class='ocrx_word' id='word_1_167' title='bbox 330 2204 486 2293; x_wconf 75' lang='grc' dir='ltr'><strong><em>βούλεται</em></strong></span> <span class='ocrx_word' id='word_1_168' title='bbox 509 2206 680 2291; x_wconf 86' lang='grc' dir='ltr'><strong><em>μόναρχος,</em></strong></span> <span class='ocrx_word' id='word_1_169' title='bbox 705 2205 760 2273; x_wconf 87' lang='grc' dir='ltr'><strong>διδ</strong></span> <span class='ocrx_word' id='word_1_170' title='bbox 784 2207 843 2273; x_wconf 86' lang='grc' dir='ltr'><strong><em>καὶ</em></strong></span> <span class='ocrx_word' id='word_1_171' title='bbox 866 2203 885 2273; x_wconf 87' lang='grc' dir='ltr'><strong><em>ό</em></strong></span> <span class='ocrx_word' id='word_1_172' title='bbox 908 2205 1012 2289; x_wconf 81' lang='grc' dir='ltr'><strong><em>κόλαξ</em></strong></span> <span class='ocrx_word' id='word_1_173' title='bbox 1032 2203 1111 2295; x_wconf 82' lang='grc' dir='ltr'><strong><em>παρ’</em></strong></span> <span class='ocrx_word' id='word_1_174' title='bbox 1135 2204 1338 2295; x_wconf 70' lang='grc' dir='ltr'><strong><em>ἀμφοτέροις</em></strong></span> <span class='ocrx_word' id='word_1_175' title='bbox 1354 2201 1495 2288; x_wconf 74' lang='grc' dir='ltr'><strong><em>ἔντιμος,</em></strong></span> 
     </span>
     <span class='ocr_line' id='line_1_19' title="bbox 331 2304 1496 2396; baseline -0.002 -20"><span class='ocrx_word' id='word_1_176' title='bbox 331 2309 427 2396; x_wconf 80' lang='grc' dir='ltr'><strong><em>παρὰ</em></strong></span> <span class='ocrx_word' id='word_1_177' title='bbox 453 2306 514 2392; x_wconf 72' lang='grc' dir='ltr'><strong>μὲν</strong></span> <span class='ocrx_word' id='word_1_178' title='bbox 540 2315 611 2387; x_wconf 75' lang='grc' dir='ltr'><strong><em>τοὶς</em></strong></span> <span class='ocrx_word' id='word_1_179' title='bbox 640 2307 760 2394; x_wconf 75' lang='grc' dir='ltr'><strong><em>δήμοις</em></strong></span> <span class='ocrx_word' id='word_1_180' title='bbox 788 2304 807 2374; x_wconf 83' lang='grc' dir='ltr'><strong><em>δ</em></strong></span> <span class='ocrx_word' id='word_1_181' title='bbox 837 2309 1033 2394; x_wconf 75' lang='grc' dir='ltr'><strong><em>δημαγωγός</em></strong></span> <span class='ocrx_word' id='word_1_182' title='bbox 1061 2309 1147 2390; x_wconf 69' lang='lat' dir='ltr'><strong>(ibat</strong></span> <span class='ocrx_word' id='word_1_183' title='bbox 1169 2310 1229 2394; x_wconf 75' lang='grc' dir='ltr'><strong>γὰρ</strong></span> <span class='ocrx_word' id='word_1_184' title='bbox 1253 2304 1272 2375; x_wconf 91' lang='grc' dir='ltr'><strong><em>ό</em></strong></span> <span class='ocrx_word' id='word_1_185' title='bbox 1296 2307 1496 2394; x_wconf 74' lang='grc' dir='ltr'><strong><em>δημαγωγός</em></strong></span> 
     </span>
     <span class='ocr_line' id='line_1_20' title="bbox 330 2406 1496 2498; baseline -0.003 -19"><span class='ocrx_word' id='word_1_186' title='bbox 330 2417 392 2479; x_wconf 85' lang='grc' dir='ltr'><strong><em>τοῦ</em></strong></span> <span class='ocrx_word' id='word_1_187' title='bbox 419 2411 524 2498; x_wconf 79' lang='grc' dir='ltr'><strong><em>δήμου</em></strong></span> <span class='ocrx_word' id='word_1_188' title='bbox 551 2411 684 2495; x_wconf 82' lang='grc' dir='ltr'><strong><em>κόλαξ),</em></strong></span> <span class='ocrx_word' id='word_1_189' title='bbox 713 2412 806 2495; x_wconf 79' lang='grc' dir='ltr'><strong><em>παρὰ</em></strong></span> <span class='ocrx_word' id='word_1_190' title='bbox 829 2412 866 2478; x_wconf 77' lang='grc' dir='ltr'><strong>δὲ</strong></span> <span class='ocrx_word' id='word_1_191' title='bbox 888 2417 956 2491; x_wconf 79' lang='grc' dir='ltr'><strong><em>τοῖς</em></strong></span> <span class='ocrx_word' id='word_1_192' title='bbox 977 2411 1148 2497; x_wconf 82' lang='grc' dir='ltr'><strong><em>τυράννοις</em></strong></span> <span class='ocrx_word' id='word_1_193' title='bbox 1170 2407 1203 2478; x_wconf 78' lang='grc' dir='ltr'><strong><em>ολ</em></strong></span> <span class='ocrx_word' id='word_1_194' title='bbox 1225 2414 1393 2488; x_wconf 77' lang='grc' dir='ltr'><strong><em>ταπεινῶς</em></strong></span> <span class='ocrx_word' id='word_1_195' title='bbox 1416 2406 1496 2493; x_wconf 89' lang='grc' dir='ltr'><strong><em>όμι·</em></strong></span> 
     </span>
     <span class='ocr_line' id='line_1_21' title="bbox 332 2510 1497 2602; baseline -0.003 -21"><span class='ocrx_word' id='word_1_196' title='bbox 332 2515 471 2594; x_wconf 79' lang='grc' dir='ltr'><strong><em>λοῦντες,</em></strong></span> <span class='ocrx_word' id='word_1_197' title='bbox 495 2510 580 2596; x_wconf 79' lang='grc' dir='ltr'><strong><em>ὅπερ</em></strong></span> <span class='ocrx_word' id='word_1_198' title='bbox 602 2511 692 2579; x_wconf 76' lang='grc' dir='ltr'><strong><em>ἐστὶν</em></strong></span> <span class='ocrx_word' id='word_1_199' title='bbox 714 2512 808 2602; x_wconf 78' lang='grc' dir='ltr'><strong><em>ἔργον</em></strong></span> <span class='ocrx_word' id='word_1_200' title='bbox 829 2513 1013 2592; x_wconf 85' lang='grc' dir='ltr'><strong><em>κολακείας.</em></strong></span> <span class='ocrx_word' id='word_1_201' title='bbox 1057 2519 1186 2600; x_wconf 79' lang='lat' dir='ltr'><strong>Apparet</strong></span> <span class='ocrx_word' id='word_1_202' title='bbox 1207 2519 1304 2597; x_wconf 84' lang='lat' dir='ltr'><strong>igitur,</strong></span> <span class='ocrx_word' id='word_1_203' title='bbox 1324 2534 1417 2598; x_wconf 90' lang='lat' dir='ltr'><strong>quum</strong></span> <span class='ocrx_word' id='word_1_204' title='bbox 1433 2533 1497 2578; x_wconf 91' lang='lat' dir='ltr'><strong>non</strong></span> 
     </span>
     <span class='ocr_line' id='line_1_22' title="bbox 331 2619 1496 2702; baseline -0.003 -18"><span class='ocrx_word' id='word_1_205' title='bbox 331 2639 426 2685; x_wconf 93' lang='lat' dir='ltr'><strong>unum</strong></span> <span class='ocrx_word' id='word_1_206' title='bbox 447 2623 486 2684; x_wconf 91' lang='lat' dir='ltr'><strong>sit</strong></span> <span class='ocrx_word' id='word_1_207' title='bbox 505 2621 586 2702; x_wconf 80' lang='lat' dir='ltr'><strong>regni</strong></span> <span class='ocrx_word' id='word_1_208' title='bbox 607 2638 714 2701; x_wconf 80' lang='lat' dir='ltr'><strong>genus,</strong></span> <span class='ocrx_word' id='word_1_209' title='bbox 741 2621 821 2702; x_wconf 85' lang='lat' dir='ltr'><strong>quali</strong></span> <span class='ocrx_word' id='word_1_210' title='bbox 841 2622 949 2683; x_wconf 87' lang='lat' dir='ltr'><strong>horum</strong></span> <span class='ocrx_word' id='word_1_211' title='bbox 970 2621 1148 2683; x_wconf 79' lang='lat' dir='ltr'><strong>democratia</strong></span> <span class='ocrx_word' id='word_1_212' title='bbox 1167 2622 1271 2684; x_wconf 87' lang='lat' dir='ltr'><strong>similis</strong></span> <span class='ocrx_word' id='word_1_213' title='bbox 1291 2638 1356 2681; x_wconf 85' lang='lat' dir='ltr'><strong>esso</strong></span> <span class='ocrx_word' id='word_1_214' title='bbox 1372 2619 1496 2689; x_wconf 86' lang='lat' dir='ltr'><strong>dicatur,</strong></span> 
     </span>
     <span class='ocr_line' id='line_1_23' title="bbox 331 2710 1495 2805; baseline -0.003 -19"><span class='ocrx_word' id='word_1_215' title='bbox 331 2742 438 2805; x_wconf 82' lang='lat' dir='ltr'>nempe</span> <span class='ocrx_word' id='word_1_216' title='bbox 454 2723 508 2797; x_wconf 88' lang='lat' dir='ltr'><strong>illi,</strong></span> <span class='ocrx_word' id='word_1_217' title='bbox 530 2724 609 2803; x_wconf 92' lang='lat' dir='ltr'><strong>quod</strong></span> <span class='ocrx_word' id='word_1_218' title='bbox 625 2720 691 2785; x_wconf 83' lang='lat' dir='ltr'><strong>alibi</strong></span> <span class='ocrx_word' id='word_1_219' title='bbox 707 2725 794 2786; x_wconf 92' lang='lat' dir='ltr'><strong>etiam</strong></span> <span class='ocrx_word' id='word_1_220' title='bbox 812 2721 1042 2803; x_wconf 76' lang='grc' dir='ltr'><strong><em>παμβασιλεία</em></strong></span> <span class='ocrx_word' id='word_1_221' title='bbox 1064 2733 1195 2797; x_wconf 81' lang='lat' dir='ltr'><strong>vocatur,</strong></span> <span class='ocrx_word' id='word_1_222' title='bbox 1217 2723 1271 2796; x_wconf 92' lang='lat' dir='ltr'><strong>lll,</strong></span> <span class='ocrx_word' id='word_1_223' title='bbox 1291 2723 1339 2794; x_wconf 90' lang='grc' dir='ltr'><strong>ΙΙ,</strong></span> <span class='ocrx_word' id='word_1_224' title='bbox 1357 2722 1386 2791; x_wconf 81' lang='lat'><strong>2,</strong></span> <span class='ocrx_word' id='word_1_225' title='bbox 1415 2710 1495 2783; x_wconf 73' lang='grc' dir='ltr'><strong><em>καθ’</em></strong></span> 
     </span>
     <span class='ocr_line' id='line_1_24' title="bbox 332 2815 1495 2911; baseline -0.003 -24"><span class='ocrx_word' id='word_1_226' title='bbox 332 2847 373 2911; x_wconf 90' lang='grc' dir='ltr'><strong><em>ην</em></strong></span> <span class='ocrx_word' id='word_1_227' title='bbox 405 2819 499 2909; x_wconf 75' lang='grc' dir='ltr'><strong><em>όρχει</em></strong></span> <span class='ocrx_word' id='word_1_228' title='bbox 531 2821 665 2888; x_wconf 84' lang='grc' dir='ltr'><strong><em>πόντων</em></strong></span> <span class='ocrx_word' id='word_1_229' title='bbox 695 2821 780 2889; x_wconf 77' lang='grc' dir='ltr'><strong><em>κατὰ</em></strong></span> <span class='ocrx_word' id='word_1_230' title='bbox 812 2816 872 2909; x_wconf 77' lang='grc' dir='ltr'><strong>την</strong></span> <span class='ocrx_word' id='word_1_231' title='bbox 900 2817 1002 2889; x_wconf 72' lang='grc' dir='ltr'><strong><em>αὑτοῦ</em></strong></span> <span class='ocrx_word' id='word_1_232' title='bbox 1030 2822 1189 2909; x_wconf 80' lang='grc' dir='ltr'><strong><em>βούλησιν</em></strong></span> <span class='ocrx_word' id='word_1_233' title='bbox 1212 2817 1231 2887; x_wconf 86' lang='grc' dir='ltr'><strong><em>δ</em></strong></span> <span class='ocrx_word' id='word_1_234' title='bbox 1251 2815 1418 2903; x_wconf 71' lang='grc' dir='ltr'><strong><em>βασιλεύς.</em></strong></span> <span class='ocrx_word' id='word_1_235' title='bbox 1462 2821 1495 2884; x_wconf 90' lang='grc' dir='ltr'><strong>Ιδ</strong></span> 
     </span>
     <span class='ocr_line' id='line_1_25' title="bbox 331 2926 1496 3011; baseline -0.004 -19"><span class='ocrx_word' id='word_1_236' title='bbox 331 2930 430 3011; x_wconf 91' lang='lat' dir='ltr'><strong>ipsum</strong></span> <span class='ocrx_word' id='word_1_237' title='bbox 450 2928 529 2990; x_wconf 89' lang='lat' dir='ltr'><strong>enim</strong></span> <span class='ocrx_word' id='word_1_238' title='bbox 551 2929 654 3009; x_wconf 81' lang='lat' dir='ltr'><strong>agitio</strong></span> <span class='ocrx_word' id='word_1_239' title='bbox 670 2929 847 2992; x_wconf 84' lang='lat' dir='ltr'><strong>democratia</strong></span> <span class='ocrx_word' id='word_1_240' title='bbox 862 2929 1005 3009; x_wconf 89' lang='lat' dir='ltr'><strong>populus,</strong></span> <span class='ocrx_word' id='word_1_241' title='bbox 1026 2935 1061 2990; x_wconf 93' lang='lat' dir='ltr'><strong>ut</strong></span> <span class='ocrx_word' id='word_1_242' title='bbox 1075 2947 1179 2991; x_wconf 84' lang='lat' dir='ltr'><strong>omnes</strong></span> <span class='ocrx_word' id='word_1_243' title='bbox 1194 2928 1236 2990; x_wconf 86' lang='lat' dir='ltr'><strong>rei</strong></span> <span class='ocrx_word' id='word_1_244' title='bbox 1252 2926 1383 3009; x_wconf 86' lang='lat' dir='ltr'><strong>publicae</strong></span> <span class='ocrx_word' id='word_1_245' title='bbox 1397 2936 1496 3006; x_wconf 89' lang='lat' dir='ltr'><strong>partes</strong></span> 
     </span>
     <span class='ocr_line' id='line_1_26' title="bbox 332 3028 1497 3114; baseline -0.003 -21"><span class='ocrx_word' id='word_1_246' title='bbox 332 3050 456 3114; x_wconf 86' lang='lat' dir='ltr'><strong>prorsus</strong></span> <span class='ocrx_word' id='word_1_247' title='bbox 476 3030 511 3093; x_wconf 88' lang='lat' dir='ltr'><strong>ad</strong></span> <span class='ocrx_word' id='word_1_248' title='bbox 528 3049 616 3093; x_wconf 91' lang='lat' dir='ltr'><strong>suum</strong></span> <span class='ocrx_word' id='word_1_249' title='bbox 633 3031 787 3097; x_wconf 85' lang='lat' dir='ltr'><strong>arbitrium</strong></span> <span class='ocrx_word' id='word_1_250' title='bbox 803 3031 1056 3103; x_wconf 83' lang='lat' dir='ltr'><strong>administrentur,</strong></span> <span class='ocrx_word' id='word_1_251' title='bbox 1077 3049 1132 3092; x_wconf 89' lang='lat' dir='ltr'><strong>nec</strong></span> <span class='ocrx_word' id='word_1_252' title='bbox 1145 3031 1241 3110; x_wconf 79' lang='lat' dir='ltr'><strong>legum</strong></span> <span class='ocrx_word' id='word_1_253' title='bbox 1257 3029 1382 3091; x_wconf 80' lang='lat' dir='ltr'><strong>vinculis</strong></span> <span class='ocrx_word' id='word_1_254' title='bbox 1396 3047 1429 3090; x_wconf 82' lang='lat' dir='ltr'><strong>se</strong></span> <span class='ocrx_word' id='word_1_255' title='bbox 1443 3028 1497 3090; x_wconf 84' lang='lat' dir='ltr'><strong>aal-</strong></span> 
     </span>
     <span class='ocr_line' id='line_1_27' title="bbox 333 3131 1496 3214; baseline -0.002 -19"><span class='ocrx_word' id='word_1_256' title='bbox 333 3134 470 3196; x_wconf 85' lang='lat' dir='ltr'><strong>strictum</strong></span> <span class='ocrx_word' id='word_1_257' title='bbox 487 3140 580 3214; x_wconf 83' lang='lat' dir='ltr'><strong>putat,</strong></span> <span class='ocrx_word' id='word_1_258' title='bbox 596 3133 648 3195; x_wconf 89' lang='lat' dir='ltr'><strong>sed</strong></span> <span class='ocrx_word' id='word_1_259' title='bbox 664 3133 814 3213; x_wconf 81' lang='lat' dir='ltr'><strong>indignum</strong></span> <span class='ocrx_word' id='word_1_260' title='bbox 831 3134 983 3197; x_wconf 87' lang='lat' dir='ltr'><strong>maiestate</strong></span> <span class='ocrx_word' id='word_1_261' title='bbox 997 3153 1050 3197; x_wconf 89' lang='lat' dir='ltr'><strong>sua</strong></span> <span class='ocrx_word' id='word_1_262' title='bbox 1065 3151 1121 3196; x_wconf 91' lang='lat' dir='ltr'><strong>nec</strong></span> <span class='ocrx_word' id='word_1_263' title='bbox 1134 3134 1288 3195; x_wconf 80' lang='lat' dir='ltr'><strong>terendum</strong></span> <span class='ocrx_word' id='word_1_264' title='bbox 1301 3151 1368 3194; x_wconf 89' lang='lat' dir='ltr'><strong>esse</strong></span> <span class='ocrx_word' id='word_1_265' title='bbox 1380 3131 1496 3203; x_wconf 83' lang='lat' dir='ltr'><strong>clamat,</strong></span> 
     </span>
    </p>
   </div>
   <div class='ocr_carea' id='block_1_3' title="bbox 244 3234 1496 3318">
    <p class='ocr_par' dir='ltr' id='par_1_3' title="bbox 244 3234 1496 3318">
     <span class='ocr_line' id='line_1_28' title="bbox 244 3234 1496 3318; baseline -0.004 -19"><span class='ocrx_word' id='word_1_266' title='bbox 244 3310 249 3315; x_wconf 41' lang='grc'><strong><em>,</em></strong></span> <span class='ocrx_word' id='word_1_267' title='bbox 333 3236 359 3299; x_wconf 93' lang='lat' dir='ltr'><strong>si</strong></span> <span class='ocrx_word' id='word_1_268' title='bbox 374 3236 441 3317; x_wconf 89' lang='lat' dir='ltr'><strong>quis</strong></span> <span class='ocrx_word' id='word_1_269' title='bbox 457 3236 544 3298; x_wconf 87' lang='lat' dir='ltr'><strong>licere</strong></span> <span class='ocrx_word' id='word_1_270' title='bbox 559 3237 614 3317; x_wconf 89' lang='lat' dir='ltr'><strong>ipsi</strong></span> <span class='ocrx_word' id='word_1_271' title='bbox 628 3242 715 3317; x_wconf 77' lang='lat' dir='ltr'><strong>neget</strong></span> <span class='ocrx_word' id='word_1_272' title='bbox 730 3237 825 3298; x_wconf 83' lang='lat' dir='ltr'><strong>tacere</strong></span> <span class='ocrx_word' id='word_1_273' title='bbox 841 3237 982 3318; x_wconf 86' lang='lat' dir='ltr'><strong>quidquid</strong></span> <span class='ocrx_word' id='word_1_274' title='bbox 998 3237 1073 3308; x_wconf 78' lang='lat' dir='ltr'><strong>velit,</strong></span> <span class='ocrx_word' id='word_1_275' title='bbox 1090 3237 1144 3307; x_wconf 86' lang='lat' dir='ltr'><strong>vel,</strong></span> <span class='ocrx_word' id='word_1_276' title='bbox 1160 3244 1194 3298; x_wconf 87' lang='lat' dir='ltr'><strong>ut</strong></span> <span class='ocrx_word' id='word_1_277' title='bbox 1208 3234 1415 3318; x_wconf 82' lang='lat' dir='ltr'><strong>Xenophontis</strong></span> <span class='ocrx_word' id='word_1_278' title='bbox 1430 3251 1496 3295; x_wconf 86' lang='lat' dir='ltr'><strong>rer·</strong></span> 
     </span>
    </p>
   </div>
   <div class='ocr_carea' id='block_1_4' title="bbox 292 3327 1498 4442">
    <p class='ocr_par' dir='ltr' id='par_1_4' title="bbox 292 3327 1498 4442">
     <span class='ocr_line' id='line_1_29' title="bbox 332 3327 1498 3422; baseline -0.003 -22"><span class='ocrx_word' id='word_1_279' title='bbox 332 3338 378 3401; x_wconf 89' lang='lat' dir='ltr'><strong>bis</strong></span> <span class='ocrx_word' id='word_1_280' title='bbox 392 3336 497 3409; x_wconf 89' lang='lat' dir='ltr'><strong>dicam,</strong></span> <span class='ocrx_word' id='word_1_281' title='bbox 514 3338 586 3399; x_wconf 87' lang='lat' dir='ltr'><strong>llell.</strong></span> <span class='ocrx_word' id='word_1_282' title='bbox 605 3339 632 3410; x_wconf 88' lang='lat'><strong>1,</strong></span> <span class='ocrx_word' id='word_1_283' title='bbox 650 3339 678 3412; x_wconf 87' lang='lat'><strong>7,</strong></span> <span class='ocrx_word' id='word_1_284' title='bbox 699 3338 752 3399; x_wconf 78' lang='lat'><strong>12:</strong></span> <span class='ocrx_word' id='word_1_285' title='bbox 769 3335 876 3401; x_wconf 81' lang='grc' dir='ltr'><strong><em>δεινόν</em></strong></span> <span class='ocrx_word' id='word_1_286' title='bbox 899 3327 985 3402; x_wconf 79' lang='grc' dir='ltr'><strong><em>εἶναι</em></strong></span> <span class='ocrx_word' id='word_1_287' title='bbox 1007 3330 1037 3400; x_wconf 83' lang='lat' dir='ltr'><strong>ei</strong></span> <span class='ocrx_word' id='word_1_288' title='bbox 1058 3331 1104 3422; x_wconf 83' lang='grc' dir='ltr'><strong><em>μή</em></strong></span> <span class='ocrx_word' id='word_1_289' title='bbox 1124 3358 1177 3411; x_wconf 89' lang='grc' dir='ltr'><strong>τις</strong></span> <span class='ocrx_word' id='word_1_290' title='bbox 1199 3330 1290 3399; x_wconf 79' lang='grc' dir='ltr'><strong><em>ἕόοιι</em></strong></span> <span class='ocrx_word' id='word_1_291' title='bbox 1311 3334 1370 3397; x_wconf 87' lang='grc' dir='ltr'><strong>τόν</strong></span> <span class='ocrx_word' id='word_1_292' title='bbox 1391 3334 1498 3420; x_wconf 84' lang='grc' dir='ltr'><strong><em>δῆμον</em></strong></span> 
     </span>
     <span class='ocr_line' id='line_1_30' title="bbox 333 3428 1494 3523; baseline 0.001 -24"><span class='ocrx_word' id='word_1_293' title='bbox 333 3433 494 3522; x_wconf 82' lang='grc' dir='ltr'><strong><em>πρόττιιν</em></strong></span> <span class='ocrx_word' id='word_1_294' title='bbox 516 3428 536 3501; x_wconf 81' lang='grc' dir='ltr'><strong><em>δ</em></strong></span> <span class='ocrx_word' id='word_1_295' title='bbox 559 3428 599 3502; x_wconf 68' lang='lat' dir='ltr'><strong>tv</strong></span> <span class='ocrx_word' id='word_1_296' title='bbox 613 3432 792 3523; x_wconf 73' lang='grc' dir='ltr'><strong><em>βοόληταιε</em></strong></span> <span class='ocrx_word' id='word_1_297' title='bbox 816 3459 905 3522; x_wconf 85' lang='lat' dir='ltr'><strong>quam</strong></span> <span class='ocrx_word' id='word_1_298' title='bbox 921 3441 1083 3504; x_wconf 87' lang='lat' dir='ltr'><strong>maiestatis</strong></span> <span class='ocrx_word' id='word_1_299' title='bbox 1099 3440 1268 3520; x_wconf 88' lang='lat' dir='ltr'><strong>opinionem</strong></span> <span class='ocrx_word' id='word_1_300' title='bbox 1284 3448 1392 3520; x_wconf 83' lang='lat' dir='ltr'><strong>augent</strong></span> <span class='ocrx_word' id='word_1_301' title='bbox 1406 3449 1494 3519; x_wconf 86' lang='lat' dir='ltr'><strong>atquo</strong></span> 
     </span>
     <span class='ocr_line' id='line_1_31' title="bbox 332 3538 1496 3627; baseline -0.002 -23"><span class='ocrx_word' id='word_1_302' title='bbox 332 3542 509 3604; x_wconf 84' lang='lat' dir='ltr'><strong>confirmant</strong></span> <span class='ocrx_word' id='word_1_303' title='bbox 534 3543 686 3623; x_wconf 77' lang='lat' dir='ltr'><strong>demagogi</strong></span> <span class='ocrx_word' id='word_1_304' title='bbox 712 3543 772 3605; x_wconf 83' lang='lat' dir='ltr'><strong>sive</strong></span> <span class='ocrx_word' id='word_1_305' title='bbox 800 3538 1034 3627; x_wconf 74' lang='grc' dir='ltr'><strong><em>δημοκόλακος,</em></strong></span> <span class='ocrx_word' id='word_1_306' title='bbox 1057 3543 1135 3604; x_wconf 90' lang='lat' dir='ltr'><strong>idem</strong></span> <span class='ocrx_word' id='word_1_307' title='bbox 1155 3543 1183 3603; x_wconf 91' lang='lat' dir='ltr'><strong>ei</strong></span> <span class='ocrx_word' id='word_1_308' title='bbox 1204 3543 1389 3615; x_wconf 74' lang='lat' dir='ltr'><strong>optinentes,</strong></span> <span class='ocrx_word' id='word_1_309' title='bbox 1416 3539 1496 3621; x_wconf 87' lang='lat' dir='ltr'><strong>quod</strong></span> 
     </span>
     <span class='ocr_line' id='line_1_32' title="bbox 333 3636 1496 3729; baseline -0.003 -23"><span class='ocrx_word' id='word_1_310' title='bbox 333 3646 410 3727; x_wconf 88' lang='lat' dir='ltr'><strong>apud</strong></span> <span class='ocrx_word' id='word_1_311' title='bbox 430 3646 608 3727; x_wconf 83' lang='lat' dir='ltr'><strong>Aeschylum</strong></span> <span class='ocrx_word' id='word_1_312' title='bbox 630 3648 691 3728; x_wconf 77' lang='lat' dir='ltr'><strong>regi</strong></span> <span class='ocrx_word' id='word_1_313' title='bbox 713 3647 811 3710; x_wconf 85' lang='lat' dir='ltr'><strong>Danao</strong></span> <span class='ocrx_word' id='word_1_314' title='bbox 832 3649 979 3729; x_wconf 87' lang='lat' dir='ltr'><strong>supplices</strong></span> <span class='ocrx_word' id='word_1_315' title='bbox 1000 3645 1189 3709; x_wconf 75' lang='lat' dir='ltr'><strong>mulierculae</strong></span> <span class='ocrx_word' id='word_1_316' title='bbox 1211 3644 1435 3726; x_wconf 70' lang='lat' dir='ltr'><strong>(Suppetunt,</strong></span> <span class='ocrx_word' id='word_1_317' title='bbox 1454 3636 1496 3706; x_wconf 91' lang='grc' dir='ltr'><strong>οό</strong></span> 
     </span>
     <span class='ocr_line' id='line_1_33' title="bbox 332 3739 1496 3834; baseline -0.002 -25"><span class='ocrx_word' id='word_1_318' title='bbox 332 3767 387 3810; x_wconf 92' lang='grc' dir='ltr'><strong>τοι</strong></span> <span class='ocrx_word' id='word_1_319' title='bbox 416 3744 532 3823; x_wconf 87' lang='grc' dir='ltr'><strong><em>πόλις,</em></strong></span> <span class='ocrx_word' id='word_1_320' title='bbox 565 3742 607 3811; x_wconf 83' lang='grc' dir='ltr'><strong><em>τό</em></strong></span> <span class='ocrx_word' id='word_1_321' title='bbox 632 3770 687 3811; x_wconf 90' lang='grc' dir='ltr'><strong>τοι</strong></span> <span class='ocrx_word' id='word_1_322' title='bbox 715 3745 756 3812; x_wconf 88' lang='grc' dir='ltr'><strong><em>τό</em></strong></span> <span class='ocrx_word' id='word_1_323' title='bbox 779 3746 892 3834; x_wconf 76' lang='grc' dir='ltr'><strong><em>δήμον,</em></strong></span> <span class='ocrx_word' id='word_1_324' title='bbox 919 3744 1080 3829; x_wconf 84' lang='grc' dir='ltr'><strong><em>πρύτανις</em></strong></span> <span class='ocrx_word' id='word_1_325' title='bbox 1103 3739 1236 3826; x_wconf 74' lang='grc' dir='ltr'><strong><em>ἄκριτος</em></strong></span> <span class='ocrx_word' id='word_1_326' title='bbox 1258 3739 1314 3823; x_wconf 72' lang='lat' dir='ltr'><strong>oia,</strong></span> <span class='ocrx_word' id='word_1_327' title='bbox 1335 3756 1387 3809; x_wconf 82' lang='lat' dir='ltr'><strong>aut</strong></span> <span class='ocrx_word' id='word_1_328' title='bbox 1416 3745 1496 3828; x_wconf 83' lang='lat' dir='ltr'><strong>qtrotl</strong></span> 
     </span>
     <span class='ocr_line' id='line_1_34' title="bbox 332 3850 1497 3933; baseline -0.003 -19"><span class='ocrx_word' id='word_1_329' title='bbox 332 3851 503 3932; x_wconf 87' lang='lat' dir='ltr'><strong>imperatori</strong></span> <span class='ocrx_word' id='word_1_330' title='bbox 517 3850 649 3930; x_wconf 76' lang='lat' dir='ltr'><strong>Augusto</strong></span> <span class='ocrx_word' id='word_1_331' title='bbox 664 3851 791 3915; x_wconf 85' lang='lat' dir='ltr'><strong>Romani</strong></span> <span class='ocrx_word' id='word_1_332' title='bbox 812 3853 952 3915; x_wconf 83' lang='lat' dir='ltr'><strong>servitute</strong></span> <span class='ocrx_word' id='word_1_333' title='bbox 974 3870 1063 3933; x_wconf 87' lang='lat' dir='ltr'><strong>quam</strong></span> <span class='ocrx_word' id='word_1_334' title='bbox 1084 3850 1217 3912; x_wconf 88' lang='lat' dir='ltr'><strong>libertate</strong></span> <span class='ocrx_word' id='word_1_335' title='bbox 1239 3850 1387 3928; x_wconf 81' lang='lat' dir='ltr'><strong>digniores</strong></span> <span class='ocrx_word' id='word_1_336' title='bbox 1410 3850 1497 3911; x_wconf 88' lang='lat' dir='ltr'><strong>detn-</strong></span> 
     </span>
     <span class='ocr_line' id='line_1_35' title="bbox 333 3944 1497 4037; baseline -0.003 -21"><span class='ocrx_word' id='word_1_337' title='bbox 333 3957 440 4027; x_wconf 91' lang='lat' dir='ltr'><strong>lerunt,</strong></span> <span class='ocrx_word' id='word_1_338' title='bbox 465 3960 500 4016; x_wconf 86' lang='lat' dir='ltr'><strong>ut</strong></span> <span class='ocrx_word' id='word_1_339' title='bbox 522 3962 600 4016; x_wconf 86' lang='lat' dir='ltr'><strong>esset</strong></span> <span class='ocrx_word' id='word_1_340' title='bbox 622 3947 798 4037; x_wconf 79' lang='grc' dir='ltr'><strong><em>αδτοτελης</em></strong></span> <span class='ocrx_word' id='word_1_341' title='bbox 818 3952 877 4018; x_wconf 79' lang='grc' dir='ltr'><strong><em>καὶ</em></strong></span> <span class='ocrx_word' id='word_1_342' title='bbox 899 3948 1107 4033; x_wconf 77' lang='grc' dir='ltr'><strong><em>αὐτοκράτωρ</em></strong></span> <span class='ocrx_word' id='word_1_343' title='bbox 1129 3948 1187 4014; x_wconf 81' lang='grc' dir='ltr'><strong><em>καί</em></strong></span> <span class='ocrx_word' id='word_1_344' title='bbox 1209 3944 1329 4016; x_wconf 76' lang='grc' dir='ltr'><strong><em>ἑαυτοῦ</em></strong></span> <span class='ocrx_word' id='word_1_345' title='bbox 1351 3945 1497 4013; x_wconf 77' lang='grc' dir='ltr'><strong><em>καὶτῶν</em></strong></span> 
     </span>
     <span class='ocr_line' id='line_1_36' title="bbox 332 4043 1495 4139; baseline -0.003 -21"><span class='ocrx_word' id='word_1_346' title='bbox 332 4052 450 4137; x_wconf 86' lang='grc' dir='ltr'><strong><em>νόμων,</em></strong></span> <span class='ocrx_word' id='word_1_347' title='bbox 478 4049 590 4118; x_wconf 76' lang='grc' dir='ltr'><strong><em>πάντα</em></strong></span> <span class='ocrx_word' id='word_1_348' title='bbox 618 4077 653 4119; x_wconf 82' lang='grc' dir='ltr'><strong><em>τε</em></strong></span> <span class='ocrx_word' id='word_1_349' title='bbox 682 4048 747 4120; x_wconf 85' lang='grc' dir='ltr'><strong><em>όοα</em></strong></span> <span class='ocrx_word' id='word_1_350' title='bbox 772 4051 931 4138; x_wconf 78' lang='grc' dir='ltr'><strong><em>βούλοιτο</em></strong></span> <span class='ocrx_word' id='word_1_351' title='bbox 953 4057 1071 4139; x_wconf 84' lang='grc' dir='ltr'><strong><em>ποιοίη</em></strong></span> <span class='ocrx_word' id='word_1_352' title='bbox 1093 4051 1150 4118; x_wconf 83' lang='grc' dir='ltr'><strong><em>καί</em></strong></span> <span class='ocrx_word' id='word_1_353' title='bbox 1172 4047 1279 4116; x_wconf 66' lang='lat' dir='ltr'><strong>nur-9³</strong></span> <span class='ocrx_word' id='word_1_354' title='bbox 1301 4047 1366 4117; x_wconf 86' lang='grc' dir='ltr'><strong><em>δὀα</em></strong></span> <span class='ocrx_word' id='word_1_355' title='bbox 1389 4043 1429 4115; x_wconf 75' lang='grc' dir='ltr'><strong><em>ἂν</em></strong></span> <span class='ocrx_word' id='word_1_356' title='bbox 1448 4049 1495 4135; x_wconf 73' lang='grc' dir='ltr'><strong><em>μη</em></strong></span> 
     </span>
     <span class='ocr_line' id='line_1_37' title="bbox 292 4152 1495 4241; baseline -0.004 -20"><span class='ocrx_word' id='word_1_357' title='bbox 292 4167 295 4172; x_wconf 89' lang='grc'><strong>’</strong></span> <span class='ocrx_word' id='word_1_358' title='bbox 333 4153 490 4240; x_wconf 74' lang='grc' dir='ltr'><strong><em>βούλοιτο</em></strong></span> <span class='ocrx_word' id='word_1_359' title='bbox 511 4154 557 4241; x_wconf 76' lang='grc' dir='ltr'><strong><em>μη</em></strong></span> <span class='ocrx_word' id='word_1_360' title='bbox 582 4152 713 4240; x_wconf 90' lang='grc' dir='ltr'><strong><em>ποιοίη,</em></strong></span> <span class='ocrx_word' id='word_1_361' title='bbox 736 4166 771 4221; x_wconf 91' lang='lat' dir='ltr'><strong>ut</strong></span> <span class='ocrx_word' id='word_1_362' title='bbox 796 4167 842 4221; x_wconf 91' lang='lat' dir='ltr'><strong>est</strong></span> <span class='ocrx_word' id='word_1_363' title='bbox 867 4179 914 4240; x_wconf 91' lang='lat' dir='ltr'><strong>ap.</strong></span> <span class='ocrx_word' id='word_1_364' title='bbox 938 4156 1222 4230; x_wconf 63' lang='lat' dir='ltr'><strong>montemultra.</strong></span> <span class='ocrx_word' id='word_1_365' title='bbox 1253 4156 1373 4219; x_wconf 86' lang='lat' dir='ltr'><strong>Veteres</strong></span> <span class='ocrx_word' id='word_1_366' title='bbox 1395 4163 1495 4217; x_wconf 88' lang='lat' dir='ltr'><strong>autem</strong></span> 
     </span>
     <span class='ocr_line' id='line_1_38' title="bbox 334 4258 1496 4344; baseline -0.003 -21"><span class='ocrx_word' id='word_1_367' title='bbox 334 4260 454 4344; x_wconf 89' lang='lat' dir='ltr'><strong>politici,</strong></span> <span class='ocrx_word' id='word_1_368' title='bbox 477 4261 545 4323; x_wconf 90' lang='lat' dir='ltr'><strong>licet</strong></span> <span class='ocrx_word' id='word_1_369' title='bbox 560 4266 696 4323; x_wconf 88' lang='lat' dir='ltr'><strong>neutram</strong></span> <span class='ocrx_word' id='word_1_370' title='bbox 710 4263 753 4324; x_wconf 92' lang='lat' dir='ltr'><strong>rei</strong></span> <span class='ocrx_word' id='word_1_371' title='bbox 767 4262 899 4343; x_wconf 87' lang='lat' dir='ltr'><strong>publicae</strong></span> <span class='ocrx_word' id='word_1_372' title='bbox 913 4262 1041 4325; x_wconf 77' lang='lat' dir='ltr'><strong>sormam</strong></span> <span class='ocrx_word' id='word_1_373' title='bbox 1057 4280 1110 4344; x_wconf 81' lang='lat' dir='ltr'><strong>pu·</strong></span> <span class='ocrx_word' id='word_1_374' title='bbox 1124 4280 1157 4322; x_wconf 83' lang='lat' dir='ltr'><strong>se</strong></span> <span class='ocrx_word' id='word_1_375' title='bbox 1172 4259 1263 4322; x_wconf 87' lang='lat' dir='ltr'><strong>solam</strong></span> <span class='ocrx_word' id='word_1_376' title='bbox 1279 4260 1349 4321; x_wconf 87' lang='lat' dir='ltr'><strong>satis</strong></span> <span class='ocrx_word' id='word_1_377' title='bbox 1364 4258 1496 4341; x_wconf 82' lang='lat' dir='ltr'><strong>proban·</strong></span> 
     </span>
     <span class='ocr_line' id='line_1_39' title="bbox 334 4360 1496 4442; baseline -0.004 -14"><span class='ocrx_word' id='word_1_378' title='bbox 334 4366 402 4428; x_wconf 86' lang='lat' dir='ltr'><strong>dam</strong></span> <span class='ocrx_word' id='word_1_379' title='bbox 416 4373 589 4440; x_wconf 85' lang='lat' dir='ltr'><strong>statuerent,</strong></span> <span class='ocrx_word' id='word_1_380' title='bbox 604 4372 714 4440; x_wconf 88' lang='lat' dir='ltr'><strong>tamen,</strong></span> <span class='ocrx_word' id='word_1_381' title='bbox 736 4367 762 4429; x_wconf 92' lang='lat' dir='ltr'><strong>si</strong></span> <span class='ocrx_word' id='word_1_382' title='bbox 777 4366 867 4429; x_wconf 86' lang='lat' dir='ltr'><strong>altera</strong></span> <span class='ocrx_word' id='word_1_383' title='bbox 879 4373 946 4430; x_wconf 88' lang='lat' dir='ltr'><strong>utra</strong></span> <span class='ocrx_word' id='word_1_384' title='bbox 960 4366 1104 4429; x_wconf 88' lang='lat' dir='ltr'><strong>sumenda</strong></span> <span class='ocrx_word' id='word_1_385' title='bbox 1118 4370 1209 4436; x_wconf 88' lang='lat' dir='ltr'><strong>essct,</strong></span> <span class='ocrx_word' id='word_1_386' title='bbox 1230 4363 1315 4442; x_wconf 75' lang='lat' dir='ltr'><strong>longe</strong></span> <span class='ocrx_word' id='word_1_387' title='bbox 1330 4360 1430 4424; x_wconf 86' lang='lat' dir='ltr'><strong>minus</strong></span> <span class='ocrx_word' id='word_1_388' title='bbox 1444 4360 1496 4423; x_wconf 80' lang='lat' dir='ltr'><strong>fn·</strong></span> 
     </span>
    </p>
   </div>
   <div class='ocr_carea' id='block_1_5' title="bbox 0 0 1625 5148">
    <p class='ocr_par' dir='ltr' id='par_1_5' title="bbox 0 0 1625 5148">
     <span class='ocr_line' id='line_1_40' title="bbox 0 0 1625 5148; baseline 0 0"><span class='ocrx_word' id='word_1_389' title='bbox 0 0 1625 5148; x_wconf 95' lang='lat' dir='ltr'><strong> </strong></span> 
     </span>
    </p>
   </div>
  </div>
 </body>
</html>
