3222 5148
794 463 947 563 ,283-

293 671 364 717 nem
379 653 415 716 de
429 652 515 734 Legg.
530 653 580 727 ΙΙΙ,
598 653 628 727 3,
645 652 679 716 9:
701 653 888 734 „equitem
911 670 1065 733 cumque
1087 652 1149 732 qui
1169 660 1275 733 regat
1288 652 1450 716 babeto“

292 759 397 838 inquo
412 776 449 820 ne
464 764 565 837 aptum
581 757 700 837 quidem
716 774 870 836 eumque
885 773 940 837 pro
955 754 1266 835 quotiescunque,
1283 756 1451 838 quando·

292 878 445 941 cumque
465 877 531 920 esse
546 867 681 939 apparet,
701 878 717 919 c
730 858 943 920 recentioribus
959 857 1119 920 editoribus
1134 875 1223 921 nemo
1238 868 1356 941 praeter
1369 860 1451 921 Goe-

291 962 425 1024 renzium
439 961 514 1023 tueri
529 979 618 1023 ausus
634 968 687 1034 est,
704 960 753 1040 qni
768 961 898 1042 quidem,
915 977 972 1040 qua
986 968 1033 1020 est
1043 960 1166 1031 inscitia,
1180 962 1452 1041 equitemcum·

293 1083 361 1145 que
376 1064 514 1143 coniungi
528 1082 617 1143 posse
631 1072 767 1126 autumat
780 1070 816 1124 ut
829 1064 867 1124 sit
881 1062 900 1123 i.
917 1080 944 1141 q.
960 1061 1126 1142 equitatum
1142 1080 1302 1143 quemque,
1316 1064 1452 1144 adeoque

292 1166 379 1228 etiam
396 1167 667 1247 omniscunqus
683 1165 823 1240 „erouba
838 1165 961 1244 lingua“
977 1165 1033 1227 dici
1048 1173 1157 1228 narmi.
1187 1165 1318 1239 Constat,
1335 1167 1452 1248 opinor,

291 1269 368 1330 inter
386 1268 545 1349 prudentes
565 1268 754 1331 scribendum
775 1267 852 1347 apud
868 1268 1039 1330 Ciceronem
1063 1268 1370 1349 „equitatumque
1390 1269 1468 1350 qui·

292 1376 422 1451 regst“
452 1371 495 1433 lle
511 1372 597 1433 tertio
613 1371 758 1453 exemplo,
775 1371 845 1433 Cod.
860 1370 973 1432 Theod.
989 1369 1052 1443 llll,
1069 1370 1099 1443 6,
1115 1370 1172 1431 32:
1197 1372 1360 1443 „burum
1372 1372 1452 1434 sire

292 1480 484 1553 argentum
505 1491 687 1554 quumque
709 1474 1187 1554 apossessoreoonfertur,
1209 1474 1380 1539 arcarius
1395 1473 1451 1535 vel

291 1582 487 1656 susceptor
509 1576 697 1656 accipiat“
720 1576 831 1637 dudum
847 1576 978 1638 Ritterus
992 1578 1117 1650 monuit,
1133 1577 1164 1638 in
1179 1577 1250 1639 God.
1265 1577 1379 1647 lustin„
1400 1575 1452 1638 ubi

292 1676 370 1739 idem
386 1677 563 1756 rescriptum
579 1684 667 1748 extat,
688 1677 744 1757 legi
759 1679 1077 1758 quandocumque,
1097 1680 1186 1760 idque
1201 1680 1290 1742 etiam
1306 1680 1337 1740 in
1352 1679 1451 1741 Theo-

291 1779 413 1853 dosiano
429 1778 528 1843 codice
543 1779 707 1860 repositum
722 1787 768 1840 est
781 1780 818 1841 ab
832 1780 964 1860 lingone.
994 1779 1074 1852 Quae
1089 1800 1178 1861 porro
1193 1781 1224 1842 in
1238 1782 1349 1854 laricis,
1371 1781 1452 1842 volut

291 1900 308 1943 a
323 1881 482 1952 Freundio,
498 1899 534 1942 ex
544 1881 681 1943 Lucretio
696 1882 867 1954 afferuntur,
883 1889 934 1944 ant
949 1881 1104 1945 manifesto
1119 1890 1259 1966 corrupta
1272 1892 1322 1946 ant
1335 1882 1453 1963 genmb

292 1982 398 2045 diversi
411 1990 490 2045 sunt.
519 1983 555 2045 ln
570 2001 641 2056 uno,
658 1984 690 2056 V,
707 1983 784 2045 3¹2:

334 2084 496 2164 Denique
509 2102 581 2147 non
594 2086 823 2148 monimenta
838 2085 956 2148 rirum
973 2086 1115 2167 dilapsa
1129 2083 1321 2148 ridemus?

334 2205 513 2268 quaerere
528 2205 710 2270 proporro
726 2187 796 2250 sibi
811 2206 994 2270 quomque
1007 2206 1207 2251 senescere
1222 2187 1362 2251 credas.

292 2289 409 2353 etiamsi
430 2307 618 2369 quomque
633 2308 701 2352 eum
718 2290 907 2353 Wakefieldio
922 2309 975 2371 pro
990 2291 1202 2372 aliquando,
1224 2301 1276 2353 sut
1289 2309 1356 2353 urm
1373 2290 1450 2352 For-

291 2376 392 2472 biqero
412 2411 466 2475 pro
488 2409 720 2472 quocumque
740 2393 844 2455 modo
859 2392 916 2454 dici
930 2393 1062 2474 potuisse
1077 2410 1191 2465 sumas,
1219 2409 1289 2453 sana
1304 2391 1449 2454 amentia

292 2494 349 2556 diei
362 2509 423 2555 non
437 2500 548 2574 potest:
564 2513 599 2555 er
614 2492 878 2566 emendationibus,
895 2512 968 2574 quas
983 2493 1030 2555 olii
1041 2492 1110 2555 alios
1122 2501 1350 2575 proposuerunt,
1364 2492 1452 2575 oqui·

292 2596 360 2659 dem
375 2596 486 2661 nullam
501 2595 727 2676 probabiliorem
743 2612 850 2658 censeo
865 2614 953 2676 quam
968 2594 1164 2658 Lachmanni:

334 2697 500 2777 lienique
514 2713 587 2759 non
602 2698 824 2760 monimenta
838 2698 956 2761 virum
972 2699 1115 2780 dilapsa
1130 2697 1310 2772 ridemus,

334 2817 425 2880 quae
438 2800 518 2862 iore
532 2816 718 2880 proporro
733 2800 963 2881 vetitumque
975 2819 1170 2866 senescere
1184 2796 1344 2863 credas?

291 2903 326 2964 ln
339 2902 432 2965 altero
447 2903 522 2976 loco,
538 2901 575 2975 ll,
591 2900 669 2962 721:

334 3005 418 3067 Nam
433 3003 554 3066 veluti
568 3011 648 3066 tota
663 3009 791 3066 natura
805 3003 1004 3067 dissimilis
1018 3012 1108 3066 sunt

333 3107 432 3169 inter
453 3126 491 3169 se
513 3107 659 3187 genitae
680 3124 738 3168 res
752 3124 930 3188 quaeque,
955 3106 1007 3169 ita
1022 3122 1175 3187 cumque
1189 3111 1408 3168 necesseest

334 3208 510 3272 dissimili
525 3217 696 3272 constare
708 3208 831 3287 ligura
847 3208 1122 3291 principiorum.

291 3309 403 3372 dudum
418 3310 454 3371 ab
470 3310 608 3372 omnihus
628 3320 745 3391 recepta
759 3320 805 3372 est
821 3311 986 3373 emendatio
1003 3311 1077 3384 „ita
1097 3328 1274 3392 quamque
1295 3328 1450 3374 neeesse

291 3418 384 3475 est“.
416 3411 569 3491 Similique
584 3412 788 3475 emendatione
802 3413 890 3475 etiam
906 3412 942 3485 ΙΙ,
957 3415 1016 3474 21:

335 3516 429 3594 Ergo
444 3532 664 3595 corpoream
679 3514 721 3577 ad
736 3522 901 3577 naturam
916 3532 1031 3594 pauca
1046 3514 1215 3577 ridemus

333 3635 410 3679 esse
425 3635 518 3697 opus
533 3618 683 3679 omnino
698 3635 788 3697 quae
804 3617 954 3678 demant
968 3634 1123 3696 cumque
1138 3616 1314 3679 dolorem.

290 3718 452 3782 Lambinus
466 3708 891 3802 aliiquesuipserunt‚,quae
906 3719 1054 3781 demant
1068 3738 1253 3801 quemque
1266 3719 1448 3783 dolorem:

292 3957 330 4009 qn
338 3958 415 4008 oqno
428 3943 529 3996 dicitur.
553 3943 610 3997 Non
622 3946 708 4011 inepta
719 3952 789 3998 certo
801 3947 863 3998 iaso
875 3947 1021 3999 coniectura
1033 3952 1086 4010 ost,
1102 3943 1164 3997 licet
1175 3943 1214 3997 illi
1225 3944 1302 3997 alteri
1314 3960 1363 3996 non
1375 3959 1451 4010 prns-

291 4025 401 4080 lerenda.
425 4028 489 4080 Nam
505 4030 570 4094 qnod
588 4030 744 4096 Madvigius,
759 4031 791 4083 ad
803 4031 855 4083 Cic.
868 4032 898 4082 do
910 4032 952 4082 dn.
964 4048 989 4099 p.
1000 4031 1059 4097 688,
1083 4030 1233 4082 latinorum
1244 4045 1274 4082 os
1285 4030 1449 4082 abborcn‘usc

290 4113 329 4165 ait
340 4129 355 4164 a
366 4113 507 4179 particulae
519 4130 576 4180 qno
589 4132 644 4168 cum
655 4116 796 4168 huiusmodi
809 4116 906 4168 voculis
922 4117 948 4166 in
960 4114 1114 4181 genardum
1126 4115 1291 4180 exeuntibus,
1308 4115 1369 4179 sio,
1385 4115 1449 4179 hio,

290 4214 383 4263 nnnc,
401 4199 596 4264 compositione,
616 4216 665 4251 non
682 4202 769 4267 ntique
785 4216 873 4253 vorum
885 4208 933 4253 est„
955 4201 1029 4267 Apud
1042 4200 1158 4251 Taciturn
1170 4216 1193 4252 o.
1207 4217 1228 4251 c.
1241 4209 1375 4266 tuncque
1387 4198 1451 4264 legi-

291 4298 346 4334 mus
366 4282 431 4335 bon.
443 4284 486 4349 Vl,
510 4284 533 4335 1.
554 4284 624 4351 XIV,
648 4287 687 4336 15.
705 4287 824 4352 hucque
836 4286 895 4350 XV,
908 4285 950 4350 88,
969 4284 1109 4350 similiaque
1128 4284 1200 4337 uiui.
1230 4285 1264 4338 Et
1283 4286 1365 4351 ipsum
1385 4284 1450 4336 illud

290 4384 433 4436 nuncque
443 4373 509 4437 apud
518 4370 633 4424 Plautum
644 4372 759 4439 legimus,
768 4371 844 4423 Troo.
853 4371 883 4436 ll,
895 4372 920 4435 8,
932 4371 978 4423 ts:
989 4369 1021 4422 ld
1033 4372 1077 4425 ita
1089 4386 1159 4424 aare
1172 4368 1345 4439 expertast
1355 4385 1451 4423 suno-

291 4470 351 4520 quo
364 4454 548 4522 experiere,
560 4472 624 4508 mea
636 4454 848 4510 Phronlsium.
