3154 5138
833 461 897 526 294

288 653 393 715 tineret
407 670 498 733 quare
512 653 543 714 in
556 671 589 715 re
603 659 781 727 remoretur,
801 667 926 732 prorsua
941 652 1046 715 eodem
1064 652 1155 715 modo
1171 652 1257 717 edam
1271 653 1390 718 altorum
1404 654 1437 717 il-

289 755 338 818 lud
350 756 391 817 ad
405 755 658 819 moderandam
672 754 881 835 religionem
895 755 1069 835 reprehendi
1080 754 1214 818 debebat:
1230 774 1300 819 nam
1313 756 1398 820 etiam
1411 757 1440 819 in

289 857 349 920 hoc
361 875 424 919 non
438 858 517 920 nude
531 865 561 919 et
575 857 748 938 generaliter
761 857 832 920 illud
846 855 1008 937 practicum
1023 856 1214 936 significatur,
1237 858 1289 920 sed
1306 858 1388 939 quale
1405 859 1442 921 sit

289 967 317 1021 et
342 976 401 1039 quo
428 958 572 1039 pertineat
590 958 743 1022 indicatur.
788 958 891 1040 ltaque
920 958 1013 1039 legem
1038 959 1125 1022 istam
1148 959 1246 1022 Wollii
1275 959 1441 1023 Ciceronem

290 1070 368 1123 certe
382 1079 444 1123 non
459 1070 619 1143 sequutum
633 1080 700 1124 esse
715 1062 865 1124 videmus:
880 1080 1048 1143 nequenos,
1064 1061 1180 1142 opinor,
1189 1079 1288 1124 reram
1302 1080 1367 1125 eam
1380 1062 1444 1124 esse

289 1182 492 1243 agnoscemus.
538 1162 625 1237 Quod
651 1171 748 1227 autern
767 1163 814 1226 ille
833 1164 1031 1238 commendat,
1057 1162 1315 1243 cognitionem,
1336 1170 1445 1227 tantum

289 1264 372 1327 abest
386 1274 418 1328 ut
431 1266 655 1346 praeferendum
669 1265 720 1341 sit,
734 1273 767 1328 ut
785 1266 858 1329 milri
877 1267 994 1347 quidem
1014 1266 1101 1329 etiam
1117 1264 1244 1328 domnus
1260 1273 1290 1327 et
1305 1265 1446 1347 ambigui-

288 1367 354 1429 tatis
370 1367 484 1431 crimini
498 1369 592 1449 magis
608 1367 771 1431 obnoxium
786 1387 853 1431 esse
866 1369 1005 1433 rideatur.
1027 1368 1102 1431 Nam
1118 1384 1210 1449 quum
1225 1369 1446 1449 agnitionem

289 1467 396 1531 animi
410 1487 498 1532 nemo
513 1488 576 1532 non
586 1488 652 1533 earu
667 1488 733 1533 esse
748 1469 896 1551 intelligat,
910 1490 966 1553 qua
980 1472 1096 1535 animus
1112 1479 1307 1551 agnoscatur,
1322 1471 1447 1552 cogni-

289 1573 339 1634 tio
354 1573 461 1635 animi
477 1573 599 1636 dubitari
613 1581 726 1655 potest,
741 1580 841 1635 utrum
855 1592 889 1635 ea
904 1556 1026 1649 dicatur,
1040 1592 1098 1654 gua
1109 1584 1310 1655 cognoscatur
1324 1574 1448 1646 animus,

290 1693 328 1739 an
342 1688 400 1756 qua
414 1684 573 1756 cognoscat
585 1676 651 1756 ipse
666 1675 756 1751 aliud,
771 1694 859 1756 quam
874 1676 993 1757 quidem
1007 1675 1131 1739 Wolfius
1146 1676 1308 1758 significari
1321 1677 1398 1751 vult,
1411 1676 1450 1738 ci-

290 1785 357 1840 tans
372 1777 459 1840 etiam
474 1777 556 1840 Gellii
569 1778 669 1840 locum
682 1776 716 1839 N.
732 1778 766 1839 rt
782 1775 829 1853 lll,
845 1778 873 1853 2,
889 1779 925 1840 de
936 1778 1053 1857 genitivi
1063 1778 1280 1859 significatione
1291 1780 1385 1843 modo
1398 1777 1450 1839 ob·

291 1880 400 1955 iectiva,
414 1889 447 1943 ut
460 1897 541 1943 nunc
554 1879 715 1961 loquimur,
730 1879 819 1940 modo
836 1878 1003 1943 subiectior.
1046 1880 1133 1961 Atqui
1153 1880 1201 1942 hic
1219 1880 1289 1962 ipse
1310 1879 1453 1961 genitivus

289 1982 397 2046 animi
408 1982 567 2046 smiecuva
578 1980 790 2061 significatione
805 1981 846 2044 ad
862 1982 1104 2062 cognitionem
1118 1981 1235 2047 additus
1246 1982 1453 2045 Heindorlium

291 2086 424 2162 offendit3
444 2103 538 2165 neque
557 2083 719 2146 immerito:
739 2092 816 2146 certe
835 2083 958 2147 alterum
976 2083 1147 2147 huiusmodi
1161 2084 1337 2166 exemplum
1351 2104 1401 2147 me
1413 2084 1455 2146 le·

290 2205 357 2268 gero
370 2205 432 2249 non
445 2185 580 2261 memini,
597 2195 625 2249 et
639 2204 712 2267 qrrae
726 2186 830 2249 similia
844 2186 934 2249 rideri
947 2186 1078 2268 possint,
1094 2186 1267 2250 iudicium
1283 2187 1407 2261 animi,
1421 2185 1455 2247 da

290 2309 334 2354 or.
349 2290 385 2366 11,
402 2290 453 2364 89,
469 2289 542 2365 363,
558 2309 605 2370 ap.
622 2289 739 2352 Sallust
754 2288 815 2368 lug.
837 2308 861 2351 c.
877 2291 907 2363 4,
923 2291 953 2363 4,
968 2288 1218 2352 munificentia
1233 2289 1363 2354 animi.
1377 2289 1417 2352 ib.
1432 2308 1456 2351 c

290 2395 322 2469 7,
338 2395 371 2469 7,
392 2393 505 2455 virtus
525 2392 633 2454 animi
653 2391 734 2454 Catil.
754 2391 788 2466 2,
807 2389 853 2465 3.,
869 2391 975 2453 timor
989 2391 1113 2468 animi,
1130 2393 1238 2456 animi
1256 2410 1345 2456 cura
1362 2392 1400 2455 de
1414 2409 1456 2453 or.

290 2496 337 2569 ΙΙΙ,
356 2497 382 2557 1.
397 2495 508 2576 elingue
522 2494 606 2575 plura
620 2493 699 2575 apud
713 2492 885 2556 llritzium
900 2494 937 2557 ad
951 2492 1018 2556 Sall.
1038 2494 1050 2554 1
1070 2511 1099 2573 p.
1117 2493 1193 2570 304,
1213 2502 1320 2559 tamen
1337 2513 1458 2559 accura-

289 2598 348 2660 tius
365 2597 561 2661 consideranti
576 2597 691 2659 diversa
706 2614 772 2658 esse
785 2594 970 2659 videbuntur.
1015 2595 1074 2659 Sed
1092 2596 1162 2659 nolo
1177 2597 1237 2661 hoc
1252 2616 1340 2661 nunc
1355 2615 1457 2680 porse-

290 2701 353 2782 quic
369 2701 528 2764 macedam
542 2700 615 2763 nihil
630 2698 801 2761 offensionis
819 2697 898 2761 illam
916 2698 1118 2779 loquutiouom
1133 2699 1256 2763 habere:
1279 2700 1460 2782 ambiguita-

290 2812 348 2867 tem
369 2804 488 2883 quidem
514 2810 605 2877 certe,
624 2803 680 2865 ista
704 2801 829 2864 lectione
848 2801 988 2879 admissa,
1008 2801 1151 2865 maiorem
1170 2822 1239 2866 esse
1255 2823 1352 2885 quam
1368 2803 1401 2867 in
1414 2802 1462 2865 illa

289 2906 387 2978 altera,
403 2904 474 2967 satis
490 2922 631 2985 apparere
644 2911 727 2985 puto.
759 2904 845 2979 Quod
856 2912 954 2967 autem
965 2903 1153 2967 Heindorlius
1168 2923 1206 2969 ne
1221 2907 1461 2987 agnitionem

288 3007 407 3088 quidem
425 3006 534 3069 animi
554 3006 611 3069 sibi
632 3006 702 3069 salis
721 3005 835 3087 lilacere
853 3006 1008 3087 profitetur
1032 3015 1155 3087 propter
1173 3007 1356 3072 brevitatem
1376 3016 1463 3090 atque

288 3109 496 3183 obscuritatem
522 3128 538 3171 a
563 3106 712 3171 Ciceronis
734 3126 817 3170 more
842 3107 980 3184 alienam,
1004 3109 1184 3190 requirilgue
1206 3111 1250 3173 ad
1279 3112 1463 3175 humanae

288 3211 421 3274 mentis
440 3229 465 3270 v.
481 3211 522 3272 ad
540 3217 752 3273 nostrorum
771 3209 969 3273 animorum
988 3211 1211 3293 agnitionem
1226 3232 1291 3277 -ε
1313 3214 1392 3297 quid
1407 3212 1463 3278 ob·

288 3332 422 3387 sonum,
444 3311 514 3393 quid
527 3330 589 3375 non
604 3311 763 3376 obscenum
779 3313 832 3389 sit,
852 3313 900 3376 alii
914 3314 995 3377 aliter
1009 3314 1137 3378 iudicare
1151 3314 1265 3380 solent:
1288 3318 1376 3381 velut
1389 3314 1462 3379 milri

287 3415 344 3478 loci
359 3414 503 3477 sententia
518 3415 589 3477 satis
603 3423 703 3496 aperta
716 3416 839 3491 ridetur,
854 3417 974 3500 disque
988 3417 1049 3481 risa
1060 3425 1119 3494 est;
1133 3419 1315 3484 lleindoriio
1331 3428 1368 3486 ut
1382 3420 1466 3484 aliter

286 3517 444 3591 videretur,
467 3517 567 3581 nescio
593 3536 632 3581 an
656 3518 751 3600 ipsius
772 3520 873 3600 polius
894 3538 981 3602 quam
1002 3520 1181 3602 loquutionis
1201 3522 1295 3605 culpa
1316 3523 1465 3588 accidisse

287 3619 442 3683 dicendum
459 3619 505 3681 sit

372 3722 543 3803 Sequuntur
567 3722 646 3802 apud
667 3722 839 3788 Ciceronem
864 3725 950 3788 haec:
980 3726 1021 3788 de
1047 3735 1193 3808 quatem
1219 3730 1355 3794 variae
1382 3738 1467 3794 sunt

254 3833 270 3884 o
289 3833 426 3905 tamque
440 3825 689 3905 discrepantes
705 3828 923 3903 sententiae,
941 3835 979 3891 ut
996 3847 1122 3910 magno
1138 3844 1370 3911 argumento
1385 3854 1468 3898 esso

285 3926 424 4003 debeat,
451 3946 594 3990 causam
620 3928 655 3989 id
680 3937 735 3991 ost
760 3930 975 4011 principium
1003 3931 1264 4014 philosophiae
1292 3955 1383 4000 esse
1410 3937 1467 3999 in·

285 4028 481 4092 scientiam.
525 4029 559 4091 ln
578 4030 625 4092 his
644 4038 830 4110 postremum
849 4031 1036 4106 vocabulum,
1051 4035 1308 4115 inscientiam,
1328 4060 1393 4123 pro
1421 4060 1469 4113 eo,

285 4131 363 4212 quod
379 4132 451 4194 olim
473 4132 637 4211 legebatur,
651 4134 854 4209 scientiam,
874 4136 1002 4200 editores
1022 4137 1090 4201 inde
1109 4138 1259 4201 aliavisio
1285 4161 1405 4207 omnes
1419 4161 1469 4207 rc·

284 4245 437 4314 ceperunt,
460 4234 652 4315 universaque
670 4236 726 4297 loci
751 4237 892 4299 renuntia
912 4256 1002 4318 quum
1022 4239 1059 4301 ab
1075 4239 1152 4313 aliis,
1171 4248 1236 4303 tum
1266 4246 1412 4308 maxime
1432 4245 1470 4307 ab

282 4335 474 4410 umerum),
494 4342 553 4396 tam
576 4335 736 4400 luculenter
756 4339 905 4419 explanata
928 4347 985 4415 ost,
1013 4349 1045 4402 ut
1069 4341 1142 4403 nihil
1168 4361 1184 4403 a
1206 4361 1259 4405 me
1285 4348 1365 4411 addi
1390 4367 1471 4430 opus

455 4441 585 4448 *ψ’-

350 4473 375 4538 3)
392 4471 420 4524 ln
433 4473 496 4525 clav.
511 4470 591 4524 Cicer.
605 4489 625 4525 s.
639 4490 663 4525 v.
676 4474 858 4526 inscientia.
