<?xml version="1.0" encoding="UTF-8"?>
<!DOCTYPE html PUBLIC "-//W3C//DTD XHTML 1.0 Transitional//EN"
    "http://www.w3.org/TR/xhtml1/DTD/xhtml1-transitional.dtd">
<html xmlns="http://www.w3.org/1999/xhtml" xml:lang="en" lang="en">
 <head>
  <title>
</title>
<meta http-equiv="Content-Type" content="text/html;charset=utf-8" />
  <meta name='ocr-system' content='tesseract 3.04.00' />
  <meta name='ocr-capabilities' content='ocr_page ocr_carea ocr_par ocr_line ocrx_word'/>
</head>
<body>
  <div class='ocr_page' id='page_1' title='image "./opusculaacademi00schogoog_0771.png"; bbox 0 0 3276 5144; ppageno 0'>
   <div class='ocr_carea' id='block_1_1' title="bbox 825 457 974 552">
    <p class='ocr_par' dir='ltr' id='par_1_1' title="bbox 825 457 974 552">
     <span class='ocr_line' id='line_1_1' title="bbox 825 457 974 552; baseline 0 -34"><span class='ocrx_word' id='word_1_1' title='bbox 825 457 974 552; x_wconf 49' lang='lat' dir='ltr'><em>Q</em></span> 
     </span>
    </p>
   </div>
   <div class='ocr_carea' id='block_1_2' title="bbox 255 634 1483 4114">
    <p class='ocr_par' dir='ltr' id='par_1_2' title="bbox 255 634 1481 3809">
     <span class='ocr_line' id='line_1_2' title="bbox 318 634 1481 731; baseline 0.002 -22"><span class='ocrx_word' id='word_1_2' title='bbox 318 641 500 731; x_wconf 71' lang='grc' dir='ltr'><em>φυλάσσειν</em></span> <span class='ocrx_word' id='word_1_3' title='bbox 514 654 566 709; x_wconf 93' lang='lat' dir='ltr'><strong>aut</strong></span> <span class='ocrx_word' id='word_1_4' title='bbox 579 643 695 731; x_wconf 79' lang='grc' dir='ltr'><strong><em>τηρεῖν.</em></strong></span> <span class='ocrx_word' id='word_1_5' title='bbox 710 645 784 707; x_wconf 90' lang='lat' dir='ltr'><strong>Nam</strong></span> <span class='ocrx_word' id='word_1_6' title='bbox 799 634 972 725; x_wconf 80' lang='grc' dir='ltr'><em>ἀναμένειν</em></span> <span class='ocrx_word' id='word_1_7' title='bbox 984 639 1043 706; x_wconf 84' lang='grc' dir='ltr'><strong>τόν</strong></span> <span class='ocrx_word' id='word_1_8' title='bbox 1056 637 1151 707; x_wconf 93' lang='grc' dir='ltr'><em>τόνον</em></span> <span class='ocrx_word' id='word_1_9' title='bbox 1161 664 1196 707; x_wconf 87' lang='lat' dir='ltr'><strong>ea</strong></span> <span class='ocrx_word' id='word_1_10' title='bbox 1209 645 1330 709; x_wconf 87' lang='lat' dir='ltr'><strong>demum</strong></span> <span class='ocrx_word' id='word_1_11' title='bbox 1340 646 1481 711; x_wconf 82' lang='lat' dir='ltr'><strong>vocabula</strong></span> 
     </span>
     <span class='ocr_line' id='line_1_3' title="bbox 319 747 1480 832; baseline 0 -20"><span class='ocrx_word' id='word_1_12' title='bbox 319 750 377 812; x_wconf 85' lang='lat' dir='ltr'><strong>(lici</strong></span> <span class='ocrx_word' id='word_1_13' title='bbox 390 750 502 826; x_wconf 83' lang='lat' dir='ltr'><strong>solent,</strong></span> <span class='ocrx_word' id='word_1_14' title='bbox 522 767 610 830; x_wconf 86' lang='lat' dir='ltr'><strong>quae,</strong></span> <span class='ocrx_word' id='word_1_15' title='bbox 632 767 725 829; x_wconf 89' lang='lat' dir='ltr'><strong>quum</strong></span> <span class='ocrx_word' id='word_1_16' title='bbox 745 748 781 810; x_wconf 91' lang='lat' dir='ltr'><strong>ab</strong></span> <span class='ocrx_word' id='word_1_17' title='bbox 797 747 859 810; x_wconf 90' lang='lat' dir='ltr'><strong>aliis</strong></span> <span class='ocrx_word' id='word_1_18' title='bbox 874 747 1000 810; x_wconf 84' lang='lat' dir='ltr'><strong>derivata</strong></span> <span class='ocrx_word' id='word_1_19' title='bbox 1015 748 1089 821; x_wconf 86' lang='lat' dir='ltr'><strong>sint,</strong></span> <span class='ocrx_word' id='word_1_20' title='bbox 1111 755 1267 813; x_wconf 90' lang='lat' dir='ltr'><strong>accentum</strong></span> <span class='ocrx_word' id='word_1_21' title='bbox 1281 749 1426 832; x_wconf 91' lang='lat' dir='ltr'><strong>recipiunt</strong></span> <span class='ocrx_word' id='word_1_22' title='bbox 1440 750 1480 813; x_wconf 87' lang='lat' dir='ltr'><strong>ad</strong></span> 
     </span>
     <span class='ocr_line' id='line_1_4' title="bbox 318 846 1480 937; baseline 0.002 -23"><span class='ocrx_word' id='word_1_23' title='bbox 318 871 422 915; x_wconf 87' lang='lat' dir='ltr'><strong>eorum</strong></span> <span class='ocrx_word' id='word_1_24' title='bbox 433 853 512 915; x_wconf 88' lang='lat' dir='ltr'><strong>unde</strong></span> <span class='ocrx_word' id='word_1_25' title='bbox 527 852 654 914; x_wconf 85' lang='lat' dir='ltr'><strong>derivata</strong></span> <span class='ocrx_word' id='word_1_26' title='bbox 668 858 739 913; x_wconf 90' lang='lat' dir='ltr'><strong>sunt</strong></span> <span class='ocrx_word' id='word_1_27' title='bbox 752 868 889 914; x_wconf 87' lang='lat' dir='ltr'><strong>normam</strong></span> <span class='ocrx_word' id='word_1_28' title='bbox 904 851 1174 927; x_wconf 70' lang='lat' dir='ltr'><strong>accommodatum</strong></span> <span class='ocrx_word' id='word_1_29' title='bbox 1186 860 1289 915; x_wconf 87' lang='lat' dir='ltr'><strong>eontra</strong></span> <span class='ocrx_word' id='word_1_30' title='bbox 1296 846 1480 937; x_wconf 71' lang='lat' dir='ltr'><strong>paldonem</strong></span> 
     </span>
     <span class='ocr_line' id='line_1_5' title="bbox 317 948 1479 1036; baseline 0.003 -20"><span class='ocrx_word' id='word_1_31' title='bbox 317 950 376 1018; x_wconf 90' lang='grc' dir='ltr'><strong>τόν</strong></span> <span class='ocrx_word' id='word_1_32' title='bbox 405 948 501 1018; x_wconf 83' lang='grc' dir='ltr'><em>τόνον</em></span> <span class='ocrx_word' id='word_1_33' title='bbox 531 974 579 1029; x_wconf 89' lang='lat' dir='ltr'><strong>ea,</strong></span> <span class='ocrx_word' id='word_1_34' title='bbox 609 972 798 1036; x_wconf 84' lang='lat' dir='ltr'><strong>quaequam</strong></span> <span class='ocrx_word' id='word_1_35' title='bbox 825 954 981 1036; x_wconf 89' lang='lat' dir='ltr'><strong>proprium</strong></span> <span class='ocrx_word' id='word_1_36' title='bbox 1005 963 1160 1017; x_wconf 88' lang='lat' dir='ltr'><strong>accentum</strong></span> <span class='ocrx_word' id='word_1_37' title='bbox 1184 954 1309 1035; x_wconf 86' lang='lat' dir='ltr'><strong>habent,</strong></span> <span class='ocrx_word' id='word_1_38' title='bbox 1339 957 1479 1032; x_wconf 88' lang='lat' dir='ltr'><strong>eundem,</strong></span> 
     </span>
     <span class='ocr_line' id='line_1_6' title="bbox 318 1057 1479 1140; baseline 0.003 -20"><span class='ocrx_word' id='word_1_39' title='bbox 318 1066 461 1139; x_wconf 87' lang='lat' dir='ltr'><strong>quantum</strong></span> <span class='ocrx_word' id='word_1_40' title='bbox 490 1058 609 1140; x_wconf 83' lang='lat' dir='ltr'><strong>quidem</strong></span> <span class='ocrx_word' id='word_1_41' title='bbox 634 1077 689 1140; x_wconf 89' lang='lat' dir='ltr'><strong>per</strong></span> <span class='ocrx_word' id='word_1_42' title='bbox 716 1058 864 1138; x_wconf 78' lang='lat' dir='ltr'><strong>generales</strong></span> <span class='ocrx_word' id='word_1_43' title='bbox 892 1057 1007 1138; x_wconf 74' lang='lat' dir='ltr'><strong>regulos</strong></span> <span class='ocrx_word' id='word_1_44' title='bbox 1036 1057 1113 1131; x_wconf 91' lang='lat' dir='ltr'><strong>licet,</strong></span> <span class='ocrx_word' id='word_1_45' title='bbox 1141 1065 1311 1121; x_wconf 77' lang='lat' dir='ltr'><strong>constanter</strong></span> <span class='ocrx_word' id='word_1_46' title='bbox 1338 1060 1479 1136; x_wconf 75' lang='lat' dir='ltr'><strong>retinent,</strong></span> 
     </span>
     <span class='ocr_line' id='line_1_7' title="bbox 255 1156 1480 1244; baseline 0.001 -20"><span class='ocrx_word' id='word_1_47' title='bbox 255 1200 259 1207; x_wconf 91' lang='lat'><em>-</em></span> <span class='ocrx_word' id='word_1_48' title='bbox 316 1162 432 1225; x_wconf 88' lang='lat' dir='ltr'><strong>etiamsi</strong></span> <span class='ocrx_word' id='word_1_49' title='bbox 442 1162 614 1243; x_wconf 88' lang='lat' dir='ltr'><strong>ceteroquin</strong></span> <span class='ocrx_word' id='word_1_50' title='bbox 625 1161 718 1223; x_wconf 81' lang='lat' dir='ltr'><strong>sarias</strong></span> <span class='ocrx_word' id='word_1_51' title='bbox 729 1161 843 1223; x_wconf 81' lang='lat' dir='ltr'><strong>formae</strong></span> <span class='ocrx_word' id='word_1_52' title='bbox 855 1161 1033 1223; x_wconf 90' lang='lat' dir='ltr'><strong>mutationes</strong></span> <span class='ocrx_word' id='word_1_53' title='bbox 1043 1159 1196 1235; x_wconf 83' lang='lat' dir='ltr'><strong>subierint,</strong></span> <span class='ocrx_word' id='word_1_54' title='bbox 1211 1161 1301 1225; x_wconf 84' lang='lat' dir='ltr'><strong>veluti</strong></span> <span class='ocrx_word' id='word_1_55' title='bbox 1313 1156 1480 1244; x_wconf 84' lang='grc' dir='ltr'><em>συγχεόυς,</em></span> 
     </span>
     <span class='ocr_line' id='line_1_8' title="bbox 318 1256 1479 1346; baseline 0.003 -20"><span class='ocrx_word' id='word_1_56' title='bbox 318 1283 393 1346; x_wconf 84' lang='lat' dir='ltr'><strong>quae</strong></span> <span class='ocrx_word' id='word_1_57' title='bbox 413 1265 511 1326; x_wconf 82' lang='lat' dir='ltr'><strong>forma</strong></span> <span class='ocrx_word' id='word_1_58' title='bbox 526 1263 682 1345; x_wconf 77' lang='lat' dir='ltr'><strong>Apollonio</strong></span> <span class='ocrx_word' id='word_1_59' title='bbox 700 1282 716 1325; x_wconf 99' lang='lat' dir='ltr'><strong>e</strong></span> <span class='ocrx_word' id='word_1_60' title='bbox 736 1256 916 1344; x_wconf 82' lang='grc' dir='ltr'><em>συγχεόαας</em></span> <span class='ocrx_word' id='word_1_61' title='bbox 933 1263 1009 1326; x_wconf 87' lang='lat' dir='ltr'><strong>lacta</strong></span> <span class='ocrx_word' id='word_1_62' title='bbox 1029 1262 1195 1340; x_wconf 84' lang='lat' dir='ltr'><strong>videbatur,</strong></span> <span class='ocrx_word' id='word_1_63' title='bbox 1216 1263 1304 1327; x_wconf 87' lang='lat' dir='ltr'><strong>huius</strong></span> <span class='ocrx_word' id='word_1_64' title='bbox 1323 1273 1479 1329; x_wconf 84' lang='lat' dir='ltr'><strong>accentum</strong></span> 
     </span>
     <span class='ocr_line' id='line_1_9' title="bbox 316 1365 1480 1447; baseline 0.002 -19"><span class='ocrx_word' id='word_1_65' title='bbox 316 1375 421 1429; x_wconf 81' lang='lat' dir='ltr'><strong>serrat.</strong></span> <span class='ocrx_word' id='word_1_66' title='bbox 464 1368 603 1430; x_wconf 76' lang='lat' dir='ltr'><strong>Attamen</strong></span> <span class='ocrx_word' id='word_1_67' title='bbox 631 1385 692 1428; x_wconf 88' lang='lat' dir='ltr'><strong>non</strong></span> <span class='ocrx_word' id='word_1_68' title='bbox 718 1366 806 1428; x_wconf 82' lang='lat' dir='ltr'><strong>medo</strong></span> <span class='ocrx_word' id='word_1_69' title='bbox 830 1366 888 1428; x_wconf 88' lang='lat' dir='ltr'><strong>hoe</strong></span> <span class='ocrx_word' id='word_1_70' title='bbox 913 1365 1049 1447; x_wconf 83' lang='lat' dir='ltr'><strong>exemplo</strong></span> <span class='ocrx_word' id='word_1_71' title='bbox 1074 1365 1263 1445; x_wconf 80' lang='lat' dir='ltr'><strong>Apollonium</strong></span> <span class='ocrx_word' id='word_1_72' title='bbox 1289 1384 1378 1429; x_wconf 87' lang='lat' dir='ltr'><strong>usum</strong></span> <span class='ocrx_word' id='word_1_73' title='bbox 1402 1386 1480 1441; x_wconf 83' lang='lat' dir='ltr'><strong>ease,</strong></span> 
     </span>
     <span class='ocr_line' id='line_1_10' title="bbox 317 1467 1479 1552; baseline 0.002 -22"><span class='ocrx_word' id='word_1_74' title='bbox 317 1471 425 1552; x_wconf 92' lang='lat' dir='ltr'><strong>quippe</strong></span> <span class='ocrx_word' id='word_1_75' title='bbox 445 1470 475 1532; x_wconf 93' lang='lat' dir='ltr'><strong>in</strong></span> <span class='ocrx_word' id='word_1_76' title='bbox 492 1477 687 1552; x_wconf 88' lang='lat' dir='ltr'><strong>quopropter</strong></span> <span class='ocrx_word' id='word_1_77' title='bbox 705 1469 900 1549; x_wconf 88' lang='lat' dir='ltr'><strong>quantitatem</strong></span> <span class='ocrx_word' id='word_1_78' title='bbox 922 1467 1048 1548; x_wconf 79' lang='lat' dir='ltr'><strong>syllabae</strong></span> <span class='ocrx_word' id='word_1_79' title='bbox 1063 1475 1232 1549; x_wconf 82' lang='lat' dir='ltr'><strong>postremae</strong></span> <span class='ocrx_word' id='word_1_80' title='bbox 1247 1470 1357 1531; x_wconf 90' lang='lat' dir='ltr'><strong>retrahi</strong></span> <span class='ocrx_word' id='word_1_81' title='bbox 1371 1488 1479 1532; x_wconf 85' lang='lat' dir='ltr'><strong>acuen-</strong></span> 
     </span>
     <span class='ocr_line' id='line_1_11' title="bbox 316 1567 1480 1654; baseline 0.003 -21"><span class='ocrx_word' id='word_1_82' title='bbox 316 1580 366 1634; x_wconf 88' lang='lat' dir='ltr'><strong>tus</strong></span> <span class='ocrx_word' id='word_1_83' title='bbox 380 1572 462 1634; x_wconf 90' lang='lat' dir='ltr'><strong>nullo</strong></span> <span class='ocrx_word' id='word_1_84' title='bbox 477 1573 567 1635; x_wconf 90' lang='lat' dir='ltr'><strong>modo</strong></span> <span class='ocrx_word' id='word_1_85' title='bbox 583 1573 726 1653; x_wconf 85' lang='lat' dir='ltr'><strong>potuerit:</strong></span> <span class='ocrx_word' id='word_1_86' title='bbox 742 1571 895 1654; x_wconf 74' lang='lat' dir='ltr'><strong>scripsisse</strong></span> <span class='ocrx_word' id='word_1_87' title='bbox 910 1587 979 1633; x_wconf 91' lang='lat' dir='ltr'><strong>eum</strong></span> <span class='ocrx_word' id='word_1_88' title='bbox 994 1570 1121 1633; x_wconf 89' lang='lat' dir='ltr'><strong>arbitror</strong></span> <span class='ocrx_word' id='word_1_89' title='bbox 1136 1567 1300 1651; x_wconf 77' lang='grc' dir='ltr'><em>συγχεῦαι,</em></span> <span class='ocrx_word' id='word_1_90' title='bbox 1314 1580 1397 1635; x_wconf 88' lang='lat' dir='ltr'><strong>tanto</strong></span> <span class='ocrx_word' id='word_1_91' title='bbox 1413 1592 1480 1638; x_wconf 92' lang='lat' dir='ltr'><strong>ma-</strong></span> 
     </span>
     <span class='ocr_line' id='line_1_12' title="bbox 317 1674 1480 1758; baseline 0.002 -22"><span class='ocrx_word' id='word_1_92' title='bbox 317 1675 370 1754; x_wconf 79' lang='lat' dir='ltr'><strong>gis,</strong></span> <span class='ocrx_word' id='word_1_93' title='bbox 387 1674 454 1754; x_wconf 91' lang='lat' dir='ltr'><strong>quia</strong></span> <span class='ocrx_word' id='word_1_94' title='bbox 469 1676 546 1756; x_wconf 86' lang='lat' dir='ltr'><strong>apud</strong></span> <span class='ocrx_word' id='word_1_95' title='bbox 561 1676 735 1750; x_wconf 87' lang='lat' dir='ltr'><strong>Homerum,</strong></span> <span class='ocrx_word' id='word_1_96' title='bbox 750 1676 829 1737; x_wconf 91' lang='lat' dir='ltr'><strong>unde</strong></span> <span class='ocrx_word' id='word_1_97' title='bbox 843 1677 941 1737; x_wconf 89' lang='lat' dir='ltr'><strong>solent</strong></span> <span class='ocrx_word' id='word_1_98' title='bbox 954 1674 1016 1737; x_wconf 87' lang='lat' dir='ltr'><strong>iere</strong></span> <span class='ocrx_word' id='word_1_99' title='bbox 1031 1676 1165 1757; x_wconf 83' lang='lat' dir='ltr'><strong>exempla</strong></span> <span class='ocrx_word' id='word_1_100' title='bbox 1179 1675 1250 1758; x_wconf 86' lang='lat' dir='ltr'><strong>peti,</strong></span> <span class='ocrx_word' id='word_1_101' title='bbox 1267 1675 1337 1737; x_wconf 85' lang='lat' dir='ltr'><strong>illud</strong></span> <span class='ocrx_word' id='word_1_102' title='bbox 1352 1675 1480 1738; x_wconf 89' lang='lat' dir='ltr'><strong>alterum</strong></span> 
     </span>
     <span class='ocr_line' id='line_1_13' title="bbox 316 1774 1479 1859; baseline 0.002 -20"><span class='ocrx_word' id='word_1_103' title='bbox 316 1796 464 1858; x_wconf 84' lang='lat' dir='ltr'><strong>nmquam</strong></span> <span class='ocrx_word' id='word_1_104' title='bbox 486 1785 578 1852; x_wconf 81' lang='lat' dir='ltr'><strong>extat,</strong></span> <span class='ocrx_word' id='word_1_105' title='bbox 599 1796 693 1859; x_wconf 91' lang='lat' dir='ltr'><strong>quum</strong></span> <span class='ocrx_word' id='word_1_106' title='bbox 713 1774 867 1857; x_wconf 77' lang='grc' dir='ltr'><em>συγχεῦαι</em></span> <span class='ocrx_word' id='word_1_107' title='bbox 888 1777 981 1840; x_wconf 91' lang='lat' dir='ltr'><strong>semel</strong></span> <span class='ocrx_word' id='word_1_108' title='bbox 994 1785 1074 1839; x_wconf 87' lang='lat' dir='ltr'><strong>certe</strong></span> <span class='ocrx_word' id='word_1_109' title='bbox 1088 1778 1213 1857; x_wconf 81' lang='lat' dir='ltr'><strong>legatur,</strong></span> <span class='ocrx_word' id='word_1_110' title='bbox 1235 1777 1290 1840; x_wconf 85' lang='lat' dir='ltr'><strong>Od.</strong></span> <span class='ocrx_word' id='word_1_111' title='bbox 1305 1779 1384 1855; x_wconf 82' lang='lat' dir='ltr'><strong>Vlll,</strong></span> <span class='ocrx_word' id='word_1_112' title='bbox 1409 1779 1479 1841; x_wconf 86' lang='grc'><strong>139.</strong></span> 
     </span>
     <span class='ocr_line' id='line_1_14' title="bbox 318 1870 1480 1965; baseline 0.001 -23"><span class='ocrx_word' id='word_1_113' title='bbox 318 1880 403 1954; x_wconf 82' lang='lat' dir='ltr'><strong>Quod</strong></span> <span class='ocrx_word' id='word_1_114' title='bbox 423 1888 522 1944; x_wconf 86' lang='lat' dir='ltr'><strong>autem</strong></span> <span class='ocrx_word' id='word_1_115' title='bbox 545 1882 604 1943; x_wconf 84' lang='lat' dir='ltr'><strong>(liri</strong></span> <span class='ocrx_word' id='word_1_116' title='bbox 624 1883 660 1944; x_wconf 80' lang='lat' dir='ltr'><strong>cle</strong></span> <span class='ocrx_word' id='word_1_117' title='bbox 676 1881 844 1944; x_wconf 87' lang='lat' dir='ltr'><strong>discrimine</strong></span> <span class='ocrx_word' id='word_1_118' title='bbox 859 1880 1043 1943; x_wconf 87' lang='lat' dir='ltr'><strong>locutionum</strong></span> <span class='ocrx_word' id='word_1_119' title='bbox 1067 1870 1238 1960; x_wconf 83' lang='grc' dir='ltr'><em>ἀναμένειν</em></span> <span class='ocrx_word' id='word_1_120' title='bbox 1251 1887 1282 1942; x_wconf 87' lang='lat' dir='ltr'><strong>el</strong></span> <span class='ocrx_word' id='word_1_121' title='bbox 1296 1873 1480 1965; x_wconf 81' lang='grc' dir='ltr'><em>φυλάσσειν</em></span> 
     </span>
     <span class='ocr_line' id='line_1_15' title="bbox 317 1978 1480 2065; baseline 0.002 -21"><span class='ocrx_word' id='word_1_122' title='bbox 317 1978 376 2045; x_wconf 84' lang='grc' dir='ltr'><strong>τόν</strong></span> <span class='ocrx_word' id='word_1_123' title='bbox 390 1978 501 2059; x_wconf 85' lang='grc' dir='ltr'><em>τόνον,</em></span> <span class='ocrx_word' id='word_1_124' title='bbox 522 2002 560 2046; x_wconf 89' lang='lat' dir='ltr'><strong>ne</strong></span> <span class='ocrx_word' id='word_1_125' title='bbox 574 1984 640 2065; x_wconf 88' lang='lat' dir='ltr'><strong>quis</strong></span> <span class='ocrx_word' id='word_1_126' title='bbox 655 1989 767 2047; x_wconf 87' lang='lat' dir='ltr'><strong>temere</strong></span> <span class='ocrx_word' id='word_1_127' title='bbox 781 1984 891 2047; x_wconf 88' lang='lat' dir='ltr'><strong>iactum</strong></span> <span class='ocrx_word' id='word_1_128' title='bbox 904 1989 1004 2064; x_wconf 87' lang='lat' dir='ltr'><strong>putet,</strong></span> <span class='ocrx_word' id='word_1_129' title='bbox 1023 1983 1223 2064; x_wconf 84' lang='lat' dir='ltr'><strong>comprobabo</strong></span> <span class='ocrx_word' id='word_1_130' title='bbox 1239 1982 1351 2063; x_wconf 88' lang='lat' dir='ltr'><strong>aliquot</strong></span> <span class='ocrx_word' id='word_1_131' title='bbox 1365 1984 1480 2046; x_wconf 87' lang='lat' dir='ltr'><strong>utrius-</strong></span> 
     </span>
     <span class='ocr_line' id='line_1_16' title="bbox 317 2082 1479 2170; baseline 0 -23"><span class='ocrx_word' id='word_1_132' title='bbox 317 2102 375 2164; x_wconf 90' lang='lat' dir='ltr'><strong>que</strong></span> <span class='ocrx_word' id='word_1_133' title='bbox 396 2085 553 2149; x_wconf 86' lang='lat' dir='ltr'><strong>locutionis</strong></span> <span class='ocrx_word' id='word_1_134' title='bbox 575 2087 725 2170; x_wconf 84' lang='lat' dir='ltr'><strong>exemplis.</strong></span> <span class='ocrx_word' id='word_1_135' title='bbox 770 2087 861 2167; x_wconf 75' lang='lat' dir='ltr'><strong>Igitur</strong></span> <span class='ocrx_word' id='word_1_136' title='bbox 886 2087 941 2149; x_wconf 86' lang='lat' dir='ltr'><strong>hae</strong></span> <span class='ocrx_word' id='word_1_137' title='bbox 964 2086 1028 2167; x_wconf 84' lang='lat' dir='ltr'><strong>ipsa</strong></span> <span class='ocrx_word' id='word_1_138' title='bbox 1047 2086 1152 2167; x_wconf 82' lang='lat' dir='ltr'><strong>pagina</strong></span> <span class='ocrx_word' id='word_1_139' title='bbox 1170 2087 1295 2166; x_wconf 79' lang='lat' dir='ltr'><strong>legimus</strong></span> <span class='ocrx_word' id='word_1_140' title='bbox 1314 2105 1342 2148; x_wconf 83' lang='grc' dir='ltr'><strong>ν.</strong></span> <span class='ocrx_word' id='word_1_141' title='bbox 1361 2088 1416 2148; x_wconf 87' lang='lat'><strong>10:</strong></span> <span class='ocrx_word' id='word_1_142' title='bbox 1438 2082 1479 2148; x_wconf 89' lang='grc' dir='ltr'><strong>τό</strong></span> 
     </span>
     <span class='ocr_line' id='line_1_17' title="bbox 317 2177 1480 2274; baseline 0 -25"><span class='ocrx_word' id='word_1_143' title='bbox 317 2177 402 2263; x_wconf 82' lang='grc' dir='ltr'><em>ἀναξ</em></span> <span class='ocrx_word' id='word_1_144' title='bbox 420 2179 596 2270; x_wconf 76' lang='grc' dir='ltr'><em>ἀποβαλόν</em></span> <span class='ocrx_word' id='word_1_145' title='bbox 614 2184 654 2252; x_wconf 90' lang='grc' dir='ltr'><strong>τό</strong></span> <span class='ocrx_word' id='word_1_146' title='bbox 674 2196 690 2265; x_wconf 69' lang='grc' dir='ltr'><em>ξ</em></span> <span class='ocrx_word' id='word_1_147' title='bbox 707 2184 763 2251; x_wconf 86' lang='grc' dir='ltr'><strong>τόν</strong></span> <span class='ocrx_word' id='word_1_148' title='bbox 781 2181 882 2251; x_wconf 77' lang='grc' dir='ltr'><em>αὐτόν</em></span> <span class='ocrx_word' id='word_1_149' title='bbox 904 2182 1000 2251; x_wconf 87' lang='grc' dir='ltr'><em>τόνον</em></span> <span class='ocrx_word' id='word_1_150' title='bbox 1019 2182 1192 2274; x_wconf 73' lang='grc' dir='ltr'><em>φυλάσσει.</em></span> <span class='ocrx_word' id='word_1_151' title='bbox 1219 2207 1248 2272; x_wconf 89' lang='lat' dir='ltr'><strong>p.</strong></span> <span class='ocrx_word' id='word_1_152' title='bbox 1265 2189 1336 2264; x_wconf 83' lang='grc'><strong>577,</strong></span> <span class='ocrx_word' id='word_1_153' title='bbox 1355 2187 1409 2250; x_wconf 79' lang='lat'><strong>13:</strong></span> <span class='ocrx_word' id='word_1_154' title='bbox 1435 2182 1480 2249; x_wconf 86' lang='grc' dir='ltr'><em>τά</em></span> 
     </span>
     <span class='ocr_line' id='line_1_18' title="bbox 319 2282 1480 2376; baseline -0.001 -24"><span class='ocrx_word' id='word_1_155' title='bbox 319 2283 589 2370; x_wconf 84' lang='grc' dir='ltr'><em>συνεμπίπτοντα</em></span> <span class='ocrx_word' id='word_1_156' title='bbox 614 2282 795 2376; x_wconf 76' lang='grc' dir='ltr'><em>ἀνοματικῇ</em></span> <span class='ocrx_word' id='word_1_157' title='bbox 819 2283 950 2354; x_wconf 81' lang='grc' dir='ltr'><em>πτώσει</em></span> <span class='ocrx_word' id='word_1_158' title='bbox 974 2282 1186 2373; x_wconf 74' lang='grc' dir='ltr'><em>ἐπιρρήματα</em></span> <span class='ocrx_word' id='word_1_159' title='bbox 1210 2286 1269 2373; x_wconf 70' lang='grc' dir='ltr'><strong>τὴν</strong></span> <span class='ocrx_word' id='word_1_160' title='bbox 1293 2284 1391 2353; x_wconf 89' lang='grc' dir='ltr'><em>τάσιν</em></span> <span class='ocrx_word' id='word_1_161' title='bbox 1415 2285 1480 2352; x_wconf 76' lang='grc' dir='ltr'><em>ταῖν</em></span> 
     </span>
     <span class='ocr_line' id='line_1_19' title="bbox 319 2384 1481 2479; baseline 0 -24"><span class='ocrx_word' id='word_1_162' title='bbox 319 2384 491 2473; x_wconf 86' lang='grc' dir='ltr'><em>όνομάτων</em></span> <span class='ocrx_word' id='word_1_163' title='bbox 504 2388 678 2479; x_wconf 69' lang='grc' dir='ltr'><em>φυλάσσεο</em></span> <span class='ocrx_word' id='word_1_164' title='bbox 701 2394 823 2471; x_wconf 83' lang='grc' dir='ltr'><em>(εαίΙίοε1</em></span> <span class='ocrx_word' id='word_1_165' title='bbox 836 2393 1037 2475; x_wconf 79' lang='lat' dir='ltr'><strong>significantur</strong></span> <span class='ocrx_word' id='word_1_166' title='bbox 1055 2393 1200 2457; x_wconf 86' lang='lat' dir='ltr'><strong>eiusmodi</strong></span> <span class='ocrx_word' id='word_1_167' title='bbox 1218 2394 1360 2476; x_wconf 83' lang='lat' dir='ltr'><strong>exempla,</strong></span> <span class='ocrx_word' id='word_1_168' title='bbox 1384 2393 1481 2474; x_wconf 90' lang='lat' dir='ltr'><strong>qualia</strong></span> 
     </span>
     <span class='ocr_line' id='line_1_20' title="bbox 317 2488 1479 2581; baseline 0.001 -22"><span class='ocrx_word' id='word_1_169' title='bbox 317 2503 388 2559; x_wconf 88' lang='lat' dir='ltr'><strong>sunt</strong></span> <span class='ocrx_word' id='word_1_170' title='bbox 401 2490 492 2574; x_wconf 85' lang='grc' dir='ltr'><em>ταχό,</em></span> <span class='ocrx_word' id='word_1_171' title='bbox 511 2489 615 2573; x_wconf 79' lang='grc' dir='ltr'><em>παλό,</em></span> <span class='ocrx_word' id='word_1_172' title='bbox 641 2488 723 2581; x_wconf 69' lang='lat' dir='ltr'><strong>teto,</strong></span> <span class='ocrx_word' id='word_1_173' title='bbox 743 2491 859 2581; x_wconf 83' lang='grc' dir='ltr'><em>κύκλῳ,</em></span> <span class='ocrx_word' id='word_1_174' title='bbox 882 2515 958 2580; x_wconf 88' lang='lat' dir='ltr'><strong>qnae</strong></span> <span class='ocrx_word' id='word_1_175' title='bbox 980 2515 1073 2578; x_wconf 92' lang='lat' dir='ltr'><strong>quum</strong></span> <span class='ocrx_word' id='word_1_176' title='bbox 1095 2517 1127 2560; x_wconf 90' lang='lat' dir='ltr'><strong>re</strong></span> <span class='ocrx_word' id='word_1_177' title='bbox 1147 2516 1214 2561; x_wconf 80' lang='lat' dir='ltr'><strong>uera</strong></span> <span class='ocrx_word' id='word_1_178' title='bbox 1233 2497 1306 2560; x_wconf 90' lang='lat' dir='ltr'><strong>nihil</strong></span> <span class='ocrx_word' id='word_1_179' title='bbox 1320 2497 1377 2559; x_wconf 90' lang='lat' dir='ltr'><strong>nisi</strong></span> <span class='ocrx_word' id='word_1_180' title='bbox 1392 2514 1479 2560; x_wconf 90' lang='lat' dir='ltr'><strong>casus</strong></span> 
     </span>
     <span class='ocr_line' id='line_1_21' title="bbox 317 2597 1480 2682; baseline 0.001 -22"><span class='ocrx_word' id='word_1_181' title='bbox 317 2597 475 2660; x_wconf 89' lang='lat' dir='ltr'><strong>nominum</strong></span> <span class='ocrx_word' id='word_1_182' title='bbox 489 2599 565 2675; x_wconf 85' lang='lat' dir='ltr'><strong>sint,</strong></span> <span class='ocrx_word' id='word_1_183' title='bbox 586 2598 742 2681; x_wconf 77' lang='lat' dir='ltr'><strong>Apollonio</strong></span> <span class='ocrx_word' id='word_1_184' title='bbox 762 2599 897 2662; x_wconf 83' lang='lat' dir='ltr'><strong>adverbia</strong></span> <span class='ocrx_word' id='word_1_185' title='bbox 917 2608 988 2662; x_wconf 90' lang='lat' dir='ltr'><strong>sunt</strong></span> <span class='ocrx_word' id='word_1_186' title='bbox 1001 2599 1116 2664; x_wconf 85' lang='lat' dir='ltr'><strong>casibus</strong></span> <span class='ocrx_word' id='word_1_187' title='bbox 1131 2600 1339 2682; x_wconf 76' lang='lat' dir='ltr'><strong>congruentia,</strong></span> <span class='ocrx_word' id='word_1_188' title='bbox 1360 2617 1480 2678; x_wconf 89' lang='grc' dir='ltr'><em>συνεμ-</em></span> 
     </span>
     <span class='ocr_line' id='line_1_22' title="bbox 318 2693 1481 2786; baseline 0.001 -23"><span class='ocrx_word' id='word_1_189' title='bbox 318 2693 509 2782; x_wconf 63' lang='lat' dir='ltr'><strong>clasma.)</strong></span> <span class='ocrx_word' id='word_1_190' title='bbox 547 2721 576 2785; x_wconf 93' lang='lat' dir='ltr'><strong>p.</strong></span> <span class='ocrx_word' id='word_1_191' title='bbox 593 2703 669 2778; x_wconf 88' lang='grc'><strong>582,</strong></span> <span class='ocrx_word' id='word_1_192' title='bbox 689 2704 708 2767; x_wconf 94' lang='grc'><strong>8</strong></span> <span class='ocrx_word' id='word_1_193' title='bbox 730 2703 871 2766; x_wconf 83' lang='lat' dir='ltr'><strong>adiectiva</strong></span> <span class='ocrx_word' id='word_1_194' title='bbox 890 2720 958 2766; x_wconf 84' lang='lat' dir='ltr'><strong>curu</strong></span> <span class='ocrx_word' id='word_1_195' title='bbox 978 2708 996 2769; x_wconf 76' lang='grc' dir='ltr'><em>α</em></span> <span class='ocrx_word' id='word_1_196' title='bbox 1013 2704 1152 2784; x_wconf 78' lang='lat' dir='ltr'><strong>privativo</strong></span> <span class='ocrx_word' id='word_1_197' title='bbox 1172 2704 1334 2786; x_wconf 84' lang='lat' dir='ltr'><strong>compositu</strong></span> <span class='ocrx_word' id='word_1_198' title='bbox 1355 2702 1428 2765; x_wconf 81' lang='lat' dir='ltr'><strong>siin</strong></span> <span class='ocrx_word' id='word_1_199' title='bbox 1442 2705 1481 2776; x_wconf 66' lang='grc' dir='ltr'><strong>’ῖς</strong></span> 
     </span>
     <span class='ocr_line' id='line_1_23' title="bbox 318 2799 1480 2889; baseline -0.001 -22"><span class='ocrx_word' id='word_1_200' title='bbox 318 2812 436 2878; x_wconf 82' lang='lat' dir='ltr'><strong>exeunt,</strong></span> <span class='ocrx_word' id='word_1_201' title='bbox 452 2811 607 2867; x_wconf 89' lang='lat' dir='ltr'><strong>accentum</strong></span> <span class='ocrx_word' id='word_1_202' title='bbox 620 2804 788 2882; x_wconf 85' lang='lat' dir='ltr'><strong>retrahunt,</strong></span> <span class='ocrx_word' id='word_1_203' title='bbox 803 2805 850 2867; x_wconf 89' lang='lat' dir='ltr'><strong>sin</strong></span> <span class='ocrx_word' id='word_1_204' title='bbox 864 2805 895 2866; x_wconf 92' lang='lat' dir='ltr'><strong>in</strong></span> <span class='ocrx_word' id='word_1_205' title='bbox 909 2807 953 2886; x_wconf 56' lang='grc' dir='ltr'><em>εἷς,</em></span> <span class='ocrx_word' id='word_1_206' title='bbox 970 2799 1134 2889; x_wconf 82' lang='grc' dir='ltr'><em>φυλάσσει</em></span> <span class='ocrx_word' id='word_1_207' title='bbox 1147 2801 1206 2869; x_wconf 85' lang='grc' dir='ltr'><strong>τόν</strong></span> <span class='ocrx_word' id='word_1_208' title='bbox 1219 2800 1329 2882; x_wconf 85' lang='grc' dir='ltr'><em>τόνον,</em></span> <span class='ocrx_word' id='word_1_209' title='bbox 1344 2810 1379 2867; x_wconf 91' lang='lat' dir='ltr'><strong>ut</strong></span> <span class='ocrx_word' id='word_1_210' title='bbox 1393 2812 1480 2888; x_wconf 80' lang='grc' dir='ltr'><em>ψευ-</em></span> 
     </span>
     <span class='ocr_line' id='line_1_24' title="bbox 320 2899 1480 2992; baseline -0.001 -23"><span class='ocrx_word' id='word_1_211' title='bbox 320 2899 388 2991; x_wconf 81' lang='grc' dir='ltr'><em>όής,</em></span> <span class='ocrx_word' id='word_1_212' title='bbox 410 2899 569 2992; x_wconf 76' lang='grc' dir='ltr'><em>ἀψευδής.</em></span> <span class='ocrx_word' id='word_1_213' title='bbox 612 2927 642 2989; x_wconf 96' lang='lat' dir='ltr'><strong>p.</strong></span> <span class='ocrx_word' id='word_1_214' title='bbox 659 2906 731 2981; x_wconf 82' lang='lat'>584,</span> <span class='ocrx_word' id='word_1_215' title='bbox 757 2908 805 2983; x_wconf 89' lang='lat'><strong>10,</strong></span> <span class='ocrx_word' id='word_1_216' title='bbox 825 2901 864 2969; x_wconf 86' lang='grc' dir='ltr'><strong>τὸ</strong></span> <span class='ocrx_word' id='word_1_217' title='bbox 883 2901 943 2986; x_wconf 77' lang='grc' dir='ltr'><em>μὲν</em></span> <span class='ocrx_word' id='word_1_218' title='bbox 962 2899 1013 2982; x_wconf 76' lang='grc' dir='ltr'><strong>ὥς</strong></span> <span class='ocrx_word' id='word_1_219' title='bbox 1034 2899 1092 2984; x_wconf 81' lang='grc' dir='ltr'><strong>οὐχ</strong></span> <span class='ocrx_word' id='word_1_220' title='bbox 1114 2900 1311 2971; x_wconf 80' lang='grc' dir='ltr'><em>ὑποπῒπτον</em></span> <span class='ocrx_word' id='word_1_221' title='bbox 1325 2900 1480 2986; x_wconf 88' lang='grc' dir='ltr'><em>πόσματι</em></span> 
     </span>
     <span class='ocr_line' id='line_1_25' title="bbox 317 3000 1481 3094; baseline 0.002 -25"><span class='ocrx_word' id='word_1_222' title='bbox 317 3004 376 3070; x_wconf 87' lang='grc' dir='ltr'><strong>τόν</strong></span> <span class='ocrx_word' id='word_1_223' title='bbox 394 3000 484 3071; x_wconf 74' lang='grc' dir='ltr'><em>ἴδιον</em></span> <span class='ocrx_word' id='word_1_224' title='bbox 502 3003 598 3072; x_wconf 89' lang='grc' dir='ltr'><em>τόνον</em></span> <span class='ocrx_word' id='word_1_225' title='bbox 611 3003 786 3094; x_wconf 78' lang='grc' dir='ltr'><em>φυλάσσει.</em></span> <span class='ocrx_word' id='word_1_226' title='bbox 831 3010 939 3072; x_wconf 84' lang='lat' dir='ltr'><strong>Contra</strong></span> <span class='ocrx_word' id='word_1_227' title='bbox 954 3017 1054 3072; x_wconf 90' lang='lat' dir='ltr'><strong>autem</strong></span> <span class='ocrx_word' id='word_1_228' title='bbox 1068 3024 1098 3091; x_wconf 90' lang='lat' dir='ltr'><strong>p.</strong></span> <span class='ocrx_word' id='word_1_229' title='bbox 1115 3009 1187 3083; x_wconf 90' lang='grc'><strong>581,</strong></span> <span class='ocrx_word' id='word_1_230' title='bbox 1202 3010 1232 3084; x_wconf 88' lang='grc'><strong>8,</strong></span> <span class='ocrx_word' id='word_1_231' title='bbox 1247 3010 1382 3073; x_wconf 81' lang='lat' dir='ltr'><strong>adverbia</strong></span> <span class='ocrx_word' id='word_1_232' title='bbox 1396 3010 1429 3071; x_wconf 93' lang='lat' dir='ltr'><strong>in</strong></span> <span class='ocrx_word' id='word_1_233' title='bbox 1442 3011 1481 3085; x_wconf 63' lang='lat' dir='ltr'><strong>{a}</strong></span> 
     </span>
     <span class='ocr_line' id='line_1_26' title="bbox 317 3105 1481 3193; baseline 0.004 -22"><span class='ocrx_word' id='word_1_234' title='bbox 317 3128 335 3171; x_wconf 91' lang='lat' dir='ltr'><strong>a</strong></span> <span class='ocrx_word' id='word_1_235' title='bbox 353 3112 525 3174; x_wconf 89' lang='lat' dir='ltr'><strong>nominibus</strong></span> <span class='ocrx_word' id='word_1_236' title='bbox 546 3112 674 3175; x_wconf 79' lang='lat' dir='ltr'><strong>derivata</strong></span> <span class='ocrx_word' id='word_1_237' title='bbox 692 3113 846 3193; x_wconf 89' lang='lat' dir='ltr'><strong>proprium</strong></span> <span class='ocrx_word' id='word_1_238' title='bbox 867 3121 1021 3175; x_wconf 86' lang='lat' dir='ltr'><strong>accentum</strong></span> <span class='ocrx_word' id='word_1_239' title='bbox 1040 3130 1102 3175; x_wconf 95' lang='lat' dir='ltr'><strong>non</strong></span> <span class='ocrx_word' id='word_1_240' title='bbox 1122 3112 1245 3189; x_wconf 86' lang='lat' dir='ltr'><strong>habent,</strong></span> <span class='ocrx_word' id='word_1_241' title='bbox 1272 3105 1425 3193; x_wconf 78' lang='grc' dir='ltr'><em>ἀναμένει</em></span> <span class='ocrx_word' id='word_1_242' title='bbox 1441 3108 1481 3176; x_wconf 75' lang='grc' dir='ltr'><strong>ἀὲ</strong></span> 
     </span>
     <span class='ocr_line' id='line_1_27' title="bbox 318 3205 1481 3299; baseline 0.003 -26"><span class='ocrx_word' id='word_1_243' title='bbox 318 3207 375 3274; x_wconf 84' lang='grc' dir='ltr'><strong>τόν</strong></span> <span class='ocrx_word' id='word_1_244' title='bbox 389 3210 556 3277; x_wconf 80' lang='grc' dir='ltr'><em>πτωτικόν</em></span> <span class='ocrx_word' id='word_1_245' title='bbox 568 3209 678 3288; x_wconf 91' lang='grc' dir='ltr'><em>τόνον,</em></span> <span class='ocrx_word' id='word_1_246' title='bbox 701 3207 737 3289; x_wconf 86' lang='grc' dir='ltr'><strong>ός</strong></span> <span class='ocrx_word' id='word_1_247' title='bbox 757 3208 848 3277; x_wconf 78' lang='grc' dir='ltr'><em>ἐστιν</em></span> <span class='ocrx_word' id='word_1_248' title='bbox 869 3205 940 3276; x_wconf 85' lang='grc' dir='ltr'><strong>ἀπὸ</strong></span> <span class='ocrx_word' id='word_1_249' title='bbox 961 3215 1091 3298; x_wconf 75' lang='grc' dir='ltr'><em>γενικῆς</em></span> <span class='ocrx_word' id='word_1_250' title='bbox 1105 3210 1343 3299; x_wconf 75' lang='grc' dir='ltr'><em>πληθυντικῆς.</em></span> <span class='ocrx_word' id='word_1_251' title='bbox 1370 3214 1481 3278; x_wconf 79' lang='lat' dir='ltr'><strong>Eadem</strong></span> 
     </span>
     <span class='ocr_line' id='line_1_28' title="bbox 318 3307 1479 3401; baseline 0.003 -25"><span class='ocrx_word' id='word_1_252' title='bbox 318 3333 348 3396; x_wconf 88' lang='lat' dir='ltr'><strong>p.</strong></span> <span class='ocrx_word' id='word_1_253' title='bbox 364 3313 439 3387; x_wconf 84' lang='grc'><strong>583,</strong></span> <span class='ocrx_word' id='word_1_254' title='bbox 465 3315 503 3379; x_wconf 90' lang='grc'><strong>18</strong></span> <span class='ocrx_word' id='word_1_255' title='bbox 528 3316 667 3379; x_wconf 86' lang='lat' dir='ltr'><strong>dicuntur</strong></span> <span class='ocrx_word' id='word_1_256' title='bbox 686 3307 859 3397; x_wconf 78' lang='grc' dir='ltr'><em>ἀναμένειν</em></span> <span class='ocrx_word' id='word_1_257' title='bbox 877 3312 934 3401; x_wconf 76' lang='grc' dir='ltr'><strong>τὴν</strong></span> <span class='ocrx_word' id='word_1_258' title='bbox 954 3310 1051 3379; x_wconf 87' lang='grc' dir='ltr'><em>τάσιν</em></span> <span class='ocrx_word' id='word_1_259' title='bbox 1069 3313 1126 3401; x_wconf 79' lang='grc' dir='ltr'><em>τήν</em></span> <span class='ocrx_word' id='word_1_260' title='bbox 1146 3310 1180 3379; x_wconf 79' lang='grc' dir='ltr'><em>όν</em></span> <span class='ocrx_word' id='word_1_261' title='bbox 1199 3317 1269 3391; x_wconf 83' lang='grc' dir='ltr'><em>τοῖς</em></span> <span class='ocrx_word' id='word_1_262' title='bbox 1288 3318 1479 3392; x_wconf 84' lang='grc' dir='ltr'><em>πτωτικοῖς.</em></span> 
     </span>
     <span class='ocr_line' id='line_1_29' title="bbox 317 3409 1481 3503; baseline 0.004 -26"><span class='ocrx_word' id='word_1_263' title='bbox 317 3437 347 3499; x_wconf 90' lang='lat' dir='ltr'><strong>p.</strong></span> <span class='ocrx_word' id='word_1_264' title='bbox 360 3415 432 3492; x_wconf 90' lang='grc'><strong>585,</strong></span> <span class='ocrx_word' id='word_1_265' title='bbox 446 3417 496 3494; x_wconf 86' lang='lat'><strong>30,</strong></span> <span class='ocrx_word' id='word_1_266' title='bbox 508 3419 643 3482; x_wconf 84' lang='lat' dir='ltr'><strong>adverbia</strong></span> <span class='ocrx_word' id='word_1_267' title='bbox 657 3420 820 3482; x_wconf 88' lang='lat' dir='ltr'><strong>numeralia</strong></span> <span class='ocrx_word' id='word_1_268' title='bbox 834 3419 865 3480; x_wconf 92' lang='lat' dir='ltr'><strong>in</strong></span> <span class='ocrx_word' id='word_1_269' title='bbox 879 3421 941 3502; x_wconf 56' lang='lat' dir='ltr'><strong>{ab}</strong></span> <span class='ocrx_word' id='word_1_270' title='bbox 955 3409 1014 3481; x_wconf 80' lang='grc' dir='ltr'><strong>οάκ</strong></span> <span class='ocrx_word' id='word_1_271' title='bbox 1028 3410 1181 3498; x_wconf 82' lang='grc' dir='ltr'><em>ἀναμένει</em></span> <span class='ocrx_word' id='word_1_272' title='bbox 1192 3413 1287 3483; x_wconf 91' lang='grc' dir='ltr'><em>τόνον</em></span> <span class='ocrx_word' id='word_1_273' title='bbox 1298 3409 1481 3503; x_wconf 76' lang='grc' dir='ltr'><em>ἀλλότριον,</em></span> 
     </span>
     <span class='ocr_line' id='line_1_30' title="bbox 318 3510 1480 3604; baseline 0.003 -23"><span class='ocrx_word' id='word_1_274' title='bbox 318 3510 390 3604; x_wconf 63' lang='lat' dir='ltr'><strong>luto</strong></span> <span class='ocrx_word' id='word_1_275' title='bbox 406 3512 443 3582; x_wconf 77' lang='lat' dir='ltr'><strong>ll</strong></span> <span class='ocrx_word' id='word_1_276' title='bbox 456 3521 669 3603; x_wconf 84' lang='grc' dir='ltr'><em>περισπᾶται</em></span> <span class='ocrx_word' id='word_1_277' title='bbox 684 3514 827 3585; x_wconf 77' lang='grc' dir='ltr'><em>ἅπαντα.</em></span> <span class='ocrx_word' id='word_1_278' title='bbox 871 3521 983 3584; x_wconf 84' lang='lat' dir='ltr'><strong>Eodem</strong></span> <span class='ocrx_word' id='word_1_279' title='bbox 1006 3540 1065 3602; x_wconf 88' lang='lat' dir='ltr'><strong>quo</strong></span> <span class='ocrx_word' id='word_1_280' title='bbox 1086 3511 1258 3600; x_wconf 78' lang='grc' dir='ltr'><em>ἀναμένειν</em></span> <span class='ocrx_word' id='word_1_281' title='bbox 1280 3541 1370 3585; x_wconf 85' lang='lat' dir='ltr'><strong>sensu</strong></span> <span class='ocrx_word' id='word_1_282' title='bbox 1389 3523 1480 3585; x_wconf 86' lang='lat' dir='ltr'><strong>eliam</strong></span> 
     </span>
     <span class='ocr_line' id='line_1_31' title="bbox 318 3612 1480 3707; baseline 0.003 -24"><span class='ocrx_word' id='word_1_283' title='bbox 318 3612 544 3701; x_wconf 73' lang='grc' dir='ltr'><em>ἀναδέχεσθαι</em></span> <span class='ocrx_word' id='word_1_284' title='bbox 556 3620 614 3687; x_wconf 87' lang='grc' dir='ltr'><strong>τόν</strong></span> <span class='ocrx_word' id='word_1_285' title='bbox 627 3619 723 3688; x_wconf 89' lang='grc' dir='ltr'><em>τόνον</em></span> <span class='ocrx_word' id='word_1_286' title='bbox 737 3624 853 3699; x_wconf 85' lang='lat' dir='ltr'><strong>dicitur,</strong></span> <span class='ocrx_word' id='word_1_287' title='bbox 867 3630 902 3687; x_wconf 89' lang='lat' dir='ltr'><strong>ut</strong></span> <span class='ocrx_word' id='word_1_288' title='bbox 915 3621 1025 3705; x_wconf 84' lang='lat' dir='ltr'><strong>p.58l‚</strong></span> <span class='ocrx_word' id='word_1_289' title='bbox 1041 3622 1070 3685; x_wconf 91' lang='grc'><strong>6.</strong></span> <span class='ocrx_word' id='word_1_290' title='bbox 1081 3622 1110 3697; x_wconf 94' lang='grc'><strong>8,</strong></span> <span class='ocrx_word' id='word_1_291' title='bbox 1124 3641 1179 3705; x_wconf 88' lang='lat' dir='ltr'><strong>pru</strong></span> <span class='ocrx_word' id='word_1_292' title='bbox 1194 3617 1480 3707; x_wconf 64' lang='lat' dir='ltr'><strong>obtumescentem</strong></span> 
     </span>
     <span class='ocr_line' id='line_1_32' title="bbox 317 3724 796 3809; baseline 0.006 -23"><span class='ocrx_word' id='word_1_293' title='bbox 317 3724 433 3808; x_wconf 79' lang='grc' dir='ltr'><em>τηρεῖν,</em></span> <span class='ocrx_word' id='word_1_294' title='bbox 454 3747 484 3809; x_wconf 87' lang='lat' dir='ltr'><strong>p.</strong></span> <span class='ocrx_word' id='word_1_295' title='bbox 500 3727 572 3803; x_wconf 82' lang='lat'><strong>570,</strong></span> <span class='ocrx_word' id='word_1_296' title='bbox 588 3728 640 3788; x_wconf 93' lang='grc'><strong>22.</strong></span> <span class='ocrx_word' id='word_1_297' title='bbox 657 3726 729 3802; x_wconf 89' lang='grc'><strong>586,</strong></span> <span class='ocrx_word' id='word_1_298' title='bbox 746 3728 796 3789; x_wconf 87' lang='grc'><strong>27.</strong></span> 
     </span>
    </p>

    <p class='ocr_par' dir='ltr' id='par_1_3' title="bbox 318 3817 1483 4114">
     <span class='ocr_line' id='line_1_33' title="bbox 402 3817 1481 3911; baseline 0.003 -22"><span class='ocrx_word' id='word_1_299' title='bbox 402 3829 435 3890; x_wconf 89' lang='lat' dir='ltr'><strong>P.</strong></span> <span class='ocrx_word' id='word_1_300' title='bbox 452 3828 524 3900; x_wconf 85' lang='grc'><strong>549,</strong></span> <span class='ocrx_word' id='word_1_301' title='bbox 540 3828 597 3891; x_wconf 81' lang='lat'><strong>27:</strong></span> <span class='ocrx_word' id='word_1_302' title='bbox 625 3826 717 3893; x_wconf 72' lang='grc' dir='ltr'><em>καθὸ</em></span> <span class='ocrx_word' id='word_1_303' title='bbox 736 3822 877 3910; x_wconf 80' lang='grc' dir='ltr'><em>εἴπομεν</em></span> <span class='ocrx_word' id='word_1_304' title='bbox 895 3822 954 3892; x_wconf 83' lang='grc' dir='ltr'><strong>καὶ</strong></span> <span class='ocrx_word' id='word_1_305' title='bbox 971 3823 1016 3891; x_wconf 86' lang='grc' dir='ltr'><strong>τό</strong></span> <span class='ocrx_word' id='word_1_306' title='bbox 1037 3818 1124 3893; x_wconf 81' lang='grc' dir='ltr'><em>ἀντῶ</em></span> <span class='ocrx_word' id='word_1_307' title='bbox 1140 3817 1223 3890; x_wconf 85' lang='grc' dir='ltr'><em>ἀντα</em></span> <span class='ocrx_word' id='word_1_308' title='bbox 1237 3828 1481 3911; x_wconf 69' lang='grc' dir='ltr'><em>παρακεῖσθαι</em></span> 
     </span>
     <span class='ocr_line' id='line_1_34' title="bbox 318 3921 1482 4015; baseline 0.002 -24"><span class='ocrx_word' id='word_1_309' title='bbox 318 3930 514 3993; x_wconf 78' lang='lat' dir='ltr'><strong>scribendum</strong></span> <span class='ocrx_word' id='word_1_310' title='bbox 537 3939 582 3994; x_wconf 86' lang='lat' dir='ltr'><strong>est</strong></span> <span class='ocrx_word' id='word_1_311' title='bbox 594 3928 644 4015; x_wconf 79' lang='grc' dir='ltr'><strong>τῷ</strong></span> <span class='ocrx_word' id='word_1_312' title='bbox 659 3923 755 4007; x_wconf 78' lang='grc' dir='ltr'><em>ἀνιῶ,</em></span> <span class='ocrx_word' id='word_1_313' title='bbox 769 3931 846 3994; x_wconf 90' lang='lat' dir='ltr'><strong>sieut</strong></span> <span class='ocrx_word' id='word_1_314' title='bbox 859 3930 936 3994; x_wconf 82' lang='lat' dir='ltr'><strong>inira</strong></span> <span class='ocrx_word' id='word_1_315' title='bbox 950 3951 977 3993; x_wconf 79' lang='lat' dir='ltr'><strong>u.</strong></span> <span class='ocrx_word' id='word_1_316' title='bbox 994 3930 1045 4007; x_wconf 83' lang='lat'><strong>33,</strong></span> <span class='ocrx_word' id='word_1_317' title='bbox 1060 3921 1214 4011; x_wconf 79' lang='grc' dir='ltr'><em>ὑπόδραξ</em></span> <span class='ocrx_word' id='word_1_318' title='bbox 1225 3931 1275 4015; x_wconf 79' lang='grc' dir='ltr'><strong>τῷ</strong></span> <span class='ocrx_word' id='word_1_319' title='bbox 1290 3924 1395 4010; x_wconf 83' lang='grc' dir='ltr'><em>όέρκα</em></span> <span class='ocrx_word' id='word_1_320' title='bbox 1409 3951 1482 3993; x_wconf 88' lang='grc' dir='ltr'><strong>πα-</strong></span> 
     </span>
     <span class='ocr_line' id='line_1_35' title="bbox 319 4025 1483 4114; baseline 0.001 -19"><span class='ocrx_word' id='word_1_321' title='bbox 319 4025 481 4112; x_wconf 84' lang='grc' dir='ltr'><em>ράκειται.</em></span> <span class='ocrx_word' id='word_1_322' title='bbox 526 4034 576 4096; x_wconf 90' lang='lat' dir='ltr'><strong>Sic</strong></span> <span class='ocrx_word' id='word_1_323' title='bbox 595 4033 675 4097; x_wconf 92' lang='lat' dir='ltr'><strong>enim</strong></span> <span class='ocrx_word' id='word_1_324' title='bbox 697 4041 870 4097; x_wconf 83' lang='lat' dir='ltr'><strong>constanter</strong></span> <span class='ocrx_word' id='word_1_325' title='bbox 889 4033 945 4095; x_wconf 91' lang='lat' dir='ltr'><strong>boc</strong></span> <span class='ocrx_word' id='word_1_326' title='bbox 965 4033 1088 4097; x_wconf 80' lang='lat' dir='ltr'><strong>verbum</strong></span> <span class='ocrx_word' id='word_1_327' title='bbox 1109 4032 1246 4114; x_wconf 88' lang='lat' dir='ltr'><strong>usurpari</strong></span> <span class='ocrx_word' id='word_1_328' title='bbox 1265 4035 1342 4097; x_wconf 85' lang='lat' dir='ltr'><strong>solet</strong></span> <span class='ocrx_word' id='word_1_329' title='bbox 1354 4035 1385 4097; x_wconf 91' lang='lat' dir='ltr'><strong>in</strong></span> <span class='ocrx_word' id='word_1_330' title='bbox 1398 4034 1483 4097; x_wconf 59' lang='lat' dir='ltr'><strong>eiua</strong></span> 
     </span>
    </p>
   </div>
   <div class='ocr_carea' id='block_1_3' title="bbox 317 4135 1484 4322">
    <p class='ocr_par' dir='ltr' id='par_1_4' title="bbox 317 4135 1484 4322">
     <span class='ocr_line' id='line_1_36' title="bbox 317 4135 1484 4219; baseline 0.003 -22"><span class='ocrx_word' id='word_1_331' title='bbox 317 4135 400 4197; x_wconf 89' lang='lat' dir='ltr'><strong>modi</strong></span> <span class='ocrx_word' id='word_1_332' title='bbox 414 4135 569 4213; x_wconf 84' lang='lat' dir='ltr'><strong>vocabulis,</strong></span> <span class='ocrx_word' id='word_1_333' title='bbox 590 4145 666 4218; x_wconf 87' lang='lat' dir='ltr'><strong>quae</strong></span> <span class='ocrx_word' id='word_1_334' title='bbox 686 4143 828 4219; x_wconf 85' lang='lat' dir='ltr'><strong>tunquam</strong></span> <span class='ocrx_word' id='word_1_335' title='bbox 851 4136 1022 4198; x_wconf 84' lang='lat' dir='ltr'><strong>secundaria</strong></span> <span class='ocrx_word' id='word_1_336' title='bbox 1035 4144 1067 4198; x_wconf 88' lang='lat' dir='ltr'><strong>et</strong></span> <span class='ocrx_word' id='word_1_337' title='bbox 1081 4155 1117 4199; x_wconf 83' lang='lat' dir='ltr'><strong>ex</strong></span> <span class='ocrx_word' id='word_1_338' title='bbox 1128 4135 1191 4198; x_wconf 90' lang='lat' dir='ltr'><strong>aliis</strong></span> <span class='ocrx_word' id='word_1_339' title='bbox 1205 4135 1303 4217; x_wconf 86' lang='lat' dir='ltr'><strong>aliquo</strong></span> <span class='ocrx_word' id='word_1_340' title='bbox 1318 4137 1409 4200; x_wconf 86' lang='lat' dir='ltr'><strong>modo</strong></span> <span class='ocrx_word' id='word_1_341' title='bbox 1426 4139 1484 4201; x_wconf 89' lang='lat' dir='ltr'><strong>de·</strong></span> 
     </span>
     <span class='ocr_line' id='line_1_37' title="bbox 317 4237 1481 4322; baseline 0.004 -22"><span class='ocrx_word' id='word_1_342' title='bbox 317 4238 392 4300; x_wconf 78' lang='lat' dir='ltr'><strong>bera</strong></span> <span class='ocrx_word' id='word_1_343' title='bbox 406 4256 471 4300; x_wconf 89' lang='lat' dir='ltr'><strong>esse</strong></span> <span class='ocrx_word' id='word_1_344' title='bbox 485 4238 629 4301; x_wconf 79' lang='lat' dir='ltr'><strong>ridentur.</strong></span> <span class='ocrx_word' id='word_1_345' title='bbox 653 4239 696 4301; x_wconf 81' lang='lat' dir='ltr'><strong>el.</strong></span> <span class='ocrx_word' id='word_1_346' title='bbox 712 4259 741 4322; x_wconf 90' lang='lat' dir='ltr'><strong>p.</strong></span> <span class='ocrx_word' id='word_1_347' title='bbox 758 4238 829 4314; x_wconf 82' lang='lat'>533,</span> <span class='ocrx_word' id='word_1_348' title='bbox 848 4239 897 4300; x_wconf 88' lang='grc'><strong>10.</strong></span> <span class='ocrx_word' id='word_1_349' title='bbox 917 4239 964 4300; x_wconf 89' lang='grc'><strong>16.</strong></span> <span class='ocrx_word' id='word_1_350' title='bbox 980 4239 1053 4314; x_wconf 85' lang='grc'><strong>554,</strong></span> <span class='ocrx_word' id='word_1_351' title='bbox 1069 4237 1120 4300; x_wconf 91' lang='grc'><strong>21.</strong></span> <span class='ocrx_word' id='word_1_352' title='bbox 1137 4239 1210 4317; x_wconf 89' lang='grc'><strong>555,</strong></span> <span class='ocrx_word' id='word_1_353' title='bbox 1225 4237 1276 4299; x_wconf 91' lang='grc'><strong>31.</strong></span> <span class='ocrx_word' id='word_1_354' title='bbox 1293 4238 1344 4300; x_wconf 87' lang='grc'><strong>33.</strong></span> <span class='ocrx_word' id='word_1_355' title='bbox 1357 4240 1433 4319; x_wconf 87' lang='grc'><strong>556,</strong></span> <span class='ocrx_word' id='word_1_356' title='bbox 1448 4242 1481 4305; x_wconf 90' lang='grc'><strong>2.</strong></span> 
     </span>
    </p>
   </div>
   <div class='ocr_carea' id='block_1_4' title="bbox 317 4322 1613 4424">
    <p class='ocr_par' dir='ltr' id='par_1_5' title="bbox 317 4322 1613 4424">
     <span class='ocr_line' id='line_1_38' title="bbox 317 4322 1613 4424; baseline 0.006 -24"><span class='ocrx_word' id='word_1_357' title='bbox 317 4339 391 4418; x_wconf 89' lang='grc'><strong>558,</strong></span> <span class='ocrx_word' id='word_1_358' title='bbox 411 4340 462 4403; x_wconf 84' lang='grc'><strong>23.</strong></span> <span class='ocrx_word' id='word_1_359' title='bbox 486 4339 559 4420; x_wconf 85' lang='grc'><strong>562,</strong></span> <span class='ocrx_word' id='word_1_360' title='bbox 575 4342 626 4404; x_wconf 79' lang='lat'><strong>21.</strong></span> <span class='ocrx_word' id='word_1_361' title='bbox 669 4342 712 4405; x_wconf 81' lang='lat' dir='ltr'><strong>Ea</strong></span> <span class='ocrx_word' id='word_1_362' title='bbox 731 4350 847 4416; x_wconf 68' lang='lat' dir='ltr'><strong>auum,</strong></span> <span class='ocrx_word' id='word_1_363' title='bbox 868 4342 947 4405; x_wconf 87' lang='lat' dir='ltr'><strong>unde</strong></span> <span class='ocrx_word' id='word_1_364' title='bbox 967 4340 1077 4405; x_wconf 80' lang='lat' dir='ltr'><strong>deflexa</strong></span> <span class='ocrx_word' id='word_1_365' title='bbox 1097 4346 1186 4419; x_wconf 86' lang='lat' dir='ltr'><strong>sunt,</strong></span> <span class='ocrx_word' id='word_1_366' title='bbox 1207 4333 1410 4424; x_wconf 78' lang='grc' dir='ltr'><em>προκείμενα</em></span> <span class='ocrx_word' id='word_1_367' title='bbox 1428 4352 1484 4409; x_wconf 81' lang='lat' dir='ltr'><strong>aut</strong></span> <span class='ocrx_word' id='word_1_368' title='bbox 1612 4322 1613 4353; x_wconf 54' lang='lat'>¹</span> 
     </span>
    </p>
   </div>
   <div class='ocr_carea' id='block_1_5' title="bbox 0 0 1642 5144">
    <p class='ocr_par' dir='ltr' id='par_1_6' title="bbox 0 0 1642 5144">
     <span class='ocr_line' id='line_1_39' title="bbox 0 0 1642 5144; baseline 0 0"><span class='ocrx_word' id='word_1_369' title='bbox 0 0 1642 5144; x_wconf 95' lang='lat' dir='ltr'><strong> </strong></span> 
     </span>
    </p>
   </div>
  </div>
 </body>
</html>
