3222 5148
896 494 959 573 iod

851 597 1003 611 ,υ--ι-

345 699 464 761 litonult
478 697 537 760 iam
549 698 661 761 dudum
673 697 704 759 C.
718 695 750 758 t.
764 695 970 774 scunetderus,
986 716 1111 778 mamm.
1122 698 1173 760 lttt.
1184 697 1207 759 1.
1217 696 1250 758 ⁸2.
1260 715 1291 779 p.
1303 696 1376 770 507,
1389 693 1509 759 nullutn

345 801 422 863 aliud
444 802 611 882 exemplum
633 819 699 861 esse
719 799 833 862 litterae
847 820 869 861 aa
883 801 913 863 in
929 801 1144 884 compositione
1158 800 1202 861 sie
1216 800 1246 860 iu
1261 801 1440 878 gutturalem
1455 798 1508 861 ab·

345 904 457 966 utntis:
479 922 547 964 nam
571 903 650 983 qued
673 920 766 964 unum
787 904 864 984 apud
885 904 1043 966 Gruterum
1066 911 1160 974 extat,
1182 902 1272 963 lnscr.
1289 921 1317 982 p.
1331 903 1397 963 o54
1412 921 1462 963 no.
1478 901 1507 976 6,

344 1018 533 1086 uucquam
560 1024 615 1087 pro
636 1022 838 1087 nunquam,
864 1006 973 1068 nullius
993 1006 1173 1067 auctoritatis
1191 1020 1260 1066 esse
1279 1003 1350 1066 satis
1370 1010 1508 1085 apparet3

346 1115 392 1169 est
406 1108 484 1168 anim
501 1106 579 1168 haud
590 1106 680 1168 dubie
691 1107 830 1191 lapicidae
842 1126 941 1169 errore
952 1128 1007 1193 pro
1022 1125 1233 1189 nuncquam
1247 1116 1409 1182 exaratum,
1425 1107 1509 1168 cuius

344 1209 507 1289 scripturae
528 1210 696 1289 exemplum
719 1210 798 1271 idem
813 1209 1012 1271 Schneiderus
1033 1218 1248 1271 commemorat
1270 1222 1298 1290 p.
1317 1207 1393 1270 113.
1421 1208 1508 1281 Quod

345 1316 446 1373 autem
461 1311 598 1372 nonnulli
619 1310 655 1372 ad
678 1312 820 1373 tuendam
842 1312 952 1374 scilicet
972 1313 1059 1373 istam
1084 1312 1254 1394 opinionem
1275 1312 1362 1372 etiam
1380 1311 1416 1372 ad
1431 1309 1509 1372 Fasti

346 1414 550 1475 testimenium
566 1415 791 1495 provocandi),
815 1433 849 1475 ex
865 1434 924 1494 quo
939 1415 1048 1476 Paulus
1062 1434 1090 1495 p.
1108 1415 1148 1475 76
1163 1413 1241 1475 unu
1258 1415 1332 1475 haec
1346 1413 1406 1475 duo
1422 1413 1509 1475 verbu

346 1516 508 1597 mcerpsit:
535 1532 753 1596 enumquam
779 1517 985 1597 ecquando:
1011 1517 1100 1579 huius
1120 1516 1283 1578 testimonii
1302 1534 1447 1597 quaenam
1465 1516 1509 1578 ria

346 1634 411 1680 ease
427 1619 520 1698 possit
534 1619 672 1700 equidem
688 1636 749 1680 nou
764 1619 901 1699 intelligo.
929 1618 1007 1680 Nihil
1022 1619 1100 1680 enim
1114 1619 1193 1681 aliud
1207 1618 1436 1689 hincdiscimus,
1451 1613 1508 1679 nisi

345 1719 466 1782 Festum
481 1738 528 1782 en
548 1738 709 1802 unquam
724 1722 767 1783 sic
780 1722 916 1802 usurpari
931 1722 1052 1795 dixisse,
1076 1730 1110 1782 ut
1123 1722 1202 1783 idem
1218 1722 1299 1802 quod
1314 1721 1509 1801 ecquando

347 1822 532 1902 significaret,
548 1832 600 1885 aut
615 1825 776 1904 signillcarc
791 1824 954 1899 rideretur3
970 1824 1006 1884 de
1020 1823 1085 1905 ipso
1101 1823 1150 1884 illo
1165 1843 1205 1885 ec
1218 1831 1316 1885 autem
1333 1823 1403 1902 quid
1417 1829 1514 1885 statu·

346 1925 404 1986 arlt
425 1925 652 2005 haudquaquam
668 1927 769 2007 liquet.
800 1924 912 1988 [licitur
926 1933 1026 1988 autem
1041 1942 1112 1987 sane
1124 1943 1170 1986 en
1184 1944 1341 2005 unquam
1353 1943 1418 1988 non
1433 1925 1512 1986 mul

346 2030 412 2088 tum
434 2027 561 2090 absimili
582 2045 688 2101 sensu,
716 2046 803 2108 quam
818 2028 891 2089 illud
906 2029 1050 2090 alterum:
1070 2026 1167 2089 differt
1180 2035 1281 2089 tamen
1296 2047 1345 2101 eo,
1365 2027 1443 2108 quod
1459 2026 1510 2089 ali·

347 2139 459 2211 quanto
473 2131 641 2193 viridiorem
656 2129 1133 2211 loquentisallectnmsignilicatin
1146 2146 1193 2200 re,
1205 2129 1511 2209 dequaillesecertic·

346 2246 410 2294 rem
422 2232 487 2297 llari
498 2233 580 2295 valde
592 2234 704 2313 cupiat,
723 2238 827 2314 utpote
840 2239 892 2294 aut
906 2233 980 2294 mira
992 2240 1042 2294 aut
1053 2231 1181 2311 optanda
1194 2238 1244 2292 aut
1256 2231 1441 2312 indignanda,
1461 2230 1512 2293 tali

345 2334 492 2415 denique,
513 2337 544 2396 ln
558 2353 616 2415 qua
631 2336 670 2396 sit
684 2335 793 2416 aliquid
809 2335 949 2415 gravioris
965 2333 1110 2397 momenti
1120 2330 1188 2416 ²⁰);
1202 2334 1398 2415 ecquando
1413 2340 1509 2396 autem

346 2437 499 2499 sedulioris
513 2437 603 2498 animi
619 2446 673 2509 est,
688 2438 821 2519 nihilque
838 2437 896 2499 nisi
911 2436 1119 2516 interrogantis
1134 2436 1372 2498 incertitudinem
1387 2435 1510 2516 etigno·

345 2540 492 2602 rationem
514 2539 637 2614 indicat,
660 2540 770 2620 pariter
785 2548 872 2622 atque
886 2557 970 2601 num
987 2539 1142 2620 quando.
1173 2538 1227 2600 Est
1238 2538 1319 2600 enim
1336 2554 1379 2599 en
1392 2538 1510 2622 propria

349 2641 577 2705 demonstrativa
592 2643 748 2725 particula,
770 2643 853 2705 cuius
872 2642 945 2703 haec
958 2642 1002 2703 vis
1017 2650 1077 2713 est,
1092 2648 1126 2703 ut
1140 2641 1306 2703 auditorem
1317 2640 1424 2702 excitet
1434 2659 1510 2721 quo-

348 2743 508 2806 dammodo
524 2749 554 2805 et
568 2744 603 2805 ad
619 2763 694 2819 rem,
710 2744 747 2805 de
763 2763 819 2825 qua
835 2744 940 2823 agitur,
952 2743 1104 2806 attendere
1114 2751 1145 2805 et
1156 2743 1306 2806 advertere
1317 2743 1447 2805 animum
1460 2761 1510 2805 ae.-

347 2846 503 2908 laemcnter
517 2845 625 2918 iubeat,
641 2864 700 2927 quo
715 2847 749 2908 dt
763 2855 797 2908 ut
807 2846 981 2926 plerumque
992 2846 1023 2906 in
1035 2846 1143 2907 directa
1154 2851 1270 2908 tantum
1282 2845 1509 2926 interrogatione

345 2956 518 3028 usurpetur,
538 2946 633 3008 rarius
649 2946 680 3008 in
695 2966 737 3021 ea,
754 2966 829 3029 quae
843 2948 984 3010 indirecte
999 2947 1172 3018 stratatico,
1186 2948 1327 3017 utaiunt
1342 2947 1411 3009 stilo
1424 2965 1509 3009 can·

348 3058 532 3111 memoratur
551 3056 585 3110 ut
606 3048 642 3109 ab
662 3050 759 3130 aliquo
775 3051 902 3130 prolata,
924 3050 1007 3112 cuius
1020 3049 1270 3111 vehementiorem
1286 3049 1377 3111 animi
1392 3054 1506 3110 ariolum

347 3150 385 3226 u,
401 3151 450 3230 qui
462 3151 562 3225 refert,
577 3149 673 3212 addita
684 3150 739 3214 hac
750 3151 891 3231 particula
901 3150 1102 3233 designatss).
1125 3151 1298 3214 Pronomini
1313 3151 1398 3232 quis
1409 3158 1507 3213 autem

348 3257 399 3314 aut
421 3252 559 3314 adverbio
579 3252 722 3333 quando
744 3271 896 3334 nunquam
919 3273 967 3315 me
987 3272 1028 3315 eo
1047 3253 1246 3337 praepositum
1266 3253 1362 3333 legere
1377 3250 1508 3327 memini.

347 3353 406 3415 nisi
420 3352 472 3415 ubi
482 3353 591 3415 horum
606 3370 669 3414 non
684 3352 889 3434 interrogativa
903 3354 955 3416 sed
970 3354 1120 3418 indefinita
1131 3356 1308 3436 significatio
1320 3363 1378 3429 cst,
1394 3363 1428 3417 ut
1440 3373 1510 3416 cun

348 3456 486 3537 aliquis
507 3463 559 3517 aut
578 3455 773 3534 aliquando
792 3457 952 3536 permutari
968 3457 1092 3537 possint.
1121 3457 1187 3531 En,
1210 3457 1300 3539 quid
1317 3454 1419 3538 agis?
1441 3457 1511 3518 dicit

347 3559 415 3640 qui,
438 3558 508 3639 quid
527 3557 567 3619 sit
581 3557 651 3620 illud
672 3559 751 3638 quod
771 3558 845 3621 alter
865 3567 945 3640 agat,
962 3559 1040 3623 scire
1056 3561 1149 3641 cupit3
1170 3560 1304 3640 ecquid
1323 3560 1397 3642 agis
1411 3566 1511 3622 autem

419 3807 462 3875 19)
480 3808 520 3862 Gi.
532 3808 624 3862 Annal.
635 3810 723 3878 philol.
736 3812 788 3864 vol.
801 3811 937 3865 LXXXV.
950 3827 974 3878 p.
987 3812 1046 3864 4311.

418 3894 462 3957 10)
474 3894 604 3962 Exemplis
616 3897 663 3949 vix
674 3913 738 3964 apuu
750 3905 798 3962 cat,
810 3913 873 3965 quaa
885 3898 928 3966 qui
939 3898 1063 3963 requirat,
1075 3897 1139 3962 apul
1150 3896 1280 3960 Mum,
1293 3897 1369 3951 ‘lura
1377 3896 1409 3950 ll.
1419 3896 1514 3966 pm,

341 3979 446 4032 datin
458 3981 579 4033 invemat.
603 3981 641 4033 lla
652 3984 817 4049 ecquando
829 3984 880 4036 vid.
893 3985 998 4034 eundem
1011 3999 1034 4049 p.
1048 3982 1098 4034 151
1108 3998 1147 4050 sq.

418 4065 461 4130 ²¹)
476 4064 519 4117 cl
538 4066 595 4118 Liv.
612 4066 719 4132 xxiv„
738 4068 778 4134 ll,
796 4069 824 4119 3:
841 4077 958 4120 acnuarat
969 4080 1082 4119 murmur
1093 4078 1150 4119 essa
1157 4069 1346 4134 quaesentluu,
1363 4078 1514 4136 auunqm

341 4149 427 4203 ditari
438 4153 576 4205 militaturi
587 4161 682 4205 meant.
694 4182 727 4192 -
741 4154 840 4205 Omissa
853 4154 943 4217 vario,
956 4154 1196 4218 ndeinterragatio
1205 4154 1319 4220 pendeat,
1327 4155 1450 4222 apemd.
1458 4153 1517 4219 tx,

351 4237 392 4296 to,
410 4238 438 4287 oa
455 4248 526 4288 arma
543 4238 628 4288 cuncti
645 4244 763 4302 spectant
774 4246 800 4289 ct
812 4238 919 4289 ballum:
934 4254 967 4290 au
978 4252 1085 4306 nuquam
1096 4237 1221 4303 iutmm,
1236 4247 1266 4290 ut
1277 4241 1397 4305 magicali
1409 4240 1516 4291 sanda

352 4326 409 4372 cu'ua
422 4320 536 4372 &annuc
554 4323 661 4375 llecrat‘t
678 4322 776 4387 ΧΧΧ,
795 4325 837 4387 21,
853 4324 881 4375 82
898 4325 995 4391 quatias
1008 4325 1035 4375 iu
1051 4322 1164 4376 conciliis
1182 4334 1257 4376 uoces
1272 4336 1362 4375 mus
1375 4326 1407 4376 etl
1418 4323 1519 4376 caelu!

349 4407 534 4474 porrigentium
547 4408 661 4460 auditaaz
683 4422 714 4459 cu
725 4424 835 4474 unquam
847 4409 891 4461 llle
899 4408 1057 4462 diealuturus
1067 4412 1110 4475 sit,
1118 4422 1282 4478 quamam
1290 4408 1408 4463 lacnlbm
1416 4409 1521 4464 lauh

350 4491 417 4543 oon
427 4506 493 4557 pecc
502 4497 637 4547 donatam
649 4495 732 4547 visuri
744 4500 846 4547 aaut?
