3178 5136
839 437 901 501 254

296 639 362 682 rum
375 621 456 684 libris
471 632 588 686 strenue
601 632 746 687 versatum
762 624 934 704 scriptorem
951 632 1114 704 expectant,
1134 622 1226 705 qualis
1240 631 1274 685 nt
1287 641 1358 685 mox
1376 621 1453 684 hanc

294 725 474 803 provinciam
490 727 642 807 suscipiat,
662 736 743 789 tanto
758 727 850 807 magis
867 727 1030 808 optandum
1044 735 1102 799 est,
1119 734 1227 806 quanto
1242 726 1340 787 minus
1355 723 1391 786 ab
1406 742 1452 798 eo,

295 825 344 905 qui
363 845 458 908 nnper
476 846 564 890 unam
583 828 784 909 gravissimam
805 829 903 909 operis
922 837 1049 910 partem,
1074 826 1227 890 historiam
1249 826 1397 889 doctrinae
1416 825 1453 887 de

294 929 425 1008 partibus
440 931 596 1005 orationis,
616 931 670 992 sibi
685 930 916 1011 persequendam
933 930 1071 1011 sumpsit,
1093 929 1128 992 ad
1144 931 1306 1012 pleniorem
1322 937 1351 991 et
1364 946 1455 990 aecn-

294 1031 432 1093 ratiorem
447 1032 551 1095 harum
566 1052 665 1096 rernm
681 1033 878 1112 cognitionem
893 1034 1057 1114 protectum
1073 1052 1140 1095 osse
1154 1032 1275 1094 videtur.
1304 1032 1365 1093 Nos
1385 1031 1455 1111 qui-

294 1134 360 1195 dem
376 1135 646 1215 impraesentiarum
663 1134 821 1215 quominus
836 1135 871 1196 ad
886 1134 1033 1214 longiores
1048 1142 1077 1197 et
1091 1134 1284 1197 intricatiores
1304 1132 1454 1215 quaestio-

294 1252 347 1297 nes
368 1236 579 1298 descendamus
598 1245 627 1298 et
645 1244 781 1316 tempore
799 1236 885 1298 nobis
906 1255 1049 1299 concesso
1069 1245 1097 1298 et
1116 1236 1202 1299 hnins
1227 1235 1455 1317 scriptinnnnlae

294 1337 439 1416 angustiis
453 1338 642 1418 impedimur:
663 1338 854 1418 quamobrem
869 1339 927 1401 hoc
945 1356 1037 1401 unum
1056 1356 1137 1400 nunc
1156 1356 1240 1418 agere
1259 1338 1455 1410 decrevimus,

293 1440 373 1519 quod
395 1440 531 1502 facillimo
557 1440 675 1520 negotio
690 1449 719 1502 et
741 1440 911 1503 brevissima
934 1441 1133 1521 disputatione
1157 1441 1261 1503 conlici
1284 1451 1396 1522 potest,
1418 1451 1457 1502 nt

261 1556 279 1607 4
295 1560 368 1621 quae
383 1541 452 1604 olim
467 1562 503 1604 ex
517 1543 649 1606 doctrina
664 1543 700 1604 de
714 1543 940 1622 pronominibus
956 1543 1074 1605 anobis
1090 1544 1174 1605 allata
1188 1552 1271 1619 snut,
1291 1543 1327 1605 de
1345 1543 1456 1623 quibus

294 1643 347 1706 alia
361 1644 531 1726 Dionysium
544 1644 680 1708 docuisse
695 1642 837 1720 diximus,
856 1664 942 1727 qnam
963 1664 1038 1726 qnae
1055 1646 1142 1708 hodie
1162 1647 1191 1707 in
1211 1644 1259 1708 illo
1279 1644 1371 1707 libello
1392 1654 1455 1707 tra-

294 1745 414 1821 duntur,
431 1755 532 1809 contra
547 1766 662 1810 errores
678 1766 825 1829 vanasque
840 1747 996 1830 opiniones
1008 1767 1025 1810 a
1035 1748 1177 1811 Lersehio
1191 1766 1287 1829 nuper
1298 1748 1454 1830 oppositas

294 1848 485 1912 defendamus
501 1869 534 1913 ae
548 1859 691 1913 tueamur.

380 1952 500 2015 Summa
520 1962 616 2016 antem
638 1953 845 2035 disputationis
865 1961 984 2016 nostrae
1002 1953 1075 2019 haee
1093 1956 1152 2016 lare
1171 1952 1233 2017 tuit
1268 1955 1292 2015 Α
1311 1952 1455 2034 Dionysio

294 2054 407 2117 Thrace
424 2055 600 2135 pronomina
621 2073 688 2119 oum
706 2055 836 2119 oraculis
855 2054 1023 2128 coniuncte,
1047 2055 1144 2135 itaque
1166 2071 1255 2118 unam
1279 2056 1358 2135 apud
1380 2074 1453 2119 euru

293 2163 406 2236 partam
423 2156 565 2219 orationis
580 2156 684 2232 luisse,
704 2176 779 2237 quae
793 2157 868 2219 duae
885 2165 955 2219 sunt
972 2157 1004 2219 in
1022 2157 1081 2219 hoo
1099 2157 1179 2238 qnod
1199 2156 1230 2219 in
1248 2157 1384 2223 mnibus
1402 2167 1453 2221 ost

293 2257 398 2333 libello,
411 2276 473 2321 non
487 2259 675 2323 scholiastam
691 2258 789 2325 solum
798 2258 969 2340 Byzantium
979 2277 1009 2341 p.
1019 2258 1101 2332 672,
1116 2259 1168 2323 sed
1182 2267 1285 2323 testem
1301 2258 1452 2340 aliquanto

293 2360 517 2441 locupletiorem
531 2369 560 2423 et
574 2361 656 2425 omui
671 2361 841 2443 exceptione
855 2361 1007 2435 maiorem,
1021 2360 1209 2442 Apollonium
1223 2361 1451 2425 Alexandrinum

294 2463 412 2535 dooere,
432 2462 516 2525 cuins
531 2462 602 2524 haec
617 2469 686 2525 stant
699 2461 800 2535 verbm
820 2460 857 2523 de
870 2478 957 2542 pron.
973 2482 1002 2542 p.
1018 2464 1064 2524 t:
1079 2457 1137 2526 καὶ
1154 2456 1411 2547 Ἀπολλόδωρος
1431 2457 1451 2529 ὅ

293 2557 474 2650 Ἀθηναῖος
487 2558 545 2626 καὶ
562 2555 581 2627 d
597 2558 689 2650 Θρᾲξ
701 2556 883 2639 Διονύσιος
897 2560 954 2627 καὶ
969 2554 1083 2650 ἄρθρα
1097 2561 1248 2629 doemone
1264 2561 1326 2642 τὰς
1343 2558 1452 2630 ἄπω-

293 2659 412 2746 eptae
429 2660 635 2742 dsdleonfl).
668 2665 730 2727 lam
750 2684 841 2746 quum
860 2665 891 2728 in
909 2673 1014 2731 nostro
1033 2666 1130 2733 libello
1149 2657 1262 2754 ἄρθρα
1284 2669 1362 2732 nulle
1381 2671 1452 2744 sint,

294 2770 351 2832 nisi
369 2770 421 2851 qui
439 2769 523 2850 vulgo
543 2768 679 2833 dicunttn
697 2768 824 2843 articuli,
843 2769 1138 2850 prenominatorum
1157 2761 1369 2852 ἄντωνυμίαι,
1388 2790 1451 2835 non

294 2862 406 2957 ἄρθρα
420 2872 565 2946 dicanurr,
579 2871 766 2935 manifestum
780 2871 850 2935 hinc
864 2890 941 2946 ease,
957 2863 1092 2956 ἄρθρων
1105 2889 1216 2936 nomen
1230 2875 1309 2955 apud
1322 2882 1450 2937 veterem

294 2975 465 3054 liionpsinm
480 2972 567 3037 latius
580 2990 670 3053 qnam
684 2973 717 3035 in
729 2973 789 3037 isto
803 2973 900 3039 titolo
915 2973 1054 3055 patuisse.
1082 2975 1183 3056 Neque
1201 2984 1297 3041 tanen
1317 2976 1454 3041 credibile

294 3096 360 3141 esee
375 3075 473 3138 omnia
487 3075 678 3155 pronomina,
697 3075 783 3139 etiarn
799 3076 965 3157 personalia
979 3096 1014 3139 ac
1027 3078 1211 3157 possessiva,
1232 3067 1345 3164 ‹ipdpn
1358 3080 1396 3141 alr
1415 3098 1451 3142 eo

294 3180 369 3245 diota
383 3178 483 3252 inisse,
498 3177 609 3258 quippe
620 3196 694 3259 quae
708 3177 765 3241 iam
777 3179 814 3242 ab
823 3178 992 3241 Aristarcho
1005 3169 1141 3262 ἄρθρων
1148 3180 1301 3244 consortio
1317 3191 1452 3263 exempta

294 3290 324 3343 et
338 3280 451 3362 aptiore
466 3270 677 3360 ἅπωνυμιῶν
690 3281 811 3344 nomine
824 3281 965 3363 appellata
980 3301 1045 3344 asse
1064 3283 1135 3345 satis
1156 3291 1281 3358 constet,
1300 3284 1384 3347 euius
1402 3302 1452 3347 ra·

293 3384 404 3446 tionem
419 3401 472 3446 naar
486 3401 502 3446 a
517 3382 660 3464 discipulo
674 3383 856 3464 repudiatam
871 3382 1038 3457 credamus,
1053 3384 1132 3448 nulla
1146 3388 1279 3467 prolecto
1295 3405 1382 3448 cansa
1397 3396 1453 3449 est.

295 3485 391 3548 lidori
409 3485 498 3565 igitur
517 3475 629 3572 dipem
649 3478 801 3551 daemoni
819 3485 959 3567 Dionysio
978 3504 1040 3549 non
1063 3486 1118 3549 alia
1141 3486 1198 3550 nisi
1222 3488 1455 3557 demonstrativa

294 3588 471 3669 pronomina
489 3587 594 3662 inisse,
611 3586 641 3648 in
656 3605 731 3668 quae
744 3605 815 3650 saue
830 3588 916 3650 etiam
932 3589 1030 3669 ipsum
1045 3589 1103 3651 hoc
1116 3606 1227 3653 nomon
1241 3590 1334 3654 mnlto
1352 3592 1454 3672 aptius

295 3710 381 3772 quarn
402 3691 432 3754 in
452 3690 615 3772 personalia
634 3698 665 3752 et
678 3690 847 3770 possessiva
866 3691 1013 3754 convenit:
1039 3682 1245 3772 ἅπωνυμίας
1267 3702 1363 3756 autem
1390 3712 1453 3757 non

295 3795 408 3870 omnia,
427 3812 501 3873 quae
515 3791 696 3874 posteriores
709 3792 750 3855 ita
764 3792 879 3867 dicunt,
895 3795 946 3857 sod
960 3794 1032 3857 haec
1046 3794 1109 3857 sola
1123 3796 1329 3859 tantummodo
1344 3814 1453 3877 peren-

293 3895 368 3959 nalia
382 3894 641 3977 cumpossessivis
661 3903 703 3968 et,
724 3895 750 3956 si
770 3895 836 3976 quis
855 3897 927 3959 haec
945 3914 1063 3977 qnoque
1082 3915 1144 3959 non
1163 3898 1323 3961 omittenda
1343 3908 1454 3974 censet,

294 3991 415 4061 ἑθνικά
437 3997 482 4060 illa
506 3988 681 4083 ἡμεδαπός
704 3989 886 4093 dpatientia.
923 3999 955 4061 ld
980 4008 1077 4062 anum
1103 4019 1139 4063 eo
1164 4019 1230 4063 esse
1254 4001 1452 4077 verisimilius,

362 4257 386 4322 2)
406 4257 561 4310 Scholiastae
574 4259 650 4311 etiam
662 4259 790 4324 disertius,
804 4260 833 4310 oi
844 4261 964 4328 τεχνικοὶ
975 4262 1133 4333 μέμνηνται
1144 4264 1299 4316 Διονυσίου
1312 4262 1362 4315 τοῦ
1377 4265 1452 4333 Θρᾳ-

293 4337 342 4400 κὸς
353 4345 399 4394 καὶ
412 4344 549 4410 λέγουσιν,
563 4337 608 4395 ὅτι
620 4374 653 4383 -
666 4345 790 4413 συνῆπτε
801 4342 834 4398 τὸ
846 4340 957 4418 ἄρθρον
967 4349 1015 4399 acl
1026 4344 1076 4416 τὴν
1087 4345 1272 4418 ἄντωνυμίαν.
1288 4345 1320 4402 ‘O
1332 4347 1362 4402 dd
1377 4368 1450 4422 παρ-

293 4427 333 4480 ὼν
344 4426 470 4496 τεχνικὸς
481 4423 512 4479 td
525 4423 636 4501 ἄρθρον
651 4431 699 4483 καὶ
709 4427 760 4499 τὴν
771 4426 949 4503 ἀνταινυμίαν
960 4430 1014 4486 du‘o
1024 4435 1097 4509 μέρη
1108 4431 1267 4505 γιγνώσκει.
