3266 5140
855 408 916 467 450

302 601 399 655 eutem
414 593 487 655 haee
501 592 658 654 certamina
672 590 731 652 hoe
744 590 933 670 potissimum
948 591 1008 665 die,
1027 590 1113 672 Regis
1128 590 1271 654 natalibus
1290 594 1380 666 feste,
1400 612 1459 673 quo

301 695 346 756 vel
360 695 459 776 ipsum
475 695 532 756 hoe
547 704 664 774 tempus
680 694 830 773 estusque
844 701 948 756 noster
959 712 994 756 ee
1004 694 1108 757 sirium
1121 695 1249 757 cuiusvis
1262 695 1374 757 ordinis
1386 715 1459 757 con-

302 794 404 859 v'entus
420 797 495 871 Vos,
516 797 752 871 Commilitones,
772 805 971 873 commoneat,
991 797 1077 859 eiam
1096 797 1229 860 iuvenilia
1243 797 1345 859 Vestra
1364 797 1460 861 studia

301 917 362 960 non
378 900 414 961 ad
425 899 543 962 Vestras
558 899 762 962 tantummodo
779 900 912 981 privatim
927 900 1056 962 rationes
1072 900 1222 962 reserenda
1236 919 1311 975 esse,
1327 901 1379 962 sed
1389 920 1458 982 per·

300 1001 393 1062 tinere
408 1002 627 1081 quodammodo
643 1002 729 1064 etiam
746 1001 781 1063 ed
797 1020 859 1063 rem
874 1002 1028 1082 publicem,
1044 1021 1117 1084 quae
1129 1021 1218 1083 quum
1230 1020 1310 1065 nune
1321 1002 1458 1066 omnihus

300 1102 540 1165 addiscendemm
567 1102 673 1166 artium
699 1103 906 1184 excolendique
932 1104 1041 1183 ingenii
1060 1104 1199 1168 subsidiis
1224 1104 1380 1167 liberaliter
1398 1105 1457 1167 Vos

299 1206 426 1267 instruet
451 1216 479 1268 et
498 1206 625 1281 adiuvet,
650 1206 720 1269 illud
741 1225 796 1270 sue
816 1207 879 1269 iure
892 1226 909 1269 e
923 1206 1014 1270 Vobis
1034 1206 1153 1289 repetit,
1177 1217 1211 1270 ut
1223 1207 1336 1269 collatis
1351 1208 1381 1270 in
1396 1209 1457 1269 Vos

298 1307 448 1370 beneficiis
462 1318 553 1383 recte,
576 1311 605 1371 h.
617 1330 642 1371 e.
659 1327 726 1371 eum
745 1308 889 1371 industrie
904 1316 933 1370 et
947 1309 1118 1371 strenuitate
1128 1308 1261 1383 utemini,
1276 1309 1396 1389 eiusque
1407 1310 1457 1384 rei,

299 1419 439 1491 quantum
459 1411 489 1473 in
505 1411 594 1474 Vobis
614 1419 672 1487 est,
698 1412 874 1474 documenta
893 1411 1063 1492 proferetis,
1090 1412 1246 1492 bonosque
1259 1411 1412 1491 aliquando
1428 1421 1457 1473 et

299 1514 397 1593 quales
416 1533 464 1575 res
483 1512 599 1593 publiea
619 1523 700 1595 optet
719 1515 797 1577 eires
811 1515 870 1577 Vos
890 1533 1029 1579 evasuros
1048 1533 1113 1576 esse
1134 1516 1193 1578 iam
1212 1532 1292 1578 nune
1313 1513 1455 1576 tirociniis

299 1616 407 1677 Vestris
424 1616 594 1678 ostendetis.
610 1652 650 1660 —
669 1651 711 1661 -

383 1717 627 1797 Gryphisweldiee
643 1720 684 1781 ld.
701 1719 804 1781 Octoh.
820 1719 1064 1782 Mecccxsvffl.
