3266 5140
671 581 689 587 ,
728 490 871 587 ἒὲἓ.-

192 675 298 755 quibus
317 675 407 737 nimis
427 694 512 755 saepe
531 678 617 739 etiam
638 695 690 738 eos
711 674 753 736 uti
773 674 884 749 rideas,
905 694 1030 757 quorum
1049 676 1146 756 ipsum
1168 677 1299 739 animum
1314 697 1347 738 ac

190 775 277 837 vitam
297 794 386 838 nemo
406 777 503 839 bonus
518 778 690 840 laudandam
711 785 801 857 putet.
830 778 983 857 bogislaus
1002 786 1099 840 autern
1119 776 1155 839 ab
1175 796 1210 839 eo
1226 778 1347 841 demum

189 897 255 939 vere
275 878 367 940 Ileum
388 879 502 941 adorari
523 878 671 952 intellexit,
687 879 737 958 qui
756 878 849 941 lleurn
869 880 988 943 haberet
1006 879 1036 940 in
1056 892 1112 942 sue
1127 880 1192 959 ipse
1211 889 1343 961 pectore:

190 980 242 1040 bas
258 980 376 1041 denum
392 989 507 1043 sanctas
523 1001 588 1043 esse
603 981 809 1056 caerimonias,
825 1001 981 1063 quaecum
994 999 1114 1043 morum
1129 981 1280 1043 sanctitate
1295 1001 1344 1044 es·

190 1090 255 1142 seut
271 1082 456 1145 coniunctae:
471 1082 542 1145 haec
555 1093 635 1161 grata
650 1084 709 1145 [teo
726 1082 874 1157 sacrificia,
890 1101 965 1164 qrtae
978 1084 1061 1145 lactis
1076 1084 1294 1146 continerentur
1308 1083 1343 1145 ad

189 1182 284 1245 divine
298 1194 452 1265 praecepta
470 1185 706 1247 accommodatis.
745 1184 838 1264 lgitur
855 1185 894 1246 ita
916 1185 987 1247 haec
999 1186 1064 1248 loca
1077 1194 1229 1248 veneratus
1240 1193 1298 1261 est,
1311 1194 1346 1247 ut

188 1285 249 1347 vira
263 1292 292 1346 et
306 1285 413 1347 elticaci
429 1285 517 1348 divini
531 1285 663 1364 magistri
676 1286 819 1348 memoria
839 1286 937 1348 omnis
955 1286 1018 1349 eius
1033 1287 1147 1349 animus
1162 1287 1344 1367 impleretur:

186 1386 226 1448 ita
240 1386 383 1461 discessit,
398 1396 431 1450 ut
445 1406 478 1449 se
492 1406 634 1469 suamque
648 1388 733 1450 ritem
751 1406 868 1450 omnem
883 1389 943 1450 Deo
958 1397 1151 1452 consecraret
1166 1423 1207 1434 —

272 1487 336 1550 lam
349 1508 417 1552 vero
433 1508 539 1570 operae
554 1490 680 1570 pretium
695 1498 742 1551 est
754 1490 864 1565 audire,
881 1489 973 1571 qualis
989 1490 1205 1569 lueritBogislai
1220 1491 1341 1564 reditus,

186 1597 292 1671 quantu
307 1591 440 1653 emulum
460 1591 606 1654 bonorum
621 1591 813 1672 gratulatione
828 1592 1002 1667 celebratus,
1027 1610 1114 1673 quam
1129 1592 1258 1672 insignes
1272 1593 1341 1656 ubi·

186 1710 244 1771 que
269 1693 399 1755 bonores
419 1693 450 1755 in
470 1694 570 1775 ipsum
590 1694 739 1756 cumulati.
764 1730 805 1741 -
830 1694 922 1775 Igitur
941 1713 1032 1776 quum
1056 1695 1190 1757 coniecto
1212 1694 1340 1757 celeriter
1435 1690 1441 1746 ἑ

185 1795 331 1857 maritimo
353 1795 455 1858 itinere
470 1796 616 1859 Venetiam
630 1815 736 1860 rursus
751 1797 952 1872 contenderet,
977 1807 1011 1860 ut
1028 1798 1156 1878 primunr
1175 1795 1340 1859 nuntiatum

185 1908 230 1959 est
243 1917 310 1960 eum
325 1898 491 1971 aduentare,
519 1898 645 1962 Senatus
660 1901 787 1961 Venetus
806 1900 917 1978 legatos
934 1899 1048 1962 obviam
1064 1899 1157 1972 misit,
1183 1897 1233 1979 qui
1247 1899 1340 1961 multo

183 1999 340 2063 verborum
355 2002 469 2063 bonore
483 2000 514 2062 in
529 2001 631 2064 urbem
647 2020 731 2064 suern
745 2000 907 2063 invitarent
940 2000 985 2063 lbi
998 2000 1117 2081 publico
1131 2000 1261 2079 bospitio
1276 2001 1339 2063 lau·

183 2103 298 2166 tissime
323 2104 478 2184 excipitur:
500 2121 637 2183 proceres
664 2121 768 2166 omnes
795 2102 950 2165 somnum
971 2112 1165 2166 concurrunt:
1191 2101 1254 2163 linx
1275 2102 1340 2182 ipse

185 2205 311 2267 Venetus
336 2205 428 2279 adest,
453 2213 482 2267 et
506 2214 687 2268 servatorum
713 2212 758 2268 tut
777 2204 883 2267 civium
902 2222 1026 2267 suorum
1045 2222 1131 2267 causa
1150 2203 1257 2282 gratias
1271 2202 1338 2283 egit

181 2307 252 2369 lude
279 2314 355 2369 stato
375 2308 422 2368 die
440 2307 469 2369 in
491 2307 590 2369 ducale
607 2307 746 2388 palatium
762 2307 929 2382 deducitur,
950 2305 1190 2388 splendidissimo
1207 2304 1338 2367 convivio

182 2408 336 2489 excipitur,
357 2409 393 2470 ad
408 2417 570 2472 extrermm
585 2409 749 2489 spectaculo
761 2410 864 2472 adesse
878 2409 1004 2482 iubetur,
1020 2407 1103 2490 quale
1117 2407 1228 2470 nullum
1242 2407 1339 2471 adbuc

182 2509 314 2572 Venetiae
339 2509 434 2572 visum
459 2512 506 2572 sit
549 2511 632 2573 'lunc
656 2510 714 2591 ipsi
729 2512 906 2575 Senatorum
925 2512 976 2574 tttit
995 2512 1026 2572 in
1046 2526 1165 2573 scenam
1178 2509 1336 2590 prodeunt,

180 2620 394 2693 assumptoque
409 2612 455 2674 alii
468 2612 595 2693 bogislai
609 2612 730 2692 eiusque
744 2615 897 2690 comitum,
922 2615 969 2677 alii
982 2611 1178 2696 praedonum,
1194 2629 1270 2692 quos
1285 2612 1336 2675 dc·

180 2715 297 2785 vicerat,
313 2714 426 2787 babitu,
450 2723 479 2776 et
491 2714 628 2796 personis
643 2733 761 2797 quoque
779 2716 815 2777 ad
831 2716 979 2779 veritatem
998 2715 1082 2778 lactis
1100 2713 1206 2788 induti,
1231 2714 1334 2796 proelii
1352 2728 1385 2781 et

180 2817 254 2879 illius
274 2816 466 2879 imitationem
484 2817 630 2897 quandam
649 2825 678 2879 et
691 2817 846 2899 imaginem
863 2817 979 2881 mimica
993 2825 1056 2881 arte
1070 2817 1223 2879 edunt-
1237 2817 1279 2879 lta
1294 2816 1333 2879 illi

179 2937 257 2981 novo
269 2927 355 3003 atque
369 2919 488 2981 insolito
504 2919 627 2981 honoris
642 2938 760 2999 genere,
780 2940 867 3001 quem
881 2920 978 2983 verbis
994 2919 1064 2983 satis
1080 2940 1097 2982 a
1111 2939 1145 2981 sc
1159 2919 1257 2981 ornari
1271 2937 1333 2981 non

178 3040 268 3102 posse
299 3021 507 3102 intelligebant,
534 3020 622 3084 huius
647 3021 782 3085 virtutem
808 3023 891 3104 quasi
916 3022 980 3084 vivo
1010 3022 1138 3102 quodam
1167 3020 1333 3094 simulacro,

178 3123 293 3186 actione
306 3142 341 3186 ac
353 3133 439 3205 gestu
453 3142 621 3204 expressam
637 3124 785 3187 celebrare
799 3125 895 3187 conati
910 3132 987 3187 suut

262 3225 338 3288 llino
350 3225 504 3306 Rogislaus
515 3227 640 3289 Romam
657 3227 822 3290 contendit:
844 3245 940 3307 neque
954 3226 1052 3289 minus
1066 3224 1229 3287 honorilice
1243 3243 1259 3286 a
1274 3242 1331 3305 po·

177 3329 246 3409 pulo
262 3329 397 3390 llomeno
420 3336 450 3388 et
471 3347 487 3389 a
509 3346 627 3391 summo
642 3328 785 3391 Pentiflce
806 3337 943 3409 acceptus
964 3335 1017 3389 est
1043 3327 1140 3389 -ldem
1157 3320 1330 3400 concursus,

176 3430 277 3493 eadem
303 3428 474 3510 gratulatio,
499 3430 576 3492 idern
597 3431 729 3494 omnium
748 3431 914 3503 bominum,
939 3436 1065 3490 aetatum
1086 3428 1223 3491 ordinum
1239 3429 1328 3491 teror.

175 3532 242 3613 lpse
256 3540 353 3594 auteur
368 3530 517 3606 Pontifex,
532 3550 623 3611 quum
637 3532 759 3595 vidisset
772 3532 939 3611 bogislaum
954 3537 983 3592 et
997 3528 1091 3591 virum
1105 3531 1181 3592 lama
1195 3547 1257 3593 nou
1271 3531 1330 3593 mi-

175 3652 279 3697 norem
293 3634 324 3695 in
339 3633 493 3714 colloquiis
509 3634 702 3713 cognovisset,
718 3642 823 3713 magno
838 3632 934 3713 aliquo
949 3640 979 3693 et
988 3631 1095 3711 insigni
1105 3632 1220 3694 honore
1230 3634 1330 3713 quanti

174 3754 241 3797 eum
256 3736 363 3798 laceret
377 3734 533 3797 ostendere
547 3735 646 3797 voluit
672 3734 783 3796 ludieta
796 3733 885 3813 igitur
898 3734 928 3795 in
944 3732 1143 3796 sacradssime
1157 3734 1239 3797 urbis
1253 3741 1329 3797 tem·

173 3836 222 3917 plo
239 3838 395 3913 concione,
409 3835 560 3917 bogislaus
575 3854 642 3899 curn
657 3836 720 3898 suis
736 3835 907 3909 comitibus,
922 3836 1124 3899 Romanorum
1139 3855 1256 3918 quoque
1270 3854 1327 3899 no·

172 3939 323 4002 bilissimis
338 3932 370 4001 et¹
380 3938 479 4001 multis
494 3937 543 4018 qui
558 3938 668 4000 Romae
682 3938 802 4000 aderaut
816 3944 979 4000 exterarum
995 3936 1142 4000 civitatum
1156 3936 1328 4019 proceribus

172 4042 312 4123 stipatus,
339 4042 462 4103 solemni
488 4058 598 4121 pompa
617 4040 648 4101 in
669 4040 812 4121 templum
831 4039 997 4102 deducitur:
1023 4039 1181 4102 collocatur
1201 4039 1326 4102 in-solio

171 4162 267 4225 prope
280 4144 374 4224 ipsius
389 4142 541 4205 Pontificio
555 4150 584 4203 et
598 4141 793 4205 Cordineliurn
808 4142 906 4205 sellas:
929 4142 995 4204 dein
1010 4141 1146 4203 Pontilex
1161 4142 1326 4205 oraticnem

172 4245 286 4308 orditur
299 4263 412 4325 gravem
428 4253 458 4306 et
471 4243 660 4306 luculentam:
684 4243 826 4306 collaudat
836 4244 1014 4325 Bogislanm,
1028 4244 1186 4324 gratuletur
1199 4243 1324 4327 imputo

171 4346 305 4410 Romano
320 4352 415 4408 tautae
422 4345 536 4408 virtutis
551 4345 723 4426 principem,
739 4344 858 4424 dignum
873 4347 954 4409 bunc
966 4364 1032 4408 esse
1045 4347 1093 4421 ait,
1106 4347 1156 4427 qui
1170 4344 1241 4409 etin
1251 4344 1325 4409 urbe

172 4447 252 4510 orbis
266 4454 409 4508 terrerum
424 4448 566 4528 principe,
581 4456 609 4508 et
626 4447 661 4509 ab
677 4444 791 4526 ec,.qui
804 4444 854 4508 liei
870 4449 900 4508 in
915 4447 1000 4509 terris
1014 4447 1138 4510 vicarius
1153 4447 1200 4521 sit,
1215 4447 1324 4509 summi
