3178 5136
858 404 920 471 278

314 594 387 658 mibi
394 592 510 676 quidem
519 591 662 656 eiusmodi
670 591 835 657 subauditio
844 591 1118 656 convenirerldetur
1129 592 1461 659 sammaeRomanorum

315 700 346 760 iu
357 696 493 761 formulis
504 694 677 775 diligentiae,
689 714 777 776 quam
789 696 859 759 satis
872 705 987 759 coastat
997 703 1109 759 mutam
1119 704 1236 777 tamque
1247 696 1359 761 anxiam
1371 698 1464 773 insse,

315 808 349 864 ut
368 801 411 863 sel
426 807 557 881 repetere
572 798 694 860 eandem
708 816 772 861 rem
789 798 949 861 identidem
964 809 994 863 et
1012 798 1143 880 pluribus
1158 799 1253 862 ambis
1276 819 1363 881 quam
1377 801 1464 863 diser-

316 904 429 967 tissime
443 903 539 982 eloqui
551 901 679 976 mallent,
694 920 782 982 mam
794 902 986 978 committere,
1000 911 1034 964 ut
1043 902 1139 982 aliqua
1151 902 1312 966 omissione
1322 904 1412 966 errori
1422 912 1467 965 aut

269 1020 300 1071 to
318 1005 477 1070 calumniae
490 1005 572 1067 locus
586 1004 677 1066 flerat
702 1004 858 1086 Nunquam
872 1005 960 1084 igitur
974 1024 1026 1067 eos
1041 1006 1072 1067 in
1087 1006 1142 1068 bac
1155 1007 1280 1069 formula
1293 1006 1363 1069 illud
1376 1007 1466 1087 ipsum

318 1109 483 1171 omissuros
506 1107 597 1169 fuisse
617 1107 747 1182 credam,
771 1107 802 1168 in
822 1125 961 1188 qucum
981 1107 1056 1170 ritas
1077 1127 1110 1170 ac
1128 1108 1278 1190 religionis
1305 1108 1467 1188 significatio

317 1212 435 1275 inesset.

402 1314 512 1394 ltaque,
529 1330 620 1393 quum
631 1312 709 1375 nulla
721 1311 757 1374 de
767 1310 861 1374 tribus
873 1311 1163 1393 interpretationibus
1175 1312 1357 1388 satisfecerit,
1372 1331 1470 1394 qaum·

318 1437 374 1499 que
394 1416 583 1479 manifestum
602 1414 653 1489 sit,
679 1412 879 1495 auspiciorum
904 1415 1216 1478 commemorationem
1239 1416 1271 1478 iu
1296 1415 1354 1478 boc
1375 1423 1470 1477 tenore

319 1520 478 1583 sententias
491 1518 593 1581 alresse
606 1533 669 1578 non
683 1535 790 1598 posse,
809 1517 839 1578 in
854 1516 928 1598 ipsis
944 1526 1041 1581 autem
1060 1517 1156 1581 ambis
1170 1518 1251 1580 uodli
1263 1521 1325 1580 uiri
1338 1529 1472 1581 vocantur

318 1642 413 1704 neque
428 1623 526 1686 inesse
545 1638 642 1701 neque
661 1619 813 1682 subaudiri
833 1639 924 1702 posse
942 1621 1063 1683 abcuius
1083 1620 1206 1701 auspicii
1228 1621 1472 1702 significationem,

319 1732 440 1806 apparet
454 1725 586 1805 prolecto
602 1723 700 1785 locam
711 1721 806 1802 aliqua
817 1724 982 1803 corruptela
998 1724 1188 1805 depravatum
1205 1743 1283 1787 esse.
1311 1724 1474 1804 Scripserat

319 1827 436 1910 opinor,
450 1827 566 1889 Cicero:
584 1825 669 1887 nullu
680 1828 832 1906 peremnia
846 1835 1017 1898 minuatur,
1032 1825 1117 1888 uallo
1131 1844 1169 1889 eu
1184 1826 1381 1898 acuminibus,
1394 1823 1472 1886 aaa&

319 1950 408 2015 mum
422 1932 484 1992 uisi
496 1939 653 1993 oomour:
674 1936 745 2010 post
758 1936 869 2004 autem,
890 1928 1054 1990 oblitterata
1068 1929 1164 2009 abque
1184 1948 1257 1993 casu
1277 1928 1475 1992 coniunctione

319 2051 422 2115 pum,
438 2031 612 2095 antecedens
627 2047 796 2111 pronomen
810 2030 895 2093 nullo
909 2030 1037 2112 proximi
1053 2031 1183 2094 vocabuli
1197 2051 1288 2095 causa
1303 2052 1321 2094 a
1336 2038 1475 2095 correcto·

319 2135 401 2199 ribus
423 2143 581 2209 mutatum,
607 2152 701 2214 eoque
723 2134 814 2195 modo
837 2134 908 2196 baec
930 2151 1018 2213 quam
1040 2152 1145 2197 omnes
1169 2134 1240 2197 libri
1266 2135 1376 2198 babent
1397 2130 1475 2197 lectio

320 2246 403 2301 enata
418 2245 471 2300 est
501 2237 561 2299 Iam
577 2236 721 2299 emendati
736 2236 793 2299 loci
815 2236 990 2299 sententiam
1010 2245 1039 2298 et
1057 2237 1262 2318 plenissimam
1281 2237 1437 2310 habemus,
1453 2242 1478 2296 et

321 2341 515 2403 verissimam:
539 2356 608 2400 nam
625 2338 767 2419 auspicia,
790 2355 880 2419 quum
897 2339 952 2401 viri
966 2349 1152 2416 vocarentur,
1166 2340 1216 2402 ilia
1233 2348 1328 2405 aetate
1344 2357 1406 2402 nou
1420 2356 1477 2401 am-

321 2444 399 2525 plius
419 2442 568 2505 observari
588 2441 673 2505 solita
692 2459 758 2504 esse
777 2442 863 2505 etiam
888 2442 1005 2507 aliunde
1026 2444 1096 2506 satis
1122 2451 1251 2507 constat
1285 2444 1322 2507 ln
1346 2439 1479 2525 proximis

321 2546 470 2611 Ciceronis
491 2544 586 2607 verbis
608 2564 648 2607 cc
672 2564 728 2626 quo
753 2562 815 2608 non
841 2545 1031 2627 temporalem
1057 2545 1307 2626 significationem
1333 2546 1431 2620 babet,
1452 2549 1481 2605 ut

321 2649 465 2731 significet
483 2667 521 2712 ec
539 2665 595 2731 pue
615 2658 742 2729 tempora
760 2668 786 2709 v.
802 2659 972 2730 postquam,
997 2649 1252 2729 quemadmodum
1268 2650 1375 2713 liciam
1394 2649 1480 2713 risum

321 2764 375 2831 est,
390 2753 441 2816 sod
456 2752 616 2827 masclam,
634 2760 668 2814 ut
681 2751 841 2832 permutari
856 2750 954 2832 possit
973 2769 1040 2814 cum
1055 2770 1146 2833 puers
1159 2771 1186 2814 r.
1201 2753 1406 2834 quamobrem.
1434 2748 1479 2810 Ni-

321 2858 429 2921 mirum
454 2856 524 2918 obm
548 2854 585 2917 ed
610 2861 783 2917 testamenta
807 2853 1002 2933 nuncupanda
1026 2854 1132 2916 milites
1155 2854 1186 2916 in
1211 2857 1373 2935 procinctu
1399 2853 1480 2915 collo-

322 2963 378 3026 cati
398 2980 432 3024 ea
456 2977 541 3021 mora
566 2956 736 3030 utebantur,
762 2974 850 3036 mam
876 2956 1075 3036 auspiciorum
1102 2957 1270 3020 observatio
1297 2956 1482 3030 afferebant:

274 3086 302 3136 11
322 3075 425 3148 postea
444 3082 527 3137 vero,
547 3078 637 3141 quum
657 3058 872 3141 praetermissis
892 3058 1030 3140 auspiciis
1049 3060 1184 3142 nubeque
1207 3080 1298 3125 mora
1317 3057 1483 3140 interposita

323 3169 421 3231 statim
433 3167 470 3229 ad
480 3162 626 3245 proelium
636 3160 803 3223 faciendum
815 3161 1016 3235 educerentur,
1029 3169 1279 3227 testamentorum
1290 3165 1324 3228 iu
1335 3162 1483 3246 procinctu

321 3269 521 3334 sumendorum
541 3277 659 3345 tempus
679 3264 819 3327 idoneum
838 3281 901 3327 aon
921 3264 1147 3345 relinquebatur,
1167 3285 1203 3329 ex
1218 3286 1283 3349 quo
1304 3269 1379 3332 baec
1396 3264 1484 3347 perire

321 3392 442 3437 necesse
456 3371 561 3446 mitt).
1526 3376 1529 3381 ’

407 3474 465 3537 Sed
479 3474 620 3536 maenus
634 3471 719 3533 baec:
739 3471 864 3534 nuncid
878 3488 1012 3551 agamus,
1035 3471 1119 3532 carius
1139 3489 1229 3536 causa
1245 3473 1325 3549 Vos,
1341 3469 1485 3536 commili-

322 3589 422 3653 tones,
441 3574 580 3657 dloqauti
594 3592 709 3636 sumas.
743 3573 789 3636 En
803 3573 904 3653 igitur,
924 3580 1067 3635 vocantur
1085 3572 1171 3636 mam
1191 3593 1210 3637 a
1230 3575 1326 3639 nobis
1345 3574 1411 3651 riri,
1429 3588 1485 3636 noa

391 3820 416 3885 8)
436 3818 551 3871 Sabidius
563 3817 627 3884 apud
637 3817 715 3868 acbol.
727 3814 822 3870 Veron.
834 3814 949 3881 achrp.
962 3816 1024 3868 deu.
1034 3815 1069 3884 Χ,
1082 3817 1144 3868 241:
1157 3819 1275 3888 [capud
1283 3823 1369 3888 wem]
1379 3823 1406 3872 iu
1416 3832 1485 3871 acar

323 3910 376 3958 aba
387 3907 530 3974 mptum
546 3905 733 3972 importunaque
748 3908 815 3970 aaut,
834 3905 862 3954 ait
880 3903 1042 3955 tabenaculo
1057 3906 1085 3954 iu
1101 3903 1164 3955 sallo
1183 3905 1282 3958 sedon
1304 3908 1486 3978 auspicabatur

323 4008 411 4045 corum
420 3994 535 4043 sacerdtu
544 3987 622 4058 pausa
637 4005 651 4039 a
663 4004 738 4040 aurea
749 3990 870 4041 liberatis.
883 4015 917 4026 -
928 4015 963 4026 -
973 4015 1008 4026 -
1030 3987 1136 4041 Interam
1154 4006 1184 4041 au
1200 4007 1282 4043 mora
1294 3996 1436 4045 edebantur
1446 3990 1486 4059 qui

324 4082 479 4131 commta
489 4079 516 4128 tit
525 4078 658 4146 procuratu
662 4075 758 4141 succro
769 4074 893 4126 volebmt.

390 4163 415 4228 9)
434 4161 540 4213 Mirifice
554 4175 642 4212 errore
659 4158 775 4212 Caesada
792 4162 874 4212 locum
890 4161 921 4211 de
932 4160 957 4211 b.
970 4158 1000 4211 G.
1013 4160 1036 4225 l,
1049 4160 1095 4224 39,
1108 4161 1123 4211 b
1134 4159 1258 4213 Davisius
1272 4163 1299 4214 iu
1313 4162 1485 4217 commentario

322 4250 353 4301 ud
365 4250 390 4300 b.
401 4248 418 4299 t
431 4246 588 4299 Freiasbom.
600 4246 631 4296 ad
640 4244 712 4297 Flor.
723 4244 763 4308 ΠΙ,
779 4245 818 4310 10,
832 4245 872 4297 12.
907 4245 955 4298 Εν.
968 4246 1029 4298 utto
1046 4247 1079 4298 ad
1092 4245 1185 4298 lastitt.
1193 4261 1222 4313 p.
1235 4247 1291 4299 20³
1304 4252 1401 4318 albuna
1409 4249 1439 4300 ad
1448 4255 1485 4298 te·

321 4340 447 4386 tumenta
457 4332 483 4382 ia
495 4332 626 4398 procinctu
638 4331 789 4382 maslerant
812 4330 950 4399 „Vulgo“‚
966 4332 1047 4400 inquit
1062 4332 1099 4397 G,
1112 4334 1196 4396 „toda
1215 4338 1318 4388 cuam&
1336 4334 1486 4390 mummia

321 4416 557 4485 obsignabantur&
578 4416 602 4465 in
616 4433 663 4483 quo
682 4416 724 4469 val
740 4418 788 4467 boc
798 4416 878 4484 ipsum
891 4418 994 4469 verbum
1006 4420 1209 4484 obu'pnuboetlur
1227 4420 1263 4473 dc
1282 4421 1380 4477 aaut·
1395 4429 1424 4474 at
1434 4422 1485 4472 tura
