<?xml version="1.0" encoding="UTF-8"?>
<!DOCTYPE html PUBLIC "-//W3C//DTD XHTML 1.0 Transitional//EN"
    "http://www.w3.org/TR/xhtml1/DTD/xhtml1-transitional.dtd">
<html xmlns="http://www.w3.org/1999/xhtml" xml:lang="en" lang="en">
 <head>
  <title>
</title>
<meta http-equiv="Content-Type" content="text/html;charset=utf-8" />
  <meta name='ocr-system' content='tesseract 3.04.00' />
  <meta name='ocr-capabilities' content='ocr_page ocr_carea ocr_par ocr_line ocrx_word'/>
</head>
<body>
  <div class='ocr_page' id='page_1' title='image "./opusculaacademi00schogoog_0390.png"; bbox 0 0 3154 5138; ppageno 0'>
   <div class='ocr_carea' id='block_1_1' title="bbox 658 471 720 543">
    <p class='ocr_par' dir='ltr' id='par_1_1' title="bbox 658 471 720 543">
     <span class='ocr_line' id='line_1_1' title="bbox 658 471 720 543; baseline 0 -1"><span class='ocrx_word' id='word_1_1' title='bbox 658 471 720 543; x_wconf 67' lang='lat'><strong>379</strong></span> 
     </span>
    </p>
   </div>
   <div class='ocr_carea' id='block_1_2' title="bbox 113 667 1316 3103">
    <p class='ocr_par' dir='ltr' id='par_1_2' title="bbox 113 667 1316 3103">
     <span class='ocr_line' id='line_1_2' title="bbox 120 667 1265 754; baseline -0.004 -18"><span class='ocrx_word' id='word_1_2' title='bbox 120 672 198 736; x_wconf 82' lang='lat' dir='ltr'><strong>nimis</strong></span> <span class='ocrx_word' id='word_1_3' title='bbox 212 674 346 754; x_wconf 75' lang='lat' dir='ltr'><strong>ineptum</strong></span> <span class='ocrx_word' id='word_1_4' title='bbox 360 690 427 735; x_wconf 87' lang='lat' dir='ltr'><strong>esso</strong></span> <span class='ocrx_word' id='word_1_5' title='bbox 442 677 571 751; x_wconf 87' lang='lat' dir='ltr'><strong>apparet</strong></span> <span class='ocrx_word' id='word_1_6' title='bbox 602 667 677 731; x_wconf 87' lang='lat' dir='ltr'><strong>Naro</strong></span> <span class='ocrx_word' id='word_1_7' title='bbox 693 686 767 748; x_wconf 87' lang='lat' dir='ltr'><strong>qrme</strong></span> <span class='ocrx_word' id='word_1_8' title='bbox 784 687 801 732; x_wconf 87' lang='lat' dir='ltr'><strong>a</strong></span> <span class='ocrx_word' id='word_1_9' title='bbox 820 669 934 733; x_wconf 85' lang='lat' dir='ltr'><strong>Darisio</strong></span> <span class='ocrx_word' id='word_1_10' title='bbox 950 670 1081 750; x_wconf 85' lang='lat' dir='ltr'><strong>exempla</strong></span> <span class='ocrx_word' id='word_1_11' title='bbox 1096 670 1265 740; x_wconf 80' lang='lat' dir='ltr'><strong>adoruutur,</strong></span> 
     </span>
     <span class='ocr_line' id='line_1_3' title="bbox 119 769 1266 854; baseline -0.005 -18"><span class='ocrx_word' id='word_1_12' title='bbox 119 775 195 854; x_wconf 70' lang='lat' dir='ltr'><strong>longo</strong></span> <span class='ocrx_word' id='word_1_13' title='bbox 209 775 308 837; x_wconf 85' lang='lat' dir='ltr'><strong>omnia</strong></span> <span class='ocrx_word' id='word_1_14' title='bbox 330 773 435 835; x_wconf 86' lang='lat' dir='ltr'><strong>diversi</strong></span> <span class='ocrx_word' id='word_1_15' title='bbox 448 773 563 853; x_wconf 78' lang='lat' dir='ltr'><strong>generis</strong></span> <span class='ocrx_word' id='word_1_16' title='bbox 578 791 645 833; x_wconf 86' lang='lat' dir='ltr'><strong>esse</strong></span> <span class='ocrx_word' id='word_1_17' title='bbox 659 769 781 850; x_wconf 88' lang='lat' dir='ltr'><strong>quilibet</strong></span> <span class='ocrx_word' id='word_1_18' title='bbox 800 771 881 833; x_wconf 84' lang='lat' dir='ltr'><strong>lucile</strong></span> <span class='ocrx_word' id='word_1_19' title='bbox 900 772 1047 851; x_wconf 74' lang='lat' dir='ltr'><strong>intelliget</strong></span> <span class='ocrx_word' id='word_1_20' title='bbox 1091 771 1174 833; x_wconf 83' lang='lat' dir='ltr'><strong>Velut</strong></span> <span class='ocrx_word' id='word_1_21' title='bbox 1188 771 1266 850; x_wconf 86' lang='lat' dir='ltr'><strong>apud</strong></span> 
     </span>
     <span class='ocr_line' id='line_1_4' title="bbox 120 874 1264 954; baseline -0.003 -18"><span class='ocrx_word' id='word_1_22' title='bbox 120 875 244 939; x_wconf 85' lang='lat' dir='ltr'><strong>Plautum</strong></span> <span class='ocrx_word' id='word_1_23' title='bbox 265 876 340 939; x_wconf 84' lang='lat' dir='ltr'><strong>llud.</strong></span> <span class='ocrx_word' id='word_1_24' title='bbox 360 875 412 948; x_wconf 92' lang='lat' dir='ltr'><strong>lll,</strong></span> <span class='ocrx_word' id='word_1_25' title='bbox 431 878 464 948; x_wconf 83' lang='lat'><strong>4,</strong></span> <span class='ocrx_word' id='word_1_26' title='bbox 484 875 538 947; x_wconf 76' lang='lat'><strong>62,</strong></span> <span class='ocrx_word' id='word_1_27' title='bbox 558 882 750 954; x_wconf 79' lang='lat' dir='ltr'><strong>posteaquam</strong></span> <span class='ocrx_word' id='word_1_28' title='bbox 765 892 843 937; x_wconf 91' lang='lat' dir='ltr'><strong>unus</strong></span> <span class='ocrx_word' id='word_1_29' title='bbox 859 874 944 937; x_wconf 80' lang='lat' dir='ltr'>dixit:</span> <span class='ocrx_word' id='word_1_30' title='bbox 970 875 1088 954; x_wconf 81' lang='lat' dir='ltr'>Ignem</span> <span class='ocrx_word' id='word_1_31' title='bbox 1105 890 1264 952; x_wconf 78' lang='lat' dir='ltr'><strong>magnum</strong></span> 
     </span>
     <span class='ocr_line' id='line_1_5' title="bbox 120 974 1264 1057; baseline -0.003 -17"><span class='ocrx_word' id='word_1_32' title='bbox 120 979 168 1042; x_wconf 89' lang='lat' dir='ltr'><strong>bic</strong></span> <span class='ocrx_word' id='word_1_33' title='bbox 180 979 318 1051; x_wconf 79' lang='lat' dir='ltr'><strong>luciam,</strong></span> <span class='ocrx_word' id='word_1_34' title='bbox 334 978 484 1057; x_wconf 73' lang='lat' dir='ltr'><strong>subiungit</strong></span> <span class='ocrx_word' id='word_1_35' title='bbox 498 978 581 1041; x_wconf 91' lang='lat' dir='ltr'><strong>alter:</strong></span> <span class='ocrx_word' id='word_1_36' title='bbox 598 977 689 1051; x_wconf 81' lang='lat' dir='ltr'><strong>Quin</strong></span> <span class='ocrx_word' id='word_1_37' title='bbox 708 985 747 1038; x_wconf 94' lang='lat' dir='ltr'><strong>ut</strong></span> <span class='ocrx_word' id='word_1_38' title='bbox 766 977 951 1039; x_wconf 87' lang='lat' dir='ltr'><strong>humanum</strong></span> <span class='ocrx_word' id='word_1_39' title='bbox 972 995 1099 1039; x_wconf 78' lang='lat' dir='ltr'><strong>exuras</strong></span> <span class='ocrx_word' id='word_1_40' title='bbox 1112 974 1190 1036; x_wconf 92' lang='lat' dir='ltr'><strong>tibi:</strong></span> <span class='ocrx_word' id='word_1_41' title='bbox 1206 974 1264 1036; x_wconf 91' lang='lat' dir='ltr'><strong>sci·</strong></span> 
     </span>
     <span class='ocr_line' id='line_1_6' title="bbox 118 1077 1265 1161; baseline -0.006 -17"><span class='ocrx_word' id='word_1_42' title='bbox 118 1080 175 1144; x_wconf 85' lang='lat' dir='ltr'><strong>licet</strong></span> <span class='ocrx_word' id='word_1_43' title='bbox 187 1081 254 1161; x_wconf 89' lang='lat' dir='ltr'><strong>quia</strong></span> <span class='ocrx_word' id='word_1_44' title='bbox 269 1081 366 1160; x_wconf 77' lang='lat' dir='ltr'><strong>ignem</strong></span> <span class='ocrx_word' id='word_1_45' title='bbox 378 1080 424 1143; x_wconf 88' lang='lat' dir='ltr'><strong>ille</strong></span> <span class='ocrx_word' id='word_1_46' title='bbox 438 1089 659 1152; x_wconf 75' lang='lat' dir='ltr'><strong>memoraverat,</strong></span> <span class='ocrx_word' id='word_1_47' title='bbox 674 1078 776 1140; x_wconf 89' lang='lat' dir='ltr'><strong>iocose</strong></span> <span class='ocrx_word' id='word_1_48' title='bbox 790 1079 858 1158; x_wconf 92' lang='lat' dir='ltr'><strong>quid</strong></span> <span class='ocrx_word' id='word_1_49' title='bbox 874 1079 922 1141; x_wconf 93' lang='lat' dir='ltr'><strong>illo</strong></span> <span class='ocrx_word' id='word_1_50' title='bbox 938 1079 1000 1141; x_wconf 83' lang='lat' dir='ltr'><strong>fieri</strong></span> <span class='ocrx_word' id='word_1_51' title='bbox 1016 1078 1112 1158; x_wconf 79' lang='lat' dir='ltr'>possit</span> <span class='ocrx_word' id='word_1_52' title='bbox 1126 1077 1265 1138; x_wconf 79' lang='lat' dir='ltr'><strong>indimus.</strong></span> 
     </span>
     <span class='ocr_line' id='line_1_7' title="bbox 118 1180 1265 1264; baseline -0.005 -19"><span class='ocrx_word' id='word_1_53' title='bbox 118 1184 290 1263; x_wconf 72' lang='lat' dir='ltr'><strong>Augustinus</strong></span> <span class='ocrx_word' id='word_1_54' title='bbox 310 1191 423 1256; x_wconf 88' lang='lat' dir='ltr'><strong>autem,</strong></span> <span class='ocrx_word' id='word_1_55' title='bbox 443 1200 532 1264; x_wconf 90' lang='lat' dir='ltr'><strong>quum</strong></span> <span class='ocrx_word' id='word_1_56' title='bbox 548 1182 631 1257; x_wconf 91' lang='lat' dir='ltr'><strong>dicit,</strong></span> <span class='ocrx_word' id='word_1_57' title='bbox 649 1181 686 1244; x_wconf 86' lang='lat' dir='ltr'><strong>dc</strong></span> <span class='ocrx_word' id='word_1_58' title='bbox 700 1199 775 1243; x_wconf 89' lang='lat' dir='ltr'><strong>mor.</strong></span> <span class='ocrx_word' id='word_1_59' title='bbox 792 1182 898 1244; x_wconf 84' lang='lat' dir='ltr'><strong>cathol.</strong></span> <span class='ocrx_word' id='word_1_60' title='bbox 914 1181 1015 1243; x_wconf 81' lang='lat' dir='ltr'><strong>codes.</strong></span> <span class='ocrx_word' id='word_1_61' title='bbox 1031 1200 1056 1243; x_wconf 81' lang='lat' dir='ltr'><strong>c</strong></span> <span class='ocrx_word' id='word_1_62' title='bbox 1073 1180 1122 1252; x_wconf 87' lang='grc'><strong>30,</strong></span> <span class='ocrx_word' id='word_1_63' title='bbox 1143 1186 1265 1241; x_wconf 82' lang='lat' dir='ltr'><strong>tantus</strong></span> 
     </span>
     <span class='ocr_line' id='line_1_8' title="bbox 118 1281 1265 1355; baseline -0.004 -11"><span class='ocrx_word' id='word_1_64' title='bbox 118 1285 271 1347; x_wconf 86' lang='lat' dir='ltr'><strong>caritatis</strong></span> <span class='ocrx_word' id='word_1_65' title='bbox 286 1285 392 1348; x_wconf 88' lang='lat' dir='ltr'><strong>ardor</strong></span> <span class='ocrx_word' id='word_1_66' title='bbox 406 1282 620 1355; x_wconf 83' lang='lat' dir='ltr'><strong>innascitur,</strong></span> <span class='ocrx_word' id='word_1_67' title='bbox 639 1291 676 1344; x_wconf 88' lang='lat' dir='ltr'><strong>nt</strong></span> <span class='ocrx_word' id='word_1_68' title='bbox 695 1283 834 1345; x_wconf 84' lang='lat' dir='ltr'><strong>exustis</strong></span> <span class='ocrx_word' id='word_1_69' title='bbox 855 1283 1023 1345; x_wconf 91' lang='lat' dir='ltr'><strong>omnibus</strong></span> <span class='ocrx_word' id='word_1_70' title='bbox 1042 1281 1142 1344; x_wconf 86' lang='lat' dir='ltr'><strong>vitiis</strong></span> <span class='ocrx_word' id='word_1_71' title='bbox 1162 1282 1265 1343; x_wconf 89' lang='lat' dir='ltr'><strong>bomo</strong></span> 
     </span>
     <span class='ocr_line' id='line_1_9' title="bbox 118 1383 1265 1465; baseline 0.001 -20"><span class='ocrx_word' id='word_1_72' title='bbox 118 1387 374 1459; x_wconf 71' lang='lat' dir='ltr'><strong>sanctificetur,</strong></span> <span class='ocrx_word' id='word_1_73' title='bbox 394 1387 469 1449; x_wconf 88' lang='lat' dir='ltr'><strong>banc</strong></span> <span class='ocrx_word' id='word_1_74' title='bbox 486 1385 581 1465; x_wconf 87' lang='lat' dir='ltr'><strong>ipsam</strong></span> <span class='ocrx_word' id='word_1_75' title='bbox 602 1385 716 1447; x_wconf 84' lang='lat' dir='ltr'><strong>ardoris</strong></span> <span class='ocrx_word' id='word_1_76' title='bbox 736 1385 891 1464; x_wconf 73' lang='lat' dir='ltr'><strong>imaginem</strong></span> <span class='ocrx_word' id='word_1_77' title='bbox 906 1392 1027 1465; x_wconf 88' lang='lat' dir='ltr'><strong>perapte</strong></span> <span class='ocrx_word' id='word_1_78' title='bbox 1041 1385 1127 1447; x_wconf 90' lang='lat' dir='ltr'><strong>etiam</strong></span> <span class='ocrx_word' id='word_1_79' title='bbox 1142 1383 1177 1445; x_wconf 88' lang='lat' dir='ltr'><strong>ad</strong></span> <span class='ocrx_word' id='word_1_80' title='bbox 1194 1403 1265 1446; x_wconf 84' lang='lat' dir='ltr'><strong>exu-</strong></span> 
     </span>
     <span class='ocr_line' id='line_1_10' title="bbox 118 1486 1265 1553; baseline 0 -4"><span class='ocrx_word' id='word_1_81' title='bbox 118 1488 234 1551; x_wconf 87' lang='lat' dir='ltr'><strong>stionem</strong></span> <span class='ocrx_word' id='word_1_82' title='bbox 249 1489 389 1551; x_wconf 79' lang='lat' dir='ltr'><strong>vitiorum</strong></span> <span class='ocrx_word' id='word_1_83' title='bbox 405 1488 536 1553; x_wconf 84' lang='lat' dir='ltr'><strong>traducit.</strong></span> <span class='ocrx_word' id='word_1_84' title='bbox 581 1486 714 1549; x_wconf 85' lang='lat' dir='ltr'><strong>Ceterum</strong></span> <span class='ocrx_word' id='word_1_85' title='bbox 731 1487 844 1549; x_wconf 83' lang='lat' dir='ltr'><strong>odamsi</strong></span> <span class='ocrx_word' id='word_1_86' title='bbox 859 1487 969 1551; x_wconf 90' lang='lat' dir='ltr'><strong>nullum</strong></span> <span class='ocrx_word' id='word_1_87' title='bbox 985 1488 1112 1549; x_wconf 85' lang='lat' dir='ltr'><strong>caritatis</strong></span> <span class='ocrx_word' id='word_1_88' title='bbox 1131 1486 1265 1549; x_wconf 83' lang='lat' dir='ltr'><strong>ardorem</strong></span> 
     </span>
     <span class='ocr_line' id='line_1_11' title="bbox 118 1588 1316 1670; baseline -0.002 -18"><span class='ocrx_word' id='word_1_89' title='bbox 118 1600 192 1655; x_wconf 76' lang='lat' dir='ltr'><strong>cutm</strong></span> <span class='ocrx_word' id='word_1_90' title='bbox 207 1597 480 1663; x_wconf 76' lang='lat' dir='ltr'><strong>commemorasset,</strong></span> <span class='ocrx_word' id='word_1_91' title='bbox 495 1597 594 1653; x_wconf 86' lang='lat' dir='ltr'><strong>tamon</strong></span> <span class='ocrx_word' id='word_1_92' title='bbox 609 1589 707 1652; x_wconf 81' lang='lat' dir='ltr'><strong>exuri</strong></span> <span class='ocrx_word' id='word_1_93' title='bbox 724 1589 790 1651; x_wconf 84' lang='lat' dir='ltr'><strong>vitia</strong></span> <span class='ocrx_word' id='word_1_94' title='bbox 804 1589 899 1655; x_wconf 80' lang='lat' dir='ltr'><strong>dicare</strong></span> <span class='ocrx_word' id='word_1_95' title='bbox 910 1589 1063 1670; x_wconf 85' lang='lat' dir='ltr'><strong>potuisset,</strong></span> <span class='ocrx_word' id='word_1_96' title='bbox 1078 1588 1265 1650; x_wconf 89' lang='lat' dir='ltr'><strong>similitudine</strong></span> <span class='ocrx_word' id='word_1_97' title='bbox 1285 1601 1316 1652; x_wconf 89' lang='lat' dir='ltr'><strong>lo</strong></span> 
     </span>
     <span class='ocr_line' id='line_1_12' title="bbox 117 1690 1267 1773; baseline -0.001 -18"><span class='ocrx_word' id='word_1_98' title='bbox 117 1695 259 1758; x_wconf 61' lang='lat' dir='ltr'><strong>indicis</strong></span> <span class='ocrx_word' id='word_1_99' title='bbox 277 1694 371 1765; x_wconf 87' lang='lat' dir='ltr'><strong>duola,</strong></span> <span class='ocrx_word' id='word_1_100' title='bbox 387 1693 437 1773; x_wconf 91' lang='lat' dir='ltr'><strong>qui</strong></span> <span class='ocrx_word' id='word_1_101' title='bbox 450 1692 565 1754; x_wconf 89' lang='lat' dir='ltr'><strong>urendo</strong></span> <span class='ocrx_word' id='word_1_102' title='bbox 585 1692 720 1772; x_wconf 89' lang='lat' dir='ltr'><strong>corporis</strong></span> <span class='ocrx_word' id='word_1_103' title='bbox 739 1690 806 1753; x_wconf 81' lang='lat' dir='ltr'><strong>ritis</strong></span> <span class='ocrx_word' id='word_1_104' title='bbox 825 1690 930 1753; x_wconf 90' lang='lat' dir='ltr'><strong>delent.</strong></span> <span class='ocrx_word' id='word_1_105' title='bbox 973 1690 1031 1753; x_wconf 87' lang='lat' dir='ltr'><strong>Sed</strong></span> <span class='ocrx_word' id='word_1_106' title='bbox 1053 1691 1184 1772; x_wconf 83' lang='lat' dir='ltr'><strong>quamvis</strong></span> <span class='ocrx_word' id='word_1_107' title='bbox 1198 1693 1267 1754; x_wconf 83' lang='lat' dir='ltr'><strong>vitia</strong></span> 
     </span>
     <span class='ocr_line' id='line_1_13' title="bbox 117 1791 1267 1874; baseline -0.002 -16"><span class='ocrx_word' id='word_1_108' title='bbox 117 1815 146 1858; x_wconf 77' lang='lat' dir='ltr'><strong>es</strong></span> <span class='ocrx_word' id='word_1_109' title='bbox 159 1797 257 1861; x_wconf 80' lang='lat' dir='ltr'><strong>animo</strong></span> <span class='ocrx_word' id='word_1_110' title='bbox 273 1795 355 1859; x_wconf 79' lang='lat' dir='ltr'><strong>esuri</strong></span> <span class='ocrx_word' id='word_1_111' title='bbox 369 1803 446 1856; x_wconf 83' lang='lat' dir='ltr'><strong>recte</strong></span> <span class='ocrx_word' id='word_1_112' title='bbox 460 1793 517 1856; x_wconf 90' lang='lat' dir='ltr'><strong>dici</strong></span> <span class='ocrx_word' id='word_1_113' title='bbox 531 1793 656 1874; x_wconf 78' lang='lat' dir='ltr'><strong>possint,</strong></span> <span class='ocrx_word' id='word_1_114' title='bbox 671 1791 859 1873; x_wconf 86' lang='lat' dir='ltr'><strong>opinionibus</strong></span> <span class='ocrx_word' id='word_1_115' title='bbox 874 1800 971 1855; x_wconf 84' lang='lat' dir='ltr'><strong>tamen</strong></span> <span class='ocrx_word' id='word_1_116' title='bbox 986 1803 1014 1855; x_wconf 87' lang='lat' dir='ltr'><strong>et</strong></span> <span class='ocrx_word' id='word_1_117' title='bbox 1024 1794 1267 1874; x_wconf 82' lang='lat' dir='ltr'><strong>persuasionibus</strong></span> 
     </span>
     <span class='ocr_line' id='line_1_14' title="bbox 118 1894 1267 1979; baseline 0.002 -20"><span class='ocrx_word' id='word_1_118' title='bbox 118 1906 167 1961; x_wconf 87' lang='lat' dir='ltr'><strong>tam</strong></span> <span class='ocrx_word' id='word_1_119' title='bbox 186 1899 342 1960; x_wconf 81' lang='lat' dir='ltr'><strong>violentam</strong></span> <span class='ocrx_word' id='word_1_120' title='bbox 362 1895 536 1959; x_wconf 86' lang='lat' dir='ltr'><strong>medicinam</strong></span> <span class='ocrx_word' id='word_1_121' title='bbox 556 1894 693 1957; x_wconf 87' lang='lat' dir='ltr'><strong>adbibere</strong></span> <span class='ocrx_word' id='word_1_122' title='bbox 717 1913 805 1956; x_wconf 90' lang='lat' dir='ltr'><strong>nemo</strong></span> <span class='ocrx_word' id='word_1_123' title='bbox 832 1894 913 1957; x_wconf 88' lang='lat' dir='ltr'><strong>lacile</strong></span> <span class='ocrx_word' id='word_1_124' title='bbox 937 1895 1023 1958; x_wconf 85' lang='lat' dir='ltr'><strong>volet</strong></span> <span class='ocrx_word' id='word_1_125' title='bbox 1067 1897 1168 1978; x_wconf 86' lang='lat' dir='ltr'><strong>ltaque</strong></span> <span class='ocrx_word' id='word_1_126' title='bbox 1187 1900 1267 1979; x_wconf 92' lang='lat' dir='ltr'><strong>quod</strong></span> 
     </span>
     <span class='ocr_line' id='line_1_15' title="bbox 118 1997 1266 2081; baseline -0.001 -18"><span class='ocrx_word' id='word_1_127' title='bbox 118 2001 186 2081; x_wconf 80' lang='lat' dir='ltr'><strong>apso</strong></span> <span class='ocrx_word' id='word_1_128' title='bbox 205 2001 348 2065; x_wconf 83' lang='lat' dir='ltr'><strong>Senecam</strong></span> <span class='ocrx_word' id='word_1_129' title='bbox 368 1998 486 2078; x_wconf 75' lang='lat' dir='ltr'><strong>legitur,</strong></span> <span class='ocrx_word' id='word_1_130' title='bbox 511 1998 595 2077; x_wconf 86' lang='lat' dir='ltr'><strong>epist</strong></span> <span class='ocrx_word' id='word_1_131' title='bbox 615 1997 704 2061; x_wconf 81' lang='lat' dir='ltr'>LXIX</span> <span class='ocrx_word' id='word_1_132' title='bbox 725 2016 754 2078; x_wconf 90' lang='lat' dir='ltr'><strong>p.</strong></span> <span class='ocrx_word' id='word_1_133' title='bbox 779 1997 838 2060; x_wconf 88' lang='grc'><strong>190</strong></span> <span class='ocrx_word' id='word_1_134' title='bbox 859 1998 965 2059; x_wconf 67' lang='lat' dir='ltr'><strong>tiron:</strong></span> <span class='ocrx_word' id='word_1_135' title='bbox 985 1997 1015 2058; x_wconf 86' lang='lat' dir='ltr'><strong>ci</strong></span> <span class='ocrx_word' id='word_1_136' title='bbox 1034 1999 1094 2076; x_wconf 91' lang='lat' dir='ltr'><strong>qni</strong></span> <span class='ocrx_word' id='word_1_137' title='bbox 1113 2020 1266 2064; x_wconf 86' lang='lat' dir='ltr'><strong>amorem</strong></span> 
     </span>
     <span class='ocr_line' id='line_1_16' title="bbox 118 2098 1266 2179; baseline 0.003 -19"><span class='ocrx_word' id='word_1_138' title='bbox 118 2120 259 2165; x_wconf 81' lang='lat' dir='ltr'><strong>exurere</strong></span> <span class='ocrx_word' id='word_1_139' title='bbox 280 2108 445 2173; x_wconf 88' lang='lat' dir='ltr'><strong>conatur,</strong></span> <span class='ocrx_word' id='word_1_140' title='bbox 464 2098 583 2179; x_wconf 89' lang='lat' dir='ltr'><strong>probari</strong></span> <span class='ocrx_word' id='word_1_141' title='bbox 598 2102 724 2161; x_wconf 86' lang='lat' dir='ltr'><strong>tortasse</strong></span> <span class='ocrx_word' id='word_1_142' title='bbox 738 2106 845 2178; x_wconf 82' lang='lat' dir='ltr'><strong>potest,</strong></span> <span class='ocrx_word' id='word_1_143' title='bbox 861 2099 1003 2179; x_wconf 87' lang='lat' dir='ltr'><strong>siquidem</strong></span> <span class='ocrx_word' id='word_1_144' title='bbox 1020 2118 1105 2163; x_wconf 88' lang='lat' dir='ltr'><strong>amor</strong></span> <span class='ocrx_word' id='word_1_145' title='bbox 1117 2102 1163 2164; x_wconf 86' lang='lat' dir='ltr'><strong>illc</strong></span> <span class='ocrx_word' id='word_1_146' title='bbox 1176 2103 1208 2165; x_wconf 92' lang='lat' dir='ltr'><strong>in</strong></span> <span class='ocrx_word' id='word_1_147' title='bbox 1222 2104 1266 2164; x_wconf 82' lang='lat' dir='ltr'><strong>vi-</strong></span> 
     </span>
     <span class='ocr_line' id='line_1_17' title="bbox 117 2200 1266 2284; baseline -0.002 -17"><span class='ocrx_word' id='word_1_148' title='bbox 117 2204 158 2269; x_wconf 86' lang='lat' dir='ltr'><strong>tiis</strong></span> <span class='ocrx_word' id='word_1_149' title='bbox 172 2205 306 2278; x_wconf 72' lang='lat' dir='ltr'><strong>habebor,</strong></span> <span class='ocrx_word' id='word_1_150' title='bbox 327 2212 465 2284; x_wconf 85' lang='lat' dir='ltr'><strong>tanquam</strong></span> <span class='ocrx_word' id='word_1_151' title='bbox 483 2201 606 2265; x_wconf 86' lang='lat' dir='ltr'><strong>morbus</strong></span> <span class='ocrx_word' id='word_1_152' title='bbox 625 2201 743 2283; x_wconf 88' lang='lat' dir='ltr'><strong>qnidam</strong></span> <span class='ocrx_word' id='word_1_153' title='bbox 758 2200 855 2262; x_wconf 88' lang='lat' dir='ltr'><strong>animi.</strong></span> <span class='ocrx_word' id='word_1_154' title='bbox 884 2201 994 2263; x_wconf 90' lang='lat' dir='ltr'><strong>Nostro</strong></span> <span class='ocrx_word' id='word_1_155' title='bbox 1017 2210 1113 2265; x_wconf 88' lang='lat' dir='ltr'><strong>autem</strong></span> <span class='ocrx_word' id='word_1_156' title='bbox 1133 2204 1201 2267; x_wconf 89' lang='lat' dir='ltr'><strong>loco</strong></span> <span class='ocrx_word' id='word_1_157' title='bbox 1220 2205 1266 2266; x_wconf 91' lang='lat' dir='ltr'><strong>in-</strong></span> 
     </span>
     <span class='ocr_line' id='line_1_18' title="bbox 116 2303 1267 2386; baseline 0.003 -20"><span class='ocrx_word' id='word_1_158' title='bbox 116 2315 207 2386; x_wconf 84' lang='lat' dir='ltr'><strong>eptum</strong></span> <span class='ocrx_word' id='word_1_159' title='bbox 233 2306 357 2369; x_wconf 81' lang='lat' dir='ltr'><strong>verbum</strong></span> <span class='ocrx_word' id='word_1_160' title='bbox 383 2324 450 2369; x_wconf 88' lang='lat' dir='ltr'><strong>csse</strong></span> <span class='ocrx_word' id='word_1_161' title='bbox 467 2323 571 2367; x_wconf 89' lang='lat' dir='ltr'><strong>omnes</strong></span> <span class='ocrx_word' id='word_1_162' title='bbox 593 2311 708 2384; x_wconf 86' lang='lat' dir='ltr'><strong>practer</strong></span> <span class='ocrx_word' id='word_1_163' title='bbox 728 2303 874 2366; x_wconf 83' lang='lat' dir='ltr'><strong>barisium</strong></span> <span class='ocrx_word' id='word_1_164' title='bbox 894 2314 1124 2379; x_wconf 88' lang='lat' dir='ltr'><strong>consenserunt,</strong></span> <span class='ocrx_word' id='word_1_165' title='bbox 1146 2317 1175 2369; x_wconf 89' lang='lat' dir='ltr'><strong>et</strong></span> <span class='ocrx_word' id='word_1_166' title='bbox 1189 2324 1227 2368; x_wconf 90' lang='lat' dir='ltr'><strong>nc</strong></span> <span class='ocrx_word' id='word_1_167' title='bbox 1241 2306 1267 2369; x_wconf 93' lang='lat' dir='ltr'><strong>is</strong></span> 
     </span>
     <span class='ocr_line' id='line_1_19' title="bbox 117 2406 1266 2490; baseline 0 -17"><span class='ocrx_word' id='word_1_168' title='bbox 117 2409 225 2488; x_wconf 85' lang='lat' dir='ltr'><strong>quidem</strong></span> <span class='ocrx_word' id='word_1_169' title='bbox 251 2410 392 2472; x_wconf 87' lang='lat' dir='ltr'><strong>incertam</strong></span> <span class='ocrx_word' id='word_1_170' title='bbox 418 2408 496 2490; x_wconf 88' lang='lat' dir='ltr'><strong>apud</strong></span> <span class='ocrx_word' id='word_1_171' title='bbox 516 2407 658 2470; x_wconf 86' lang='lat' dir='ltr'><strong>Senecam</strong></span> <span class='ocrx_word' id='word_1_172' title='bbox 677 2406 832 2469; x_wconf 85' lang='lat' dir='ltr'><strong>lectionem</strong></span> <span class='ocrx_word' id='word_1_173' title='bbox 851 2425 917 2469; x_wconf 88' lang='lat' dir='ltr'><strong>esse</strong></span> <span class='ocrx_word' id='word_1_174' title='bbox 942 2406 1117 2469; x_wconf 86' lang='lat' dir='ltr'><strong>dissimulat:</strong></span> <span class='ocrx_word' id='word_1_175' title='bbox 1144 2410 1266 2473; x_wconf 88' lang='lat' dir='ltr'><strong>namin</strong></span> 
     </span>
     <span class='ocr_line' id='line_1_20' title="bbox 117 2508 1266 2595; baseline 0.001 -22"><span class='ocrx_word' id='word_1_176' title='bbox 117 2530 170 2575; x_wconf 92' lang='lat' dir='ltr'><strong>ncn</strong></span> <span class='ocrx_word' id='word_1_177' title='bbox 184 2513 289 2595; x_wconf 86' lang='lat' dir='ltr'><strong>paucis</strong></span> <span class='ocrx_word' id='word_1_178' title='bbox 304 2511 453 2575; x_wconf 78' lang='lat' dir='ltr'><strong>codicibus</strong></span> <span class='ocrx_word' id='word_1_179' title='bbox 468 2527 595 2572; x_wconf 83' lang='lat' dir='ltr'><strong>exuere</strong></span> <span class='ocrx_word' id='word_1_180' title='bbox 610 2508 753 2588; x_wconf 83' lang='lat' dir='ltr'><strong>scriptum</strong></span> <span class='ocrx_word' id='word_1_181' title='bbox 768 2517 820 2581; x_wconf 88' lang='lat' dir='ltr'><strong>est,</strong></span> <span class='ocrx_word' id='word_1_182' title='bbox 835 2508 923 2588; x_wconf 87' lang='lat' dir='ltr'><strong>idque</strong></span> <span class='ocrx_word' id='word_1_183' title='bbox 942 2509 1119 2573; x_wconf 85' lang='lat' dir='ltr'><strong>recentiores</strong></span> <span class='ocrx_word' id='word_1_184' title='bbox 1139 2511 1266 2575; x_wconf 87' lang='lat' dir='ltr'><strong>editores</strong></span> 
     </span>
     <span class='ocr_line' id='line_1_21' title="bbox 115 2610 1266 2696; baseline 0.003 -21"><span class='ocrx_word' id='word_1_185' title='bbox 115 2622 291 2696; x_wconf 77' lang='lat' dir='ltr'><strong>receperunt.</strong></span> <span class='ocrx_word' id='word_1_186' title='bbox 334 2614 427 2694; x_wconf 75' lang='lat' dir='ltr'><strong>Atque</strong></span> <span class='ocrx_word' id='word_1_187' title='bbox 441 2614 500 2674; x_wconf 90' lang='lat' dir='ltr'><strong>boc</strong></span> <span class='ocrx_word' id='word_1_188' title='bbox 515 2613 612 2692; x_wconf 91' lang='lat' dir='ltr'><strong>ipsum</strong></span> <span class='ocrx_word' id='word_1_189' title='bbox 629 2610 776 2673; x_wconf 79' lang='lat' dir='ltr'><strong>exuendi</strong></span> <span class='ocrx_word' id='word_1_190' title='bbox 795 2610 915 2672; x_wconf 79' lang='lat' dir='ltr'><strong>verbnm</strong></span> <span class='ocrx_word' id='word_1_191' title='bbox 931 2611 1016 2673; x_wconf 88' lang='lat' dir='ltr'><strong>eliam</strong></span> <span class='ocrx_word' id='word_1_192' title='bbox 1033 2612 1063 2674; x_wconf 93' lang='lat' dir='ltr'><strong>in</strong></span> <span class='ocrx_word' id='word_1_193' title='bbox 1078 2614 1136 2675; x_wconf 90' lang='lat' dir='ltr'><strong>hoc</strong></span> <span class='ocrx_word' id='word_1_194' title='bbox 1149 2615 1266 2678; x_wconf 88' lang='lat' dir='ltr'><strong>Cicero-</strong></span> 
     </span>
     <span class='ocr_line' id='line_1_22' title="bbox 115 2714 1265 2793; baseline 0.002 -14"><span class='ocrx_word' id='word_1_195' title='bbox 115 2718 155 2779; x_wconf 85' lang='lat' dir='ltr'><strong>nis</strong></span> <span class='ocrx_word' id='word_1_196' title='bbox 168 2719 235 2781; x_wconf 92' lang='lat' dir='ltr'><strong>looo</strong></span> <span class='ocrx_word' id='word_1_197' title='bbox 251 2737 268 2779; x_wconf 89' lang='lat' dir='ltr'><strong>a</strong></span> <span class='ocrx_word' id='word_1_198' title='bbox 285 2715 401 2779; x_wconf 90' lang='lat' dir='ltr'><strong>duobus</strong></span> <span class='ocrx_word' id='word_1_199' title='bbox 416 2715 567 2777; x_wconf 86' lang='lat' dir='ltr'><strong>codicibus</strong></span> <span class='ocrx_word' id='word_1_200' title='bbox 583 2714 712 2777; x_wconf 85' lang='lat' dir='ltr'><strong>oblatum</strong></span> <span class='ocrx_word' id='word_1_201' title='bbox 731 2721 906 2793; x_wconf 86' lang='lat' dir='ltr'><strong>receperunt</strong></span> <span class='ocrx_word' id='word_1_202' title='bbox 923 2714 1057 2776; x_wconf 88' lang='lat' dir='ltr'><strong>bloserns</strong></span> <span class='ocrx_word' id='word_1_203' title='bbox 1076 2715 1106 2777; x_wconf 94' lang='lat' dir='ltr'><strong>in</strong></span> <span class='ocrx_word' id='word_1_204' title='bbox 1121 2719 1167 2780; x_wconf 89' lang='lat' dir='ltr'><strong>ed.</strong></span> <span class='ocrx_word' id='word_1_205' title='bbox 1183 2718 1265 2791; x_wconf 85' lang='lat' dir='ltr'><strong>min,</strong></span> 
     </span>
     <span class='ocr_line' id='line_1_23' title="bbox 114 2815 1265 2901; baseline 0.003 -21"><span class='ocrx_word' id='word_1_206' title='bbox 114 2818 231 2885; x_wconf 77' lang='lat' dir='ltr'><strong>Ossibus</strong></span> <span class='ocrx_word' id='word_1_207' title='bbox 246 2828 278 2882; x_wconf 90' lang='lat' dir='ltr'><strong>et</strong></span> <span class='ocrx_word' id='word_1_208' title='bbox 291 2837 386 2898; x_wconf 85' lang='lat' dir='ltr'><strong>nuper</strong></span> <span class='ocrx_word' id='word_1_209' title='bbox 400 2818 487 2881; x_wconf 86' lang='lat' dir='ltr'><strong>ctiam</strong></span> <span class='ocrx_word' id='word_1_210' title='bbox 503 2817 647 2880; x_wconf 86' lang='lat' dir='ltr'><strong>lllotzius:</strong></span> <span class='ocrx_word' id='word_1_211' title='bbox 663 2835 758 2897; x_wconf 89' lang='lat' dir='ltr'><strong>neque</strong></span> <span class='ocrx_word' id='word_1_212' title='bbox 772 2834 827 2895; x_wconf 82' lang='lat' dir='ltr'><strong>ego</strong></span> <span class='ocrx_word' id='word_1_213' title='bbox 836 2815 902 2877; x_wconf 90' lang='lat' dir='ltr'><strong>idin</strong></span> <span class='ocrx_word' id='word_1_214' title='bbox 910 2819 1009 2896; x_wconf 88' lang='lat' dir='ltr'><strong>priore</strong></span> <span class='ocrx_word' id='word_1_215' title='bbox 1021 2818 1149 2882; x_wconf 86' lang='lat' dir='ltr'><strong>editione</strong></span> <span class='ocrx_word' id='word_1_216' title='bbox 1160 2822 1265 2901; x_wconf 80' lang='lat' dir='ltr'><strong>sprevi.</strong></span> 
     </span>
     <span class='ocr_line' id='line_1_24' title="bbox 113 2917 1266 3003; baseline 0.003 -22"><span class='ocrx_word' id='word_1_217' title='bbox 113 2919 190 2985; x_wconf 88' lang='lat' dir='ltr'><strong>Nunc</strong></span> <span class='ocrx_word' id='word_1_218' title='bbox 207 2932 306 2985; x_wconf 87' lang='lat' dir='ltr'><strong>autem</strong></span> <span class='ocrx_word' id='word_1_219' title='bbox 326 2939 357 2982; x_wconf 91' lang='lat' dir='ltr'><strong>re</strong></span> <span class='ocrx_word' id='word_1_220' title='bbox 376 2920 539 2983; x_wconf 89' lang='lat' dir='ltr'><strong>accuratius</strong></span> <span class='ocrx_word' id='word_1_221' title='bbox 559 2919 740 2982; x_wconf 86' lang='lat' dir='ltr'><strong>considerato</strong></span> <span class='ocrx_word' id='word_1_222' title='bbox 760 2917 975 2997; x_wconf 88' lang='lat' dir='ltr'><strong>reprobandum</strong></span> <span class='ocrx_word' id='word_1_223' title='bbox 992 2938 1096 2983; x_wconf 90' lang='lat' dir='ltr'><strong>censeo</strong></span> <span class='ocrx_word' id='word_1_224' title='bbox 1112 2935 1266 3003; x_wconf 88' lang='lat' dir='ltr'><strong>propterca</strong></span> 
     </span>
     <span class='ocr_line' id='line_1_25' title="bbox 114 3020 1265 3103; baseline 0.001 -16"><span class='ocrx_word' id='word_1_225' title='bbox 114 3025 185 3103; x_wconf 86' lang='lat' dir='ltr'><strong>qnod</strong></span> <span class='ocrx_word' id='word_1_226' title='bbox 206 3042 312 3087; x_wconf 84' lang='lat' dir='ltr'><strong>exuare</strong></span> <span class='ocrx_word' id='word_1_227' title='bbox 327 3022 445 3103; x_wconf 89' lang='lat' dir='ltr'><strong>quidem</strong></span> <span class='ocrx_word' id='word_1_228' title='bbox 460 3022 587 3101; x_wconf 81' lang='lat' dir='ltr'><strong>aliquam</strong></span> <span class='ocrx_word' id='word_1_229' title='bbox 604 3021 773 3102; x_wconf 90' lang='lat' dir='ltr'><strong>opinionem</strong></span> <span class='ocrx_word' id='word_1_230' title='bbox 790 3020 815 3082; x_wconf 93' lang='lat' dir='ltr'><strong>is</strong></span> <span class='ocrx_word' id='word_1_231' title='bbox 831 3021 908 3101; x_wconf 89' lang='lat' dir='ltr'><strong>ipse,</strong></span> <span class='ocrx_word' id='word_1_232' title='bbox 923 3021 1006 3084; x_wconf 89' lang='lat' dir='ltr'><strong>cuius</strong></span> <span class='ocrx_word' id='word_1_233' title='bbox 1021 3042 1055 3085; x_wconf 88' lang='lat' dir='ltr'><strong>ea</strong></span> <span class='ocrx_word' id='word_1_234' title='bbox 1070 3030 1127 3098; x_wconf 88' lang='lat' dir='ltr'><strong>est,</strong></span> <span class='ocrx_word' id='word_1_235' title='bbox 1142 3043 1203 3088; x_wconf 90' lang='lat' dir='ltr'><strong>non</strong></span> <span class='ocrx_word' id='word_1_236' title='bbox 1220 3026 1265 3087; x_wconf 94' lang='lat' dir='ltr'><strong>in-</strong></span> 
     </span>
    </p>
   </div>
   <div class='ocr_carea' id='block_1_3' title="bbox 23 3123 1266 3304">
    <p class='ocr_par' dir='ltr' id='par_1_3' title="bbox 23 3123 1266 3304">
     <span class='ocr_line' id='line_1_26' title="bbox 23 3123 1265 3208; baseline 0.007 -26"><span class='ocrx_word' id='word_1_237' title='bbox 23 3140 24 3145; x_wconf 51' lang='lat'><em>*</em></span> <span class='ocrx_word' id='word_1_238' title='bbox 114 3134 174 3205; x_wconf 87' lang='lat' dir='ltr'><strong>epte</strong></span> <span class='ocrx_word' id='word_1_239' title='bbox 187 3127 304 3199; x_wconf 90' lang='lat' dir='ltr'><strong>dicitur,</strong></span> <span class='ocrx_word' id='word_1_240' title='bbox 319 3124 569 3207; x_wconf 87' lang='lat' dir='ltr'><strong>quomadmodum</strong></span> <span class='ocrx_word' id='word_1_241' title='bbox 584 3123 796 3203; x_wconf 88' lang='lat' dir='ltr'><strong>obsequium</strong></span> <span class='ocrx_word' id='word_1_242' title='bbox 812 3142 941 3185; x_wconf 81' lang='lat' dir='ltr'><strong>enuere</strong></span> <span class='ocrx_word' id='word_1_243' title='bbox 953 3125 1031 3208; x_wconf 90' lang='lat' dir='ltr'><strong>apud</strong></span> <span class='ocrx_word' id='word_1_244' title='bbox 1044 3125 1178 3188; x_wconf 87' lang='lat' dir='ltr'><strong>Tacitum</strong></span> <span class='ocrx_word' id='word_1_245' title='bbox 1190 3128 1265 3191; x_wconf 78' lang='lat' dir='ltr'><strong>dnn.</strong></span> 
     </span>
     <span class='ocr_line' id='line_1_27' title="bbox 23 3220 1266 3304; baseline 0.005 -17"><span class='ocrx_word' id='word_1_246' title='bbox 23 3220 25 3245; x_wconf 89' lang='lat'>&#39;</span> <span class='ocrx_word' id='word_1_247' title='bbox 112 3226 158 3301; x_wconf 95' lang='lat' dir='ltr'><strong>lll,</strong></span> <span class='ocrx_word' id='word_1_248' title='bbox 186 3230 234 3293; x_wconf 85' lang='lat'><strong>13.</strong></span> <span class='ocrx_word' id='word_1_249' title='bbox 259 3228 412 3290; x_wconf 80' lang='lat' dir='ltr'><strong>virtutes</strong></span> <span class='ocrx_word' id='word_1_250' title='bbox 433 3244 561 3288; x_wconf 87' lang='lat' dir='ltr'><strong>exuere</strong></span> <span class='ocrx_word' id='word_1_251' title='bbox 580 3227 654 3287; x_wconf 81' lang='lat' dir='ltr'><strong>dnn.</strong></span> <span class='ocrx_word' id='word_1_252' title='bbox 675 3225 701 3299; x_wconf 90' lang='grc' dir='ltr'><strong>Ι,</strong></span> <span class='ocrx_word' id='word_1_253' title='bbox 724 3226 774 3287; x_wconf 82' lang='grc'><strong>75.</strong></span> <span class='ocrx_word' id='word_1_254' title='bbox 796 3226 879 3288; x_wconf 87' lang='lat' dir='ltr'><strong>vitia</strong></span> <span class='ocrx_word' id='word_1_255' title='bbox 899 3246 1025 3290; x_wconf 82' lang='lat' dir='ltr'><strong>exuero</strong></span> <span class='ocrx_word' id='word_1_256' title='bbox 1044 3229 1118 3290; x_wconf 85' lang='lat' dir='ltr'><strong>dnn.</strong></span> <span class='ocrx_word' id='word_1_257' title='bbox 1140 3229 1189 3304; x_wconf 85' lang='lat' dir='ltr'><strong>Vl,</strong></span> <span class='ocrx_word' id='word_1_258' title='bbox 1215 3230 1266 3294; x_wconf 68' lang='lat' dir='ltr'><strong>lb,</strong></span> 
     </span>
    </p>
   </div>
   <div class='ocr_carea' id='block_1_4' title="bbox 112 3327 1268 4534">
    <p class='ocr_par' dir='ltr' id='par_1_4' title="bbox 112 3327 1268 4534">
     <span class='ocr_line' id='line_1_28' title="bbox 113 3327 1267 3413; baseline 0.004 -25"><span class='ocrx_word' id='word_1_259' title='bbox 113 3329 217 3413; x_wconf 84' lang='lat' dir='ltr'><strong>aliaque</strong></span> <span class='ocrx_word' id='word_1_260' title='bbox 232 3331 348 3404; x_wconf 89' lang='lat' dir='ltr'><strong>similia,</strong></span> <span class='ocrx_word' id='word_1_261' title='bbox 363 3330 415 3392; x_wconf 92' lang='lat' dir='ltr'><strong>ubi</strong></span> <span class='ocrx_word' id='word_1_262' title='bbox 431 3329 514 3409; x_wconf 87' lang='lat' dir='ltr'><strong>quasi</strong></span> <span class='ocrx_word' id='word_1_263' title='bbox 530 3327 647 3408; x_wconf 87' lang='lat' dir='ltr'><strong>quidam</strong></span> <span class='ocrx_word' id='word_1_264' title='bbox 662 3327 779 3392; x_wconf 87' lang='lat' dir='ltr'><strong>habitus</strong></span> <span class='ocrx_word' id='word_1_265' title='bbox 795 3329 974 3410; x_wconf 77' lang='lat' dir='ltr'><strong>intelligitur:</strong></span> <span class='ocrx_word' id='word_1_266' title='bbox 990 3340 1101 3392; x_wconf 79' lang='lat' dir='ltr'><strong>atvero</strong></span> <span class='ocrx_word' id='word_1_267' title='bbox 1118 3351 1156 3393; x_wconf 86' lang='lat' dir='ltr'><strong>ox</strong></span> <span class='ocrx_word' id='word_1_268' title='bbox 1167 3333 1200 3393; x_wconf 90' lang='lat' dir='ltr'><strong>ui</strong></span> <span class='ocrx_word' id='word_1_269' title='bbox 1215 3332 1267 3393; x_wconf 88' lang='lat' dir='ltr'><strong>ri·</strong></span> 
     </span>
     <span class='ocr_line' id='line_1_29' title="bbox 113 3430 1268 3513; baseline 0.004 -22"><span class='ocrx_word' id='word_1_270' title='bbox 113 3432 154 3493; x_wconf 89' lang='lat' dir='ltr'><strong>tia</strong></span> <span class='ocrx_word' id='word_1_271' title='bbox 173 3454 212 3496; x_wconf 85' lang='lat' dir='ltr'><strong>ex</strong></span> <span class='ocrx_word' id='word_1_272' title='bbox 227 3433 349 3513; x_wconf 90' lang='lat' dir='ltr'><strong>aliquo</strong></span> <span class='ocrx_word' id='word_1_273' title='bbox 364 3450 427 3493; x_wconf 92' lang='lat' dir='ltr'><strong>non</strong></span> <span class='ocrx_word' id='word_1_274' title='bbox 447 3431 539 3510; x_wconf 78' lang='lat' dir='ltr'><strong>magis</strong></span> <span class='ocrx_word' id='word_1_275' title='bbox 559 3430 615 3493; x_wconf 93' lang='lat' dir='ltr'><strong>dici</strong></span> <span class='ocrx_word' id='word_1_276' title='bbox 632 3440 772 3509; x_wconf 91' lang='lat' dir='ltr'><strong>possunt,</strong></span> <span class='ocrx_word' id='word_1_277' title='bbox 793 3450 881 3511; x_wconf 87' lang='lat' dir='ltr'><strong>quam</strong></span> <span class='ocrx_word' id='word_1_278' title='bbox 901 3432 1018 3494; x_wconf 87' lang='lat' dir='ltr'><strong>babitus</strong></span> <span class='ocrx_word' id='word_1_279' title='bbox 1039 3452 1075 3495; x_wconf 81' lang='lat' dir='ltr'><strong>ex</strong></span> <span class='ocrx_word' id='word_1_280' title='bbox 1089 3434 1185 3513; x_wconf 91' lang='lat' dir='ltr'><strong>aliquo</strong></span> <span class='ocrx_word' id='word_1_281' title='bbox 1201 3435 1268 3496; x_wconf 81' lang='lat' dir='ltr'><strong>exui</strong></span> 
     </span>
     <span class='ocr_line' id='line_1_30' title="bbox 113 3532 1267 3615; baseline 0 -18"><span class='ocrx_word' id='word_1_282' title='bbox 113 3532 219 3598; x_wconf 81' lang='lat' dir='ltr'><strong>dicitur.</strong></span> <span class='ocrx_word' id='word_1_283' title='bbox 250 3535 352 3615; x_wconf 85' lang='lat' dir='ltr'><strong>Neque</strong></span> <span class='ocrx_word' id='word_1_284' title='bbox 366 3533 459 3614; x_wconf 79' lang='lat' dir='ltr'><strong>magis</strong></span> <span class='ocrx_word' id='word_1_285' title='bbox 474 3533 591 3614; x_wconf 87' lang='lat' dir='ltr'><strong>probari</strong></span> <span class='ocrx_word' id='word_1_286' title='bbox 607 3540 705 3613; x_wconf 88' lang='lat' dir='ltr'><strong>potest</strong></span> <span class='ocrx_word' id='word_1_287' title='bbox 718 3533 841 3595; x_wconf 81' lang='lat' dir='ltr'><strong>verbum</strong></span> <span class='ocrx_word' id='word_1_288' title='bbox 856 3533 966 3609; x_wconf 72' lang='lat' dir='ltr'><strong>exire,</strong></span> <span class='ocrx_word' id='word_1_289' title='bbox 982 3536 1062 3614; x_wconf 92' lang='lat' dir='ltr'><strong>quod</strong></span> <span class='ocrx_word' id='word_1_290' title='bbox 1078 3534 1267 3599; x_wconf 88' lang='lat' dir='ltr'><strong>Heindorlius</strong></span> 
     </span>
     <span class='ocr_line' id='line_1_31' title="bbox 113 3635 1266 3733; baseline 0.004 -38"><span class='ocrx_word' id='word_1_291' title='bbox 113 3636 341 3719; x_wconf 77' lang='lat' dir='ltr'><strong>cliebdigerano</strong></span> <span class='ocrx_word' id='word_1_292' title='bbox 356 3646 385 3699; x_wconf 83' lang='lat' dir='ltr'><strong>ct</strong></span> <span class='ocrx_word' id='word_1_293' title='bbox 398 3635 582 3716; x_wconf 78' lang='lat' dir='ltr'><strong>Glogavicnsi</strong></span> <span class='ocrx_word' id='word_1_294' title='bbox 598 3635 707 3711; x_wconf 77' lang='lat' dir='ltr'><strong>aseivit,</strong></span> <span class='ocrx_word' id='word_1_295' title='bbox 723 3654 817 3716; x_wconf 90' lang='lat' dir='ltr'><strong>eoque</strong></span> <span class='ocrx_word' id='word_1_296' title='bbox 828 3655 918 3699; x_wconf 85' lang='lat' dir='ltr'><strong>sensu</strong></span> <span class='ocrx_word' id='word_1_297' title='bbox 929 3638 1020 3717; x_wconf 87' lang='lat' dir='ltr'><strong>accipi</strong></span> <span class='ocrx_word' id='word_1_298' title='bbox 1032 3637 1100 3711; x_wconf 86' lang='lat' dir='ltr'><strong>vult,</strong></span> <span class='ocrx_word' id='word_1_299' title='bbox 1115 3656 1174 3733; x_wconf 78' lang='lat' dir='ltr'><strong>qqo</strong></span> <span class='ocrx_word' id='word_1_300' title='bbox 1189 3640 1266 3719; x_wconf 88' lang='lat' dir='ltr'><strong>apud</strong></span> 
     </span>
     <span class='ocr_line' id='line_1_32' title="bbox 113 3736 1266 3815; baseline 0.002 -14"><span class='ocrx_word' id='word_1_301' title='bbox 113 3736 260 3815; x_wconf 85' lang='lat' dir='ltr'><strong>Senecam,</strong></span> <span class='ocrx_word' id='word_1_302' title='bbox 276 3740 312 3802; x_wconf 91' lang='lat' dir='ltr'><strong>de</strong></span> <span class='ocrx_word' id='word_1_303' title='bbox 327 3740 420 3802; x_wconf 85' lang='lat' dir='ltr'><strong>benel.</strong></span> <span class='ocrx_word' id='word_1_304' title='bbox 436 3739 484 3813; x_wconf 87' lang='lat' dir='ltr'><strong>Ill,</strong></span> <span class='ocrx_word' id='word_1_305' title='bbox 500 3737 550 3811; x_wconf 83' lang='lat'><strong>38,</strong></span> <span class='ocrx_word' id='word_1_306' title='bbox 564 3757 581 3799; x_wconf 88' lang='lat' dir='ltr'><strong>c</strong></span> <span class='ocrx_word' id='word_1_307' title='bbox 595 3739 764 3801; x_wconf 87' lang='lat' dir='ltr'><strong>momoria</strong></span> <span class='ocrx_word' id='word_1_308' title='bbox 781 3739 964 3801; x_wconf 91' lang='lat' dir='ltr'><strong>homiuum</strong></span> <span class='ocrx_word' id='word_1_309' title='bbox 981 3740 1076 3801; x_wconf 78' lang='lat' dir='ltr'><strong>exiro</strong></span> <span class='ocrx_word' id='word_1_310' title='bbox 1090 3739 1200 3802; x_wconf 87' lang='lat' dir='ltr'><strong>dictum</strong></span> <span class='ocrx_word' id='word_1_311' title='bbox 1212 3750 1266 3805; x_wconf 87' lang='lat' dir='ltr'><strong>est</strong></span> 
     </span>
     <span class='ocr_line' id='line_1_33' title="bbox 113 3838 1266 3919; baseline 0.005 -18"><span class='ocrx_word' id='word_1_312' title='bbox 113 3838 182 3905; x_wconf 86' lang='lat' dir='ltr'><strong>Nam</strong></span> <span class='ocrx_word' id='word_1_313' title='bbox 196 3861 252 3907; x_wconf 90' lang='lat' dir='ltr'><strong>nec</strong></span> <span class='ocrx_word' id='word_1_314' title='bbox 266 3842 377 3904; x_wconf 85' lang='lat' dir='ltr'><strong>Seneca</strong></span> <span class='ocrx_word' id='word_1_315' title='bbox 392 3841 513 3903; x_wconf 86' lang='lat' dir='ltr'><strong>verbum</strong></span> <span class='ocrx_word' id='word_1_316' title='bbox 528 3840 624 3903; x_wconf 92' lang='lat' dir='ltr'><strong>solum</strong></span> <span class='ocrx_word' id='word_1_317' title='bbox 640 3841 746 3914; x_wconf 82' lang='lat' dir='ltr'><strong>exiro,</strong></span> <span class='ocrx_word' id='word_1_318' title='bbox 766 3859 828 3904; x_wconf 92' lang='lat' dir='ltr'><strong>non</strong></span> <span class='ocrx_word' id='word_1_319' title='bbox 843 3841 940 3903; x_wconf 86' lang='lat' dir='ltr'><strong>addito</strong></span> <span class='ocrx_word' id='word_1_320' title='bbox 956 3841 1005 3903; x_wconf 92' lang='lat' dir='ltr'><strong>illo</strong></span> <span class='ocrx_word' id='word_1_321' title='bbox 1021 3861 1062 3904; x_wconf 85' lang='lat' dir='ltr'><strong>ex</strong></span> <span class='ocrx_word' id='word_1_322' title='bbox 1082 3844 1266 3919; x_wconf 90' lang='lat' dir='ltr'><strong>memoria,</strong></span> 
     </span>
     <span class='ocr_line' id='line_1_34' title="bbox 113 3943 1267 4027; baseline 0.007 -24"><span class='ocrx_word' id='word_1_323' title='bbox 113 3958 250 4024; x_wconf 82' lang='lat' dir='ltr'><strong>usurpare</strong></span> <span class='ocrx_word' id='word_1_324' title='bbox 265 3945 410 4024; x_wconf 88' lang='lat' dir='ltr'><strong>potuisset</strong></span> <span class='ocrx_word' id='word_1_325' title='bbox 425 3944 461 4009; x_wconf 84' lang='lat' dir='ltr'><strong>ds</strong></span> <span class='ocrx_word' id='word_1_326' title='bbox 476 3964 528 4019; x_wconf 89' lang='lat' dir='ltr'><strong>eo,</strong></span> <span class='ocrx_word' id='word_1_327' title='bbox 544 3944 624 4025; x_wconf 91' lang='lat' dir='ltr'><strong>qnod</strong></span> <span class='ocrx_word' id='word_1_328' title='bbox 639 3943 722 4007; x_wconf 86' lang='lat' dir='ltr'><strong>alicui</strong></span> <span class='ocrx_word' id='word_1_329' title='bbox 738 3944 886 4006; x_wconf 86' lang='lat' dir='ltr'><strong>exanimo</strong></span> <span class='ocrx_word' id='word_1_330' title='bbox 902 3944 1001 4019; x_wconf 83' lang='lat' dir='ltr'><strong>eliluit,</strong></span> <span class='ocrx_word' id='word_1_331' title='bbox 1018 3945 1045 4006; x_wconf 92' lang='lat' dir='ltr'><strong>b.</strong></span> <span class='ocrx_word' id='word_1_332' title='bbox 1063 3965 1088 4006; x_wconf 89' lang='lat' dir='ltr'><strong>c.</strong></span> <span class='ocrx_word' id='word_1_333' title='bbox 1106 3946 1185 4026; x_wconf 91' lang='lat' dir='ltr'><strong>quod</strong></span> <span class='ocrx_word' id='word_1_334' title='bbox 1201 3949 1267 4027; x_wconf 88' lang='lat' dir='ltr'><strong>quis</strong></span> 
     </span>
     <span class='ocr_line' id='line_1_35' title="bbox 113 4043 1267 4128; baseline 0.006 -25"><span class='ocrx_word' id='word_1_335' title='bbox 113 4043 301 4121; x_wconf 79' lang='lat' dir='ltr'><strong>obliviscitur,</strong></span> <span class='ocrx_word' id='word_1_336' title='bbox 321 4065 415 4128; x_wconf 89' lang='lat' dir='ltr'><strong>noque</strong></span> <span class='ocrx_word' id='word_1_337' title='bbox 434 4047 512 4126; x_wconf 89' lang='lat' dir='ltr'><strong>apud</strong></span> <span class='ocrx_word' id='word_1_338' title='bbox 525 4046 696 4109; x_wconf 86' lang='lat' dir='ltr'><strong>Ciceronem</strong></span> <span class='ocrx_word' id='word_1_339' title='bbox 711 4046 796 4108; x_wconf 88' lang='lat' dir='ltr'><strong>Cotta</strong></span> <span class='ocrx_word' id='word_1_340' title='bbox 811 4083 853 4092; x_wconf 94' lang='lat'><strong>—</strong></span> <span class='ocrx_word' id='word_1_341' title='bbox 868 4047 893 4108; x_wconf 95' lang='lat' dir='ltr'><strong>is</strong></span> <span class='ocrx_word' id='word_1_342' title='bbox 913 4046 991 4109; x_wconf 90' lang='lat' dir='ltr'><strong>onim</strong></span> <span class='ocrx_word' id='word_1_343' title='bbox 1011 4046 1140 4127; x_wconf 86' lang='lat' dir='ltr'><strong>loquitur</strong></span> <span class='ocrx_word' id='word_1_344' title='bbox 1155 4083 1196 4095; x_wconf 90' lang='lat'><em>-</em></span> <span class='ocrx_word' id='word_1_345' title='bbox 1210 4049 1267 4113; x_wconf 90' lang='lat' dir='ltr'><strong>boc</strong></span> 
     </span>
     <span class='ocr_line' id='line_1_36' title="bbox 112 4144 1266 4231; baseline 0.003 -23"><span class='ocrx_word' id='word_1_346' title='bbox 112 4144 216 4210; x_wconf 74' lang='lat' dir='ltr'><strong>dcere:</strong></span> <span class='ocrx_word' id='word_1_347' title='bbox 231 4166 294 4210; x_wconf 92' lang='lat' dir='ltr'><strong>non</strong></span> <span class='ocrx_word' id='word_1_348' title='bbox 310 4149 372 4211; x_wconf 87' lang='lat' dir='ltr'><strong>lore</strong></span> <span class='ocrx_word' id='word_1_349' title='bbox 388 4157 420 4210; x_wconf 91' lang='lat' dir='ltr'><strong>ut</strong></span> <span class='ocrx_word' id='word_1_350' title='bbox 435 4149 652 4212; x_wconf 80' lang='lat' dir='ltr'><strong>oblivisceretur</strong></span> <span class='ocrx_word' id='word_1_351' title='bbox 662 4147 818 4224; x_wconf 75' lang='lat' dir='ltr'><strong>demessae,</strong></span> <span class='ocrx_word' id='word_1_352' title='bbox 833 4149 885 4212; x_wconf 91' lang='lat' dir='ltr'><strong>sed</strong></span> <span class='ocrx_word' id='word_1_353' title='bbox 900 4150 970 4212; x_wconf 92' lang='lat' dir='ltr'><strong>illud</strong></span> <span class='ocrx_word' id='word_1_354' title='bbox 984 4150 1099 4231; x_wconf 90' lang='lat' dir='ltr'><strong>potins:</strong></span> <span class='ocrx_word' id='word_1_355' title='bbox 1115 4168 1266 4231; x_wconf 86' lang='lat' dir='ltr'><strong>nunquam</strong></span> 
     </span>
     <span class='ocr_line' id='line_1_37' title="bbox 112 4250 1267 4333; baseline 0.003 -23"><span class='ocrx_word' id='word_1_356' title='bbox 112 4265 141 4310; x_wconf 80' lang='lat' dir='ltr'><strong>se</strong></span> <span class='ocrx_word' id='word_1_357' title='bbox 153 4268 312 4329; x_wconf 86' lang='lat' dir='ltr'><strong>passurum</strong></span> <span class='ocrx_word' id='word_1_358' title='bbox 326 4252 403 4313; x_wconf 88' lang='lat' dir='ltr'><strong>banc</strong></span> <span class='ocrx_word' id='word_1_359' title='bbox 417 4250 473 4312; x_wconf 92' lang='lat' dir='ltr'><strong>sibi</strong></span> <span class='ocrx_word' id='word_1_360' title='bbox 487 4251 710 4331; x_wconf 87' lang='lat' dir='ltr'><strong>persuasionem</strong></span> <span class='ocrx_word' id='word_1_361' title='bbox 725 4251 760 4314; x_wconf 87' lang='lat' dir='ltr'><strong>ab</strong></span> <span class='ocrx_word' id='word_1_362' title='bbox 776 4252 871 4333; x_wconf 86' lang='lat' dir='ltr'><strong>aliquo</strong></span> <span class='ocrx_word' id='word_1_363' title='bbox 887 4271 920 4313; x_wconf 82' lang='lat' dir='ltr'><strong>ex</strong></span> <span class='ocrx_word' id='word_1_364' title='bbox 936 4253 1034 4314; x_wconf 87' lang='lat' dir='ltr'><strong>animo</strong></span> <span class='ocrx_word' id='word_1_365' title='bbox 1050 4251 1140 4314; x_wconf 80' lang='lat' dir='ltr'><strong>evelli.</strong></span> <span class='ocrx_word' id='word_1_366' title='bbox 1167 4252 1267 4333; x_wconf 82' lang='lat' dir='ltr'><strong>ltaque</strong></span> 
     </span>
     <span class='ocr_line' id='line_1_38' title="bbox 112 4353 1267 4434; baseline 0.002 -21"><span class='ocrx_word' id='word_1_367' title='bbox 112 4368 199 4428; x_wconf 67' lang='lat' dir='ltr'><strong>(quum</strong></span> <span class='ocrx_word' id='word_1_368' title='bbox 219 4362 319 4433; x_wconf 84' lang='lat' dir='ltr'><strong>aptum</strong></span> <span class='ocrx_word' id='word_1_369' title='bbox 340 4353 409 4415; x_wconf 90' lang='lat' dir='ltr'><strong>buic</strong></span> <span class='ocrx_word' id='word_1_370' title='bbox 428 4354 587 4418; x_wconf 84' lang='lat' dir='ltr'><strong>sentcntiae</strong></span> <span class='ocrx_word' id='word_1_371' title='bbox 612 4353 731 4416; x_wconf 84' lang='lat' dir='ltr'><strong>verbum</strong></span> <span class='ocrx_word' id='word_1_372' title='bbox 760 4354 926 4417; x_wconf 88' lang='lat' dir='ltr'><strong>coniectura</strong></span> <span class='ocrx_word' id='word_1_373' title='bbox 953 4355 1153 4434; x_wconf 88' lang='lat' dir='ltr'><strong>quaerendum</strong></span> <span class='ocrx_word' id='word_1_374' title='bbox 1180 4364 1267 4428; x_wconf 88' lang='lat' dir='ltr'><strong>esset,</strong></span> 
     </span>
     <span class='ocr_line' id='line_1_39' title="bbox 113 4453 1266 4534; baseline 0.004 -21"><span class='ocrx_word' id='word_1_375' title='bbox 113 4469 163 4530; x_wconf 78' lang='lat' dir='ltr'><strong>ego</strong></span> <span class='ocrx_word' id='word_1_376' title='bbox 190 4453 307 4533; x_wconf 86' lang='lat' dir='ltr'><strong>quidem</strong></span> <span class='ocrx_word' id='word_1_377' title='bbox 332 4454 434 4517; x_wconf 82' lang='lat' dir='ltr'><strong>eximi</strong></span> <span class='ocrx_word' id='word_1_378' title='bbox 461 4475 476 4518; x_wconf 88' lang='lat' dir='ltr'><strong>a</strong></span> <span class='ocrx_word' id='word_1_379' title='bbox 497 4454 636 4516; x_wconf 78' lang='lat' dir='ltr'><strong>Cicerone</strong></span> <span class='ocrx_word' id='word_1_380' title='bbox 656 4456 797 4534; x_wconf 89' lang='lat' dir='ltr'><strong>scriptum</strong></span> <span class='ocrx_word' id='word_1_381' title='bbox 818 4474 884 4515; x_wconf 85' lang='lat' dir='ltr'><strong>esse</strong></span> <span class='ocrx_word' id='word_1_382' title='bbox 904 4456 1069 4534; x_wconf 87' lang='lat' dir='ltr'><strong>suspicatus</strong></span> <span class='ocrx_word' id='word_1_383' title='bbox 1085 4474 1165 4525; x_wconf 86' lang='lat' dir='ltr'><strong>sum,</strong></span> <span class='ocrx_word' id='word_1_384' title='bbox 1186 4456 1266 4533; x_wconf 78' lang='lat' dir='ltr'><strong>qnsod</strong></span> 
     </span>
    </p>
   </div>
   <div class='ocr_carea' id='block_1_5' title="bbox 0 0 1582 5138">
    <p class='ocr_par' dir='ltr' id='par_1_5' title="bbox 0 0 1582 5138">
     <span class='ocr_line' id='line_1_40' title="bbox 0 0 1582 5138; baseline 0 2"><span class='ocrx_word' id='word_1_385' title='bbox 0 0 1582 5138; x_wconf 95' lang='lat' dir='ltr'><strong> </strong></span> 
     </span>
    </p>
   </div>
  </div>
 </body>
</html>
