<?xml version="1.0" encoding="UTF-8"?>
<!DOCTYPE html PUBLIC "-//W3C//DTD XHTML 1.0 Transitional//EN"
    "http://www.w3.org/TR/xhtml1/DTD/xhtml1-transitional.dtd">
<html xmlns="http://www.w3.org/1999/xhtml" xml:lang="en" lang="en">
 <head>
  <title>
</title>
<meta http-equiv="Content-Type" content="text/html;charset=utf-8" />
  <meta name='ocr-system' content='tesseract 3.04.00' />
  <meta name='ocr-capabilities' content='ocr_page ocr_carea ocr_par ocr_line ocrx_word'/>
</head>
<body>
  <div class='ocr_page' id='page_1' title='image "./opusculaacademi00schogoog_0517.png"; bbox 0 0 3290 5142; ppageno 0'>
   <div class='ocr_carea' id='block_1_1' title="bbox 270 464 300 512">
    <p class='ocr_par' dir='ltr' id='par_1_1' title="bbox 270 464 300 512">
     <span class='ocr_line' id='line_1_1' title="bbox 270 464 300 512; baseline 0.1 -3"><span class='ocrx_word' id='word_1_1' title='bbox 270 464 300 512; x_wconf 81' lang='lat' dir='ltr'>vt</span> 
     </span>
    </p>
   </div>
   <div class='ocr_carea' id='block_1_2' title="bbox 269 614 1437 3680">
    <p class='ocr_par' dir='ltr' id='par_1_2' title="bbox 269 614 1437 3680">
     <span class='ocr_line' id='line_1_2' title="bbox 274 614 1437 698; baseline 0.001 -20"><span class='ocrx_word' id='word_1_2' title='bbox 274 616 466 679; x_wconf 84' lang='lat' dir='ltr'>vehementer</span> <span class='ocrx_word' id='word_1_3' title='bbox 486 635 503 679; x_wconf 90' lang='lat' dir='ltr'>a</span> <span class='ocrx_word' id='word_1_4' title='bbox 524 633 573 677; x_wconf 91' lang='lat' dir='ltr'>me</span> <span class='ocrx_word' id='word_1_5' title='bbox 588 614 751 698; x_wconf 88' lang='lat' dir='ltr'>improbari</span> <span class='ocrx_word' id='word_1_6' title='bbox 767 631 828 676; x_wconf 94' lang='lat' dir='ltr'>non</span> <span class='ocrx_word' id='word_1_7' title='bbox 843 633 937 696; x_wconf 90' lang='lat' dir='ltr'>aequo</span> <span class='ocrx_word' id='word_1_8' title='bbox 952 615 1052 678; x_wconf 89' lang='lat' dir='ltr'>animo</span> <span class='ocrx_word' id='word_1_9' title='bbox 1066 615 1187 678; x_wconf 82' lang='lat' dir='ltr'>ferrent.</span> <span class='ocrx_word' id='word_1_10' title='bbox 1217 614 1300 677; x_wconf 86' lang='lat' dir='ltr'>Hanc</span> <span class='ocrx_word' id='word_1_11' title='bbox 1314 615 1352 678; x_wconf 93' lang='lat' dir='ltr'>ob</span> <span class='ocrx_word' id='word_1_12' title='bbox 1368 634 1437 679; x_wconf 87' lang='lat' dir='ltr'>cau·</span> 
     </span>
     <span class='ocr_line' id='line_1_3' title="bbox 274 717 1436 800; baseline 0 -20"><span class='ocrx_word' id='word_1_13' title='bbox 274 736 337 781; x_wconf 87' lang='lat' dir='ltr'>sam</span> <span class='ocrx_word' id='word_1_14' title='bbox 353 736 407 800; x_wconf 91' lang='lat' dir='ltr'>pro</span> <span class='ocrx_word' id='word_1_15' title='bbox 422 736 476 780; x_wconf 87' lang='lat' dir='ltr'>sua</span> <span class='ocrx_word' id='word_1_16' title='bbox 487 717 657 781; x_wconf 89' lang='lat' dir='ltr'>liberalitate</span> <span class='ocrx_word' id='word_1_17' title='bbox 674 717 824 779; x_wconf 91' lang='lat' dir='ltr'>silentium</span> <span class='ocrx_word' id='word_1_18' title='bbox 840 717 914 779; x_wconf 92' lang='lat' dir='ltr'>mibi</span> <span class='ocrx_word' id='word_1_19' title='bbox 928 717 1140 800; x_wconf 88' lang='lat' dir='ltr'>imponendum</span> <span class='ocrx_word' id='word_1_20' title='bbox 1156 725 1187 780; x_wconf 88' lang='lat' dir='ltr'>et</span> <span class='ocrx_word' id='word_1_21' title='bbox 1198 735 1353 781; x_wconf 76' lang='lat' dir='ltr'><strong>censorem</strong></span> <span class='ocrx_word' id='word_1_22' title='bbox 1363 737 1436 781; x_wconf 91' lang='lat' dir='ltr'>con·</span> 
     </span>
     <span class='ocr_line' id='line_1_4' title="bbox 272 820 1436 902; baseline 0 -18"><span class='ocrx_word' id='word_1_23' title='bbox 272 821 453 884; x_wconf 88' lang='lat' dir='ltr'>stituendum</span> <span class='ocrx_word' id='word_1_24' title='bbox 475 839 540 882; x_wconf 88' lang='lat' dir='ltr'>esse</span> <span class='ocrx_word' id='word_1_25' title='bbox 560 820 766 895; x_wconf 82' lang='lat' dir='ltr'>decreverunt,</span> <span class='ocrx_word' id='word_1_26' title='bbox 788 820 884 901; x_wconf 89' lang='lat' dir='ltr'>quisi</span> <span class='ocrx_word' id='word_1_27' title='bbox 903 820 972 902; x_wconf 92' lang='lat' dir='ltr'>quid</span> <span class='ocrx_word' id='word_1_28' title='bbox 996 827 1113 883; x_wconf 88' lang='lat' dir='ltr'>teneras</span> <span class='ocrx_word' id='word_1_29' title='bbox 1127 821 1290 883; x_wconf 89' lang='lat' dir='ltr'>liberalium</span> <span class='ocrx_word' id='word_1_30' title='bbox 1305 822 1436 884; x_wconf 78' lang='lat' dir='ltr'>virorum</span> 
     </span>
     <span class='ocr_line' id='line_1_5' title="bbox 271 922 1434 1009; baseline -0.002 -22"><span class='ocrx_word' id='word_1_31' title='bbox 271 943 357 987; x_wconf 88' lang='lat' dir='ltr'>aures</span> <span class='ocrx_word' id='word_1_32' title='bbox 383 922 498 985; x_wconf 89' lang='lat' dir='ltr'>laedere</span> <span class='ocrx_word' id='word_1_33' title='bbox 523 942 610 1005; x_wconf 90' lang='lat' dir='ltr'>posse</span> <span class='ocrx_word' id='word_1_34' title='bbox 631 923 777 987; x_wconf 84' lang='lat' dir='ltr'>rideretur</span> <span class='ocrx_word' id='word_1_35' title='bbox 798 944 814 986; x_wconf 89' lang='lat' dir='ltr'>e</span> <span class='ocrx_word' id='word_1_36' title='bbox 834 925 1062 1009; x_wconf 79' lang='lat' dir='ltr'>programmatis</span> <span class='ocrx_word' id='word_1_37' title='bbox 1083 924 1158 985; x_wconf 87' lang='lat' dir='ltr'>meis</span> <span class='ocrx_word' id='word_1_38' title='bbox 1180 930 1371 1006; x_wconf 71' lang='lat' dir='ltr'>expungeret.</span> <span class='ocrx_word' id='word_1_39' title='bbox 1406 924 1434 985; x_wconf 87' lang='lat' dir='ltr'>is</span> 
     </span>
     <span class='ocr_line' id='line_1_6' title="bbox 272 1026 1434 1109; baseline -0.001 -20"><span class='ocrx_word' id='word_1_40' title='bbox 272 1045 361 1107; x_wconf 91' lang='lat' dir='ltr'>quam</span> <span class='ocrx_word' id='word_1_41' title='bbox 382 1033 502 1089; x_wconf 87' lang='lat' dir='ltr'>strenue</span> <span class='ocrx_word' id='word_1_42' title='bbox 517 1028 613 1089; x_wconf 87' lang='lat' dir='ltr'>olficio</span> <span class='ocrx_word' id='word_1_43' title='bbox 629 1046 684 1089; x_wconf 90' lang='lat' dir='ltr'>sno</span> <span class='ocrx_word' id='word_1_44' title='bbox 699 1027 818 1090; x_wconf 84' lang='lat' dir='ltr'>iunctus</span> <span class='ocrx_word' id='word_1_45' title='bbox 832 1027 887 1100; x_wconf 88' lang='lat' dir='ltr'>sit,</span> <span class='ocrx_word' id='word_1_46' title='bbox 913 1026 983 1088; x_wconf 91' lang='lat' dir='ltr'>binc</span> <span class='ocrx_word' id='word_1_47' title='bbox 995 1027 1192 1101; x_wconf 80' lang='lat' dir='ltr'>existimabis,</span> <span class='ocrx_word' id='word_1_48' title='bbox 1220 1028 1315 1109; x_wconf 90' lang='lat' dir='ltr'>quod,</span> <span class='ocrx_word' id='word_1_49' title='bbox 1342 1044 1434 1108; x_wconf 89' lang='lat' dir='ltr'>quurn</span> 
     </span>
     <span class='ocr_line' id='line_1_7' title="bbox 271 1128 1432 1212; baseline -0.002 -20"><span class='ocrx_word' id='word_1_50' title='bbox 271 1128 366 1192; x_wconf 91' lang='lat' dir='ltr'>obiter</span> <span class='ocrx_word' id='word_1_51' title='bbox 381 1128 486 1192; x_wconf 90' lang='lat' dir='ltr'>alicubi</span> <span class='ocrx_word' id='word_1_52' title='bbox 501 1131 662 1211; x_wconf 80' lang='lat' dir='ltr'>tetigissem</span> <span class='ocrx_word' id='word_1_53' title='bbox 676 1132 798 1193; x_wconf 81' lang='lat' dir='ltr'>nimiam</span> <span class='ocrx_word' id='word_1_54' title='bbox 815 1131 963 1212; x_wconf 89' lang='lat' dir='ltr'>quandam</span> <span class='ocrx_word' id='word_1_55' title='bbox 977 1131 1125 1212; x_wconf 89' lang='lat' dir='ltr'>nullisque</span> <span class='ocrx_word' id='word_1_56' title='bbox 1140 1131 1253 1211; x_wconf 91' lang='lat' dir='ltr'>legibus</span> <span class='ocrx_word' id='word_1_57' title='bbox 1264 1130 1432 1204; x_wconf 82' lang='lat' dir='ltr'>coercitam,</span> 
     </span>
     <span class='ocr_line' id='line_1_8' title="bbox 271 1232 1434 1306; baseline 0.003 -14"><span class='ocrx_word' id='word_1_58' title='bbox 271 1248 331 1294; x_wconf 92' lang='lat' dir='ltr'>non</span> <span class='ocrx_word' id='word_1_59' title='bbox 357 1232 471 1295; x_wconf 87' lang='lat' dir='ltr'>dicendi</span> <span class='ocrx_word' id='word_1_60' title='bbox 498 1232 678 1306; x_wconf 88' lang='lat' dir='ltr'>libertatem,</span> <span class='ocrx_word' id='word_1_61' title='bbox 704 1233 755 1295; x_wconf 93' lang='lat' dir='ltr'>sed</span> <span class='ocrx_word' id='word_1_62' title='bbox 782 1233 965 1295; x_wconf 87' lang='lat' dir='ltr'>conviciandi</span> <span class='ocrx_word' id='word_1_63' title='bbox 986 1244 1016 1294; x_wconf 89' lang='lat' dir='ltr'>et</span> <span class='ocrx_word' id='word_1_64' title='bbox 1036 1232 1233 1297; x_wconf 91' lang='lat' dir='ltr'>calumniandi</span> <span class='ocrx_word' id='word_1_65' title='bbox 1253 1233 1434 1296; x_wconf 84' lang='lat' dir='ltr'>adversarios</span> 
     </span>
     <span class='ocr_line' id='line_1_9' title="bbox 270 1334 1433 1420; baseline 0.001 -24"><span class='ocrx_word' id='word_1_66' title='bbox 270 1334 434 1406; x_wconf 84' lang='lat' dir='ltr'>licentiam,</span> <span class='ocrx_word' id='word_1_67' title='bbox 461 1336 524 1396; x_wconf 92' lang='lat' dir='ltr'>sine</span> <span class='ocrx_word' id='word_1_68' title='bbox 551 1355 609 1417; x_wconf 90' lang='lat' dir='ltr'>qua</span> <span class='ocrx_word' id='word_1_69' title='bbox 630 1336 761 1398; x_wconf 84' lang='lat' dir='ltr'>nonnulli</span> <span class='ocrx_word' id='word_1_70' title='bbox 781 1344 916 1399; x_wconf 81' lang='lat' dir='ltr'>constare</span> <span class='ocrx_word' id='word_1_71' title='bbox 936 1336 1122 1420; x_wconf 89' lang='lat' dir='ltr'>puhlicomm</span> <span class='ocrx_word' id='word_1_72' title='bbox 1138 1336 1329 1397; x_wconf 89' lang='lat' dir='ltr'>conciliorum</span> <span class='ocrx_word' id='word_1_73' title='bbox 1344 1335 1433 1397; x_wconf 90' lang='lat' dir='ltr'>liber-</span> 
     </span>
     <span class='ocr_line' id='line_1_10' title="bbox 270 1438 1433 1520; baseline 0 -22"><span class='ocrx_word' id='word_1_74' title='bbox 270 1441 362 1498; x_wconf 89' lang='lat' dir='ltr'>tatem</span> <span class='ocrx_word' id='word_1_75' title='bbox 388 1456 476 1520; x_wconf 90' lang='lat' dir='ltr'>posse</span> <span class='ocrx_word' id='word_1_76' title='bbox 490 1438 644 1518; x_wconf 80' lang='lat' dir='ltr'>negabant,</span> <span class='ocrx_word' id='word_1_77' title='bbox 671 1440 751 1501; x_wconf 92' lang='lat' dir='ltr'>bunc</span> <span class='ocrx_word' id='word_1_78' title='bbox 765 1438 864 1501; x_wconf 90' lang='lat' dir='ltr'>locum</span> <span class='ocrx_word' id='word_1_79' title='bbox 886 1439 932 1500; x_wconf 90' lang='lat' dir='ltr'>illc</span> <span class='ocrx_word' id='word_1_80' title='bbox 952 1438 1076 1500; x_wconf 83' lang='lat' dir='ltr'>describi</span> <span class='ocrx_word' id='word_1_81' title='bbox 1097 1458 1113 1499; x_wconf 94' lang='lat' dir='ltr'>a</span> <span class='ocrx_word' id='word_1_82' title='bbox 1136 1439 1317 1520; x_wconf 74' lang='lat' dir='ltr'>typographo</span> <span class='ocrx_word' id='word_1_83' title='bbox 1334 1438 1433 1500; x_wconf 81' lang='lat' dir='ltr'>vetuit.</span> 
     </span>
     <span class='ocr_line' id='line_1_11' title="bbox 270 1540 1433 1622; baseline 0 -20"><span class='ocrx_word' id='word_1_84' title='bbox 270 1540 415 1621; x_wconf 87' lang='lat' dir='ltr'>Equidem</span> <span class='ocrx_word' id='word_1_85' title='bbox 435 1558 505 1603; x_wconf 91' lang='lat' dir='ltr'>eum</span> <span class='ocrx_word' id='word_1_86' title='bbox 526 1540 558 1602; x_wconf 94' lang='lat' dir='ltr'>in</span> <span class='ocrx_word' id='word_1_87' title='bbox 578 1542 633 1604; x_wconf 88' lang='lat' dir='ltr'>bac</span> <span class='ocrx_word' id='word_1_88' title='bbox 654 1542 784 1603; x_wconf 91' lang='lat' dir='ltr'>editione</span> <span class='ocrx_word' id='word_1_89' title='bbox 798 1561 827 1622; x_wconf 92' lang='lat' dir='ltr'>p.</span> <span class='ocrx_word' id='word_1_90' title='bbox 847 1541 907 1602; x_wconf 82' lang='lat'>173</span> <span class='ocrx_word' id='word_1_91' title='bbox 922 1542 1052 1615; x_wconf 89' lang='lat' dir='ltr'>restitui,</span> <span class='ocrx_word' id='word_1_92' title='bbox 1074 1542 1205 1621; x_wconf 88' lang='lat' dir='ltr'>itemque</span> <span class='ocrx_word' id='word_1_93' title='bbox 1219 1541 1273 1603; x_wconf 90' lang='lat' dir='ltr'>alia</span> <span class='ocrx_word' id='word_1_94' title='bbox 1290 1540 1433 1621; x_wconf 83' lang='lat' dir='ltr'>quaedam</span> 
     </span>
     <span class='ocr_line' id='line_1_12' title="bbox 270 1643 1434 1725; baseline -0.003 -18"><span class='ocrx_word' id='word_1_95' title='bbox 270 1644 335 1707; x_wconf 89' lang='lat' dir='ltr'>istis</span> <span class='ocrx_word' id='word_1_96' title='bbox 353 1644 465 1725; x_wconf 89' lang='lat' dir='ltr'>ingrata</span> <span class='ocrx_word' id='word_1_97' title='bbox 485 1645 581 1707; x_wconf 90' lang='lat' dir='ltr'>sicut</span> <span class='ocrx_word' id='word_1_98' title='bbox 603 1652 685 1707; x_wconf 91' lang='lat' dir='ltr'>erant</span> <span class='ocrx_word' id='word_1_99' title='bbox 706 1645 806 1707; x_wconf 92' lang='lat' dir='ltr'>omnia</span> <span class='ocrx_word' id='word_1_100' title='bbox 825 1645 889 1706; x_wconf 92' lang='lat' dir='ltr'>sine</span> <span class='ocrx_word' id='word_1_101' title='bbox 911 1645 1074 1706; x_wconf 86' lang='lat' dir='ltr'>mutatione</span> <span class='ocrx_word' id='word_1_102' title='bbox 1089 1643 1247 1724; x_wconf 88' lang='lat' dir='ltr'>repetenda</span> <span class='ocrx_word' id='word_1_103' title='bbox 1262 1644 1376 1715; x_wconf 85' lang='lat' dir='ltr'>curavi,</span> <span class='ocrx_word' id='word_1_104' title='bbox 1397 1661 1434 1705; x_wconf 92' lang='lat' dir='ltr'>ne</span> 
     </span>
     <span class='ocr_line' id='line_1_13' title="bbox 271 1747 1435 1829; baseline 0 -20"><span class='ocrx_word' id='word_1_105' title='bbox 271 1747 319 1809; x_wconf 90' lang='lat' dir='ltr'>cui</span> <span class='ocrx_word' id='word_1_106' title='bbox 339 1748 414 1809; x_wconf 79' lang='lat' dir='ltr'>torte</span> <span class='ocrx_word' id='word_1_107' title='bbox 434 1765 509 1828; x_wconf 92' lang='lat' dir='ltr'>quae</span> <span class='ocrx_word' id='word_1_108' title='bbox 531 1755 603 1808; x_wconf 91' lang='lat' dir='ltr'>tunc</span> <span class='ocrx_word' id='word_1_109' title='bbox 622 1747 782 1809; x_wconf 83' lang='lat' dir='ltr'>sentiebam</span> <span class='ocrx_word' id='word_1_110' title='bbox 805 1764 885 1810; x_wconf 92' lang='lat' dir='ltr'>nunc</span> <span class='ocrx_word' id='word_1_111' title='bbox 907 1747 1081 1829; x_wconf 87' lang='lat' dir='ltr'>reprobasse</span> <span class='ocrx_word' id='word_1_112' title='bbox 1095 1747 1219 1809; x_wconf 84' lang='lat' dir='ltr'>viderer.</span> <span class='ocrx_word' id='word_1_113' title='bbox 1250 1747 1346 1827; x_wconf 79' lang='lat' dir='ltr'>Atque</span> <span class='ocrx_word' id='word_1_114' title='bbox 1361 1747 1435 1809; x_wconf 88' lang='lat' dir='ltr'>adeo</span> 
     </span>
     <span class='ocr_line' id='line_1_14' title="bbox 271 1848 1434 1929; baseline 0 -18"><span class='ocrx_word' id='word_1_115' title='bbox 271 1850 389 1911; x_wconf 92' lang='lat' dir='ltr'>illorum</span> <span class='ocrx_word' id='word_1_116' title='bbox 404 1848 546 1929; x_wconf 87' lang='lat' dir='ltr'>ipsorum,</span> <span class='ocrx_word' id='word_1_117' title='bbox 563 1849 614 1929; x_wconf 88' lang='lat' dir='ltr'>qui</span> <span class='ocrx_word' id='word_1_118' title='bbox 629 1857 700 1910; x_wconf 89' lang='lat' dir='ltr'>tunc</span> <span class='ocrx_word' id='word_1_119' title='bbox 714 1868 748 1911; x_wconf 91' lang='lat' dir='ltr'>ea</span> <span class='ocrx_word' id='word_1_120' title='bbox 764 1849 951 1921; x_wconf 88' lang='lat' dir='ltr'>damnabant,</span> <span class='ocrx_word' id='word_1_121' title='bbox 976 1849 1131 1929; x_wconf 89' lang='lat' dir='ltr'>plerosque</span> <span class='ocrx_word' id='word_1_122' title='bbox 1146 1867 1225 1912; x_wconf 91' lang='lat' dir='ltr'>nunc</span> <span class='ocrx_word' id='word_1_123' title='bbox 1240 1860 1355 1912; x_wconf 90' lang='lat' dir='ltr'>mutato</span> <span class='ocrx_word' id='word_1_124' title='bbox 1369 1850 1434 1911; x_wconf 93' lang='lat' dir='ltr'>ani·</span> 
     </span>
     <span class='ocr_line' id='line_1_15' title="bbox 273 1950 1434 2035; baseline 0.001 -22"><span class='ocrx_word' id='word_1_125' title='bbox 273 1971 322 2013; x_wconf 91' lang='lat' dir='ltr'>mo</span> <span class='ocrx_word' id='word_1_126' title='bbox 337 1970 397 2013; x_wconf 91' lang='lat' dir='ltr'>non</span> <span class='ocrx_word' id='word_1_127' title='bbox 412 1968 591 2034; x_wconf 90' lang='lat' dir='ltr'>magnopere</span> <span class='ocrx_word' id='word_1_128' title='bbox 607 1950 664 2013; x_wconf 89' lang='lat' dir='ltr'>iam</span> <span class='ocrx_word' id='word_1_129' title='bbox 680 1971 697 2013; x_wconf 96' lang='lat' dir='ltr'>a</span> <span class='ocrx_word' id='word_1_130' title='bbox 712 1970 760 2013; x_wconf 92' lang='lat' dir='ltr'>me</span> <span class='ocrx_word' id='word_1_131' title='bbox 775 1951 931 2014; x_wconf 86' lang='lat' dir='ltr'>dissentire</span> <span class='ocrx_word' id='word_1_132' title='bbox 946 1953 1129 2027; x_wconf 90' lang='lat' dir='ltr'>crediderim,</span> <span class='ocrx_word' id='word_1_133' title='bbox 1150 1952 1278 2035; x_wconf 82' lang='lat' dir='ltr'>proximi</span> <span class='ocrx_word' id='word_1_134' title='bbox 1292 1951 1434 2033; x_wconf 90' lang='lat' dir='ltr'>temporis</span> 
     </span>
     <span class='ocr_line' id='line_1_16' title="bbox 270 2055 1434 2136; baseline 0 -19"><span class='ocrx_word' id='word_1_135' title='bbox 270 2055 359 2117; x_wconf 90' lang='lat' dir='ltr'>rebus</span> <span class='ocrx_word' id='word_1_136' title='bbox 385 2057 460 2118; x_wconf 88' lang='lat' dir='ltr'>bene</span> <span class='ocrx_word' id='word_1_137' title='bbox 485 2073 519 2117; x_wconf 91' lang='lat' dir='ltr'>ac</span> <span class='ocrx_word' id='word_1_138' title='bbox 543 2056 690 2136; x_wconf 91' lang='lat' dir='ltr'>praeclare</span> <span class='ocrx_word' id='word_1_139' title='bbox 712 2055 801 2135; x_wconf 87' lang='lat' dir='ltr'>gestis</span> <span class='ocrx_word' id='word_1_140' title='bbox 823 2056 1006 2130; x_wconf 90' lang='lat' dir='ltr'>admonitos,</span> <span class='ocrx_word' id='word_1_141' title='bbox 1032 2057 1125 2118; x_wconf 88' lang='lat' dir='ltr'>tutius</span> <span class='ocrx_word' id='word_1_142' title='bbox 1140 2057 1226 2136; x_wconf 92' lang='lat' dir='ltr'>longe</span> <span class='ocrx_word' id='word_1_143' title='bbox 1240 2075 1275 2118; x_wconf 92' lang='lat' dir='ltr'>ac</span> <span class='ocrx_word' id='word_1_144' title='bbox 1288 2055 1434 2118; x_wconf 88' lang='lat' dir='ltr'>salubrius</span> 
     </span>
     <span class='ocr_line' id='line_1_17' title="bbox 270 2157 1433 2239; baseline 0.001 -20"><span class='ocrx_word' id='word_1_145' title='bbox 270 2159 312 2220; x_wconf 86' lang='lat' dir='ltr'>rei</span> <span class='ocrx_word' id='word_1_146' title='bbox 338 2158 471 2239; x_wconf 87' lang='lat' dir='ltr'>publicae</span> <span class='ocrx_word' id='word_1_147' title='bbox 497 2157 553 2220; x_wconf 92' lang='lat' dir='ltr'>boc</span> <span class='ocrx_word' id='word_1_148' title='bbox 578 2174 670 2238; x_wconf 87' lang='lat' dir='ltr'>genus</span> <span class='ocrx_word' id='word_1_149' title='bbox 696 2159 881 2238; x_wconf 90' lang='lat' dir='ltr'>gubernandi</span> <span class='ocrx_word' id='word_1_150' title='bbox 898 2178 979 2232; x_wconf 91' lang='lat' dir='ltr'>esse,</span> <span class='ocrx_word' id='word_1_151' title='bbox 1006 2159 1085 2239; x_wconf 88' lang='lat' dir='ltr'>quod</span> <span class='ocrx_word' id='word_1_152' title='bbox 1109 2178 1162 2239; x_wconf 86' lang='lat' dir='ltr'>ego</span> <span class='ocrx_word' id='word_1_153' title='bbox 1178 2159 1433 2235; x_wconf 85' lang='lat' dir='ltr'>commendabam,</span> 
     </span>
     <span class='ocr_line' id='line_1_18' title="bbox 271 2243 1435 2353; baseline 0.002 -32"><span class='ocrx_word' id='word_1_154' title='bbox 271 2279 360 2339; x_wconf 91' lang='lat' dir='ltr'>quarn</span> <span class='ocrx_word' id='word_1_155' title='bbox 385 2260 457 2321; x_wconf 93' lang='lat' dir='ltr'>illud</span> <span class='ocrx_word' id='word_1_156' title='bbox 481 2261 621 2335; x_wconf 88' lang='lat' dir='ltr'>alterum,</span> <span class='ocrx_word' id='word_1_157' title='bbox 647 2261 679 2322; x_wconf 93' lang='lat' dir='ltr'>in</span> <span class='ocrx_word' id='word_1_158' title='bbox 700 2279 759 2341; x_wconf 91' lang='lat' dir='ltr'>quo</span> <span class='ocrx_word' id='word_1_159' title='bbox 781 2243 900 2323; x_wconf 81' lang='lat' dir='ltr'>necesse</span> <span class='ocrx_word' id='word_1_160' title='bbox 922 2260 978 2353; x_wconf 79' lang='lat' dir='ltr'>erit</span> <span class='ocrx_word' id='word_1_161' title='bbox 992 2261 1187 2341; x_wconf 86' lang='lat' dir='ltr'>gubernacula</span> <span class='ocrx_word' id='word_1_162' title='bbox 1203 2279 1356 2343; x_wconf 88' lang='lat' dir='ltr'>nunquam</span> <span class='ocrx_word' id='word_1_163' title='bbox 1371 2262 1435 2324; x_wconf 91' lang='lat' dir='ltr'>aliis</span> 
     </span>
     <span class='ocr_line' id='line_1_19' title="bbox 271 2362 1434 2445; baseline 0 -20"><span class='ocrx_word' id='word_1_164' title='bbox 271 2364 416 2445; x_wconf 89' lang='lat' dir='ltr'>permitti,</span> <span class='ocrx_word' id='word_1_165' title='bbox 439 2364 496 2426; x_wconf 91' lang='lat' dir='ltr'>nisi</span> <span class='ocrx_word' id='word_1_166' title='bbox 511 2383 585 2444; x_wconf 89' lang='lat' dir='ltr'>quos</span> <span class='ocrx_word' id='word_1_167' title='bbox 600 2382 719 2445; x_wconf 86' lang='lat' dir='ltr'>quoque</span> <span class='ocrx_word' id='word_1_168' title='bbox 733 2371 870 2443; x_wconf 90' lang='lat' dir='ltr'>tempore</span> <span class='ocrx_word' id='word_1_169' title='bbox 886 2362 1034 2425; x_wconf 89' lang='lat' dir='ltr'>mutabilis</span> <span class='ocrx_word' id='word_1_170' title='bbox 1049 2372 1137 2443; x_wconf 92' lang='lat' dir='ltr'>atque</span> <span class='ocrx_word' id='word_1_171' title='bbox 1151 2364 1322 2427; x_wconf 83' lang='lat' dir='ltr'>inconstans</span> <span class='ocrx_word' id='word_1_172' title='bbox 1337 2365 1434 2445; x_wconf 88' lang='lat' dir='ltr'>impe·</span> 
     </span>
     <span class='ocr_line' id='line_1_20' title="bbox 271 2446 1434 2550; baseline 0.001 -22"><span class='ocrx_word' id='word_1_173' title='bbox 271 2465 345 2529; x_wconf 90' lang='lat' dir='ltr'>ritae</span> <span class='ocrx_word' id='word_1_174' title='bbox 371 2466 569 2529; x_wconf 90' lang='lat' dir='ltr'>multitudinis</span> <span class='ocrx_word' id='word_1_175' title='bbox 595 2467 678 2529; x_wconf 84' lang='lat' dir='ltr'>lavor</span> <span class='ocrx_word' id='word_1_176' title='bbox 703 2484 832 2545; x_wconf 89' lang='lat' dir='ltr'>auraque</span> <span class='ocrx_word' id='word_1_177' title='bbox 854 2461 1003 2550; x_wconf 87' lang='lat' dir='ltr'>popularis</span> <span class='ocrx_word' id='word_1_178' title='bbox 1024 2446 1175 2530; x_wconf 62' lang='lat' dir='ltr'>exsulerit</span> <span class='ocrx_word' id='word_1_179' title='bbox 1202 2468 1259 2530; x_wconf 91' lang='lat' dir='ltr'>Sed</span> <span class='ocrx_word' id='word_1_180' title='bbox 1282 2485 1343 2530; x_wconf 93' lang='lat' dir='ltr'>non</span> <span class='ocrx_word' id='word_1_181' title='bbox 1358 2485 1434 2548; x_wconf 92' lang='lat' dir='ltr'>opus</span> 
     </span>
     <span class='ocr_line' id='line_1_21' title="bbox 271 2568 1434 2652; baseline 0.002 -22"><span class='ocrx_word' id='word_1_182' title='bbox 271 2576 316 2630; x_wconf 89' lang='lat' dir='ltr'>est</span> <span class='ocrx_word' id='word_1_183' title='bbox 334 2568 407 2630; x_wconf 88' lang='lat' dir='ltr'>baec</span> <span class='ocrx_word' id='word_1_184' title='bbox 421 2587 502 2632; x_wconf 91' lang='lat' dir='ltr'>nunc</span> <span class='ocrx_word' id='word_1_185' title='bbox 515 2571 631 2649; x_wconf 88' lang='lat' dir='ltr'>longius</span> <span class='ocrx_word' id='word_1_186' title='bbox 646 2571 800 2652; x_wconf 88' lang='lat' dir='ltr'>persequi:</span> <span class='ocrx_word' id='word_1_187' title='bbox 823 2589 892 2632; x_wconf 91' lang='lat' dir='ltr'>nam</span> <span class='ocrx_word' id='word_1_188' title='bbox 907 2579 936 2632; x_wconf 88' lang='lat' dir='ltr'>te</span> <span class='ocrx_word' id='word_1_189' title='bbox 952 2569 1082 2649; x_wconf 91' lang='lat' dir='ltr'>quidem,</span> <span class='ocrx_word' id='word_1_190' title='bbox 1099 2571 1140 2631; x_wconf 92' lang='lat' dir='ltr'>mi</span> <span class='ocrx_word' id='word_1_191' title='bbox 1156 2570 1320 2643; x_wconf 85' lang='lat' dir='ltr'>Sobaeiere,</span> <span class='ocrx_word' id='word_1_192' title='bbox 1336 2570 1371 2632; x_wconf 90' lang='lat' dir='ltr'>de</span> <span class='ocrx_word' id='word_1_193' title='bbox 1387 2571 1434 2632; x_wconf 92' lang='lat' dir='ltr'>bis</span> 
     </span>
     <span class='ocr_line' id='line_1_22' title="bbox 270 2671 1433 2755; baseline 0.001 -21"><span class='ocrx_word' id='word_1_194' title='bbox 270 2672 359 2735; x_wconf 88' lang='lat' dir='ltr'>rebus</span> <span class='ocrx_word' id='word_1_195' title='bbox 379 2691 440 2735; x_wconf 90' lang='lat' dir='ltr'>non</span> <span class='ocrx_word' id='word_1_196' title='bbox 462 2671 546 2734; x_wconf 89' lang='lat' dir='ltr'>aliter</span> <span class='ocrx_word' id='word_1_197' title='bbox 561 2690 657 2733; x_wconf 90' lang='lat' dir='ltr'>acme</span> <span class='ocrx_word' id='word_1_198' title='bbox 672 2674 780 2735; x_wconf 89' lang='lat' dir='ltr'>sentire</span> <span class='ocrx_word' id='word_1_199' title='bbox 795 2674 881 2755; x_wconf 88' lang='lat' dir='ltr'>plane</span> <span class='ocrx_word' id='word_1_200' title='bbox 897 2674 970 2735; x_wconf 91' lang='lat' dir='ltr'>mibi</span> <span class='ocrx_word' id='word_1_201' title='bbox 985 2690 1158 2754; x_wconf 88' lang='lat' dir='ltr'>persuasum</span> <span class='ocrx_word' id='word_1_202' title='bbox 1175 2680 1229 2735; x_wconf 90' lang='lat' dir='ltr'>est.</span> <span class='ocrx_word' id='word_1_203' title='bbox 1259 2673 1362 2735; x_wconf 84' lang='lat' dir='ltr'>Finem</span> <span class='ocrx_word' id='word_1_204' title='bbox 1379 2692 1433 2736; x_wconf 89' lang='lat' dir='ltr'>au·</span> 
     </span>
     <span class='ocr_line' id='line_1_23' title="bbox 270 2775 1435 2857; baseline 0.001 -20"><span class='ocrx_word' id='word_1_205' title='bbox 270 2783 330 2838; x_wconf 86' lang='lat' dir='ltr'>tem</span> <span class='ocrx_word' id='word_1_206' title='bbox 352 2775 491 2856; x_wconf 88' lang='lat' dir='ltr'>epistolae</span> <span class='ocrx_word' id='word_1_207' title='bbox 511 2776 598 2838; x_wconf 81' lang='lat' dir='ltr'>faciet</span> <span class='ocrx_word' id='word_1_208' title='bbox 617 2776 771 2857; x_wconf 87' lang='lat' dir='ltr'>gratulatio</span> <span class='ocrx_word' id='word_1_209' title='bbox 786 2776 840 2838; x_wconf 89' lang='lat' dir='ltr'>tibi</span> <span class='ocrx_word' id='word_1_210' title='bbox 855 2777 962 2849; x_wconf 90' lang='lat' dir='ltr'>debita,</span> <span class='ocrx_word' id='word_1_211' title='bbox 978 2776 1062 2839; x_wconf 89' lang='lat' dir='ltr'>cuius</span> <span class='ocrx_word' id='word_1_212' title='bbox 1078 2776 1233 2839; x_wconf 88' lang='lat' dir='ltr'>admonuit</span> <span class='ocrx_word' id='word_1_213' title='bbox 1248 2797 1295 2839; x_wconf 94' lang='lat' dir='ltr'>me</span> <span class='ocrx_word' id='word_1_214' title='bbox 1310 2776 1435 2857; x_wconf 89' lang='lat' dir='ltr'>repetita</span> 
     </span>
     <span class='ocr_line' id='line_1_24' title="bbox 272 2866 1434 2961; baseline 0 -23"><span class='ocrx_word' id='word_1_215' title='bbox 272 2878 318 2939; x_wconf 90' lang='lat' dir='ltr'>bis</span> <span class='ocrx_word' id='word_1_216' title='bbox 333 2878 435 2941; x_wconf 91' lang='lat' dir='ltr'>diebus</span> <span class='ocrx_word' id='word_1_217' title='bbox 450 2878 536 2941; x_wconf 88' lang='lat' dir='ltr'>lectio</span> <span class='ocrx_word' id='word_1_218' title='bbox 551 2878 619 2940; x_wconf 87' lang='lat' dir='ltr'>libri</span> <span class='ocrx_word' id='word_1_219' title='bbox 633 2866 886 2957; x_wconf 68' lang='lat' dir='ltr'>praestantissimi,</span> <span class='ocrx_word' id='word_1_220' title='bbox 906 2898 995 2961; x_wconf 91' lang='lat' dir='ltr'>quem</span> <span class='ocrx_word' id='word_1_221' title='bbox 1011 2888 1044 2942; x_wconf 93' lang='lat' dir='ltr'>tu</span> <span class='ocrx_word' id='word_1_222' title='bbox 1059 2879 1095 2940; x_wconf 92' lang='lat' dir='ltr'>de</span> <span class='ocrx_word' id='word_1_223' title='bbox 1110 2878 1198 2941; x_wconf 90' lang='lat' dir='ltr'>rebus</span> <span class='ocrx_word' id='word_1_224' title='bbox 1213 2898 1230 2941; x_wconf 92' lang='lat' dir='ltr'>a</span> <span class='ocrx_word' id='word_1_225' title='bbox 1245 2896 1352 2960; x_wconf 87' lang='lat' dir='ltr'>magno</span> <span class='ocrx_word' id='word_1_226' title='bbox 1366 2896 1434 2959; x_wconf 87' lang='lat' dir='ltr'>rege</span> 
     </span>
     <span class='ocr_line' id='line_1_25' title="bbox 270 2981 1434 3065; baseline 0.003 -23"><span class='ocrx_word' id='word_1_227' title='bbox 270 2981 419 3043; x_wconf 85' lang='lat' dir='ltr'>Friderico</span> <span class='ocrx_word' id='word_1_228' title='bbox 450 2981 602 3062; x_wconf 90' lang='lat' dir='ltr'>superiore</span> <span class='ocrx_word' id='word_1_229' title='bbox 627 2983 745 3045; x_wconf 88' lang='lat' dir='ltr'>sacculo</span> <span class='ocrx_word' id='word_1_230' title='bbox 771 2983 861 3063; x_wconf 86' lang='lat' dir='ltr'>gestis</span> <span class='ocrx_word' id='word_1_231' title='bbox 886 2984 1014 3046; x_wconf 89' lang='lat' dir='ltr'>scribere</span> <span class='ocrx_word' id='word_1_232' title='bbox 1041 2983 1177 3065; x_wconf 69' lang='lat' dir='ltr'>coepisti,</span> <span class='ocrx_word' id='word_1_233' title='bbox 1207 2983 1314 3063; x_wconf 87' lang='lat' dir='ltr'>quibus</span> <span class='ocrx_word' id='word_1_234' title='bbox 1343 2981 1434 3045; x_wconf 88' lang='lat' dir='ltr'>rebus</span> 
     </span>
     <span class='ocr_line' id='line_1_26' title="bbox 271 3084 1433 3167; baseline 0 -21"><span class='ocrx_word' id='word_1_235' title='bbox 271 3093 401 3146; x_wconf 88' lang='lat' dir='ltr'>erectum</span> <span class='ocrx_word' id='word_1_236' title='bbox 417 3084 519 3165; x_wconf 89' lang='lat' dir='ltr'>populi</span> <span class='ocrx_word' id='word_1_237' title='bbox 534 3085 627 3146; x_wconf 93' lang='lat' dir='ltr'>nostri</span> <span class='ocrx_word' id='word_1_238' title='bbox 643 3085 776 3148; x_wconf 90' lang='lat' dir='ltr'>animum</span> <span class='ocrx_word' id='word_1_239' title='bbox 791 3105 917 3165; x_wconf 91' lang='lat' dir='ltr'>eumque</span> <span class='ocrx_word' id='word_1_240' title='bbox 933 3084 1081 3167; x_wconf 87' lang='lat' dir='ltr'>dignitatis</span> <span class='ocrx_word' id='word_1_241' title='bbox 1096 3087 1219 3165; x_wconf 88' lang='lat' dir='ltr'>gradum</span> <span class='ocrx_word' id='word_1_242' title='bbox 1236 3093 1354 3166; x_wconf 89' lang='lat' dir='ltr'>captum</span> <span class='ocrx_word' id='word_1_243' title='bbox 1370 3103 1433 3147; x_wconf 90' lang='lat' dir='ltr'>esse</span> 
     </span>
     <span class='ocr_line' id='line_1_27' title="bbox 270 3185 1434 3269; baseline 0.002 -22"><span class='ocrx_word' id='word_1_244' title='bbox 270 3186 412 3257; x_wconf 85' lang='lat' dir='ltr'>ridemus,</span> <span class='ocrx_word' id='word_1_245' title='bbox 428 3185 458 3247; x_wconf 92' lang='lat' dir='ltr'>in</span> <span class='ocrx_word' id='word_1_246' title='bbox 474 3204 533 3269; x_wconf 83' lang='lat' dir='ltr'>qup</span> <span class='ocrx_word' id='word_1_247' title='bbox 550 3188 727 3250; x_wconf 86' lang='lat' dir='ltr'>constitutus</span> <span class='ocrx_word' id='word_1_248' title='bbox 742 3188 828 3250; x_wconf 90' lang='lat' dir='ltr'>altius</span> <span class='ocrx_word' id='word_1_249' title='bbox 844 3190 933 3250; x_wconf 86' lang='lat' dir='ltr'>etiarn</span> <span class='ocrx_word' id='word_1_250' title='bbox 947 3189 1019 3250; x_wconf 92' lang='lat' dir='ltr'>eniti</span> <span class='ocrx_word' id='word_1_251' title='bbox 1034 3188 1155 3269; x_wconf 88' lang='lat' dir='ltr'>aliisque</span> <span class='ocrx_word' id='word_1_252' title='bbox 1169 3189 1305 3267; x_wconf 85' lang='lat' dir='ltr'>exemplo</span> <span class='ocrx_word' id='word_1_253' title='bbox 1316 3187 1434 3249; x_wconf 84' lang='lat' dir='ltr'>unirer-</span> 
     </span>
     <span class='ocr_line' id='line_1_28' title="bbox 271 3289 1435 3371; baseline -0.001 -20"><span class='ocrx_word' id='word_1_254' title='bbox 271 3307 320 3351; x_wconf 90' lang='lat' dir='ltr'>sae</span> <span class='ocrx_word' id='word_1_255' title='bbox 341 3296 440 3350; x_wconf 89' lang='lat' dir='ltr'>autem</span> <span class='ocrx_word' id='word_1_256' title='bbox 457 3289 630 3350; x_wconf 88' lang='lat' dir='ltr'>Germaniae</span> <span class='ocrx_word' id='word_1_257' title='bbox 652 3291 798 3371; x_wconf 89' lang='lat' dir='ltr'>praesidio</span> <span class='ocrx_word' id='word_1_258' title='bbox 819 3310 883 3353; x_wconf 91' lang='lat' dir='ltr'>esse</span> <span class='ocrx_word' id='word_1_259' title='bbox 903 3292 1008 3371; x_wconf 87' lang='lat' dir='ltr'>potuit.</span> <span class='ocrx_word' id='word_1_260' title='bbox 1039 3291 1149 3354; x_wconf 88' lang='lat' dir='ltr'>Harum</span> <span class='ocrx_word' id='word_1_261' title='bbox 1165 3307 1267 3352; x_wconf 88' lang='lat' dir='ltr'>rerum</span> <span class='ocrx_word' id='word_1_262' title='bbox 1282 3289 1435 3350; x_wconf 87' lang='lat' dir='ltr'>historiam</span> 
     </span>
     <span class='ocr_line' id='line_1_29' title="bbox 270 3389 1434 3475; baseline 0.002 -24"><span class='ocrx_word' id='word_1_263' title='bbox 270 3389 443 3465; x_wconf 88' lang='lat' dir='ltr'>luculenter,</span> <span class='ocrx_word' id='word_1_264' title='bbox 465 3392 718 3471; x_wconf 89' lang='lat' dir='ltr'>quemadmodum</span> <span class='ocrx_word' id='word_1_265' title='bbox 739 3413 862 3457; x_wconf 87' lang='lat' dir='ltr'>exorsus</span> <span class='ocrx_word' id='word_1_266' title='bbox 878 3414 919 3469; x_wconf 91' lang='lat' dir='ltr'>es,</span> <span class='ocrx_word' id='word_1_267' title='bbox 940 3413 1030 3475; x_wconf 90' lang='lat' dir='ltr'>porro</span> <span class='ocrx_word' id='word_1_268' title='bbox 1045 3401 1210 3475; x_wconf 80' lang='lat' dir='ltr'>pertextam</span> <span class='ocrx_word' id='word_1_269' title='bbox 1226 3400 1256 3453; x_wconf 92' lang='lat' dir='ltr'>et</span> <span class='ocrx_word' id='word_1_270' title='bbox 1270 3391 1434 3454; x_wconf 89' lang='lat' dir='ltr'>absolutam</span> 
     </span>
     <span class='ocr_line' id='line_1_30' title="bbox 270 3491 1433 3578; baseline 0.003 -27"><span class='ocrx_word' id='word_1_271' title='bbox 270 3491 366 3554; x_wconf 84' lang='lat' dir='ltr'>ridere</span> <span class='ocrx_word' id='word_1_272' title='bbox 392 3494 580 3558; x_wconf 84' lang='lat' dir='ltr'>vehementer</span> <span class='ocrx_word' id='word_1_273' title='bbox 606 3506 723 3578; x_wconf 83' lang='lat' dir='ltr'>exopto.</span> <span class='ocrx_word' id='word_1_274' title='bbox 767 3498 828 3559; x_wconf 89' lang='lat' dir='ltr'>Nec</span> <span class='ocrx_word' id='word_1_275' title='bbox 854 3497 1020 3560; x_wconf 77' lang='lat' dir='ltr'>defuturam</span> <span class='ocrx_word' id='word_1_276' title='bbox 1043 3496 1095 3558; x_wconf 89' lang='lat' dir='ltr'>tibi</span> <span class='ocrx_word' id='word_1_277' title='bbox 1115 3514 1203 3577; x_wconf 88' lang='lat' dir='ltr'>spero</span> <span class='ocrx_word' id='word_1_278' title='bbox 1224 3495 1260 3558; x_wconf 93' lang='lat' dir='ltr'>ad</span> <span class='ocrx_word' id='word_1_279' title='bbox 1276 3495 1433 3557; x_wconf 87' lang='lat' dir='ltr'>levandum</span> 
     </span>
     <span class='ocr_line' id='line_1_31' title="bbox 269 3581 1432 3680; baseline -0.003 -17"><span class='ocrx_word' id='word_1_280' title='bbox 269 3596 415 3663; x_wconf 90' lang='lat' dir='ltr'>scribendi</span> <span class='ocrx_word' id='word_1_281' title='bbox 429 3598 560 3661; x_wconf 87' lang='lat' dir='ltr'>laborem</span> <span class='ocrx_word' id='word_1_282' title='bbox 576 3600 652 3663; x_wconf 83' lang='lat' dir='ltr'>lidae</span> <span class='ocrx_word' id='word_1_283' title='bbox 668 3618 773 3662; x_wconf 91' lang='lat' dir='ltr'>manus</span> <span class='ocrx_word' id='word_1_284' title='bbox 788 3618 907 3680; x_wconf 88' lang='lat' dir='ltr'>operam</span> <span class='ocrx_word' id='word_1_285' title='bbox 923 3608 953 3662; x_wconf 90' lang='lat' dir='ltr'>et</span> <span class='ocrx_word' id='word_1_286' title='bbox 974 3581 1084 3680; x_wconf 63' lang='lat' dir='ltr'>slyer}</span> <span class='ocrx_word' id='word_1_287' title='bbox 1104 3598 1279 3680; x_wconf 75' lang='grc' dir='ltr'><strong><em>συνεργίαν,</em></strong></span> <span class='ocrx_word' id='word_1_288' title='bbox 1303 3597 1350 3660; x_wconf 90' lang='lat' dir='ltr'>cui</span> <span class='ocrx_word' id='word_1_289' title='bbox 1365 3597 1432 3678; x_wconf 91' lang='lat' dir='ltr'>plu·</span> 
     </span>
    </p>
   </div>
   <div class='ocr_carea' id='block_1_3' title="bbox 269 3701 1210 3892">
    <p class='ocr_par' dir='ltr' id='par_1_3' title="bbox 269 3701 1210 3892">
     <span class='ocr_line' id='line_1_32' title="bbox 269 3701 1210 3787; baseline 0.001 -21"><span class='ocrx_word' id='word_1_290' title='bbox 269 3701 376 3766; x_wconf 87' lang='lat' dir='ltr'>rimam</span> <span class='ocrx_word' id='word_1_291' title='bbox 392 3711 422 3766; x_wconf 91' lang='lat' dir='ltr'>et</span> <span class='ocrx_word' id='word_1_292' title='bbox 436 3704 639 3787; x_wconf 89' lang='lat' dir='ltr'>plenissimam</span> <span class='ocrx_word' id='word_1_293' title='bbox 655 3705 779 3767; x_wconf 89' lang='lat' dir='ltr'>salutem</span> <span class='ocrx_word' id='word_1_294' title='bbox 796 3722 862 3765; x_wconf 88' lang='lat' dir='ltr'>meo</span> <span class='ocrx_word' id='word_1_295' title='bbox 877 3705 997 3766; x_wconf 92' lang='lat' dir='ltr'>nomine</span> <span class='ocrx_word' id='word_1_296' title='bbox 1012 3704 1101 3766; x_wconf 89' lang='lat' dir='ltr'>dices.</span> <span class='ocrx_word' id='word_1_297' title='bbox 1133 3703 1210 3767; x_wconf 85' lang='lat' dir='ltr'>Vale.</span> 
     </span>
     <span class='ocr_line' id='line_1_33' title="bbox 354 3806 1141 3892; baseline 0 -24"><span class='ocrx_word' id='word_1_298' title='bbox 354 3806 425 3870; x_wconf 87' lang='lat' dir='ltr'>Dab.</span> <span class='ocrx_word' id='word_1_299' title='bbox 442 3807 687 3892; x_wconf 73' lang='lat' dir='ltr'>Gryphiswaldiae</span> <span class='ocrx_word' id='word_1_300' title='bbox 703 3808 730 3868; x_wconf 91' lang='lat' dir='ltr'>d.</span> <span class='ocrx_word' id='word_1_301' title='bbox 748 3808 820 3870; x_wconf 83' lang='lat' dir='ltr'><strong>XVI.</strong></span> <span class='ocrx_word' id='word_1_302' title='bbox 836 3808 901 3872; x_wconf 90' lang='lat' dir='ltr'>Iun.</span> <span class='ocrx_word' id='word_1_303' title='bbox 917 3807 1141 3870; x_wconf 80' lang='lat' dir='ltr'>nnuuthxt</span> 
     </span>
    </p>
   </div>
   <div class='ocr_carea' id='block_1_4' title="bbox 0 0 1650 5142">
    <p class='ocr_par' dir='ltr' id='par_1_4' title="bbox 0 0 1650 5142">
     <span class='ocr_line' id='line_1_34' title="bbox 0 0 1650 5142; baseline 0 0"><span class='ocrx_word' id='word_1_304' title='bbox 0 0 1650 5142; x_wconf 95' lang='lat' dir='ltr'> </span> 
     </span>
    </p>
   </div>
  </div>
 </body>
</html>
