3178 5136
580 464 779 568 *sss-

132 649 168 712 vel
178 655 369 734 comparandis
382 655 428 718 vel
443 655 681 721 administrandis
697 670 725 720 et
744 658 861 721 utendis
880 659 911 720 in
927 657 1116 723 oeconomica
1132 659 1260 743 praecipi

132 768 230 815 neusse
243 764 294 817 est
321 758 365 820 lix
375 757 424 820 his
439 766 535 821 annm
550 767 688 840 quattuor
701 761 834 843 partious
854 771 959 825 noster
973 763 1182 826 oeconomicus
1196 765 1260 846 pri-

132 871 194 917 mam
207 857 315 938 quidem
330 868 359 922 et
370 861 530 925 secundam
543 862 649 943 attigit,
664 863 805 926 nonnulla
821 864 906 927 marn
918 865 955 928 ad
968 873 1099 948 quartam
1110 866 1260 947 pertinen·

131 957 161 1018 tia
180 962 328 1042 praecepit3
354 963 471 1026 tertiam
495 984 581 1041 vero,
603 965 634 1027 in
660 986 716 1046 qua
742 968 778 1029 de
797 966 895 1030 liberis
915 985 1077 1049 eorumque
1091 969 1262 1032 tractatione

131 1060 252 1139 egendum
269 1073 347 1140 erat,
363 1067 447 1147 plane
461 1066 576 1130 silentio
596 1068 804 1150 praetermisit:
835 1088 923 1150 quam
950 1087 1009 1150 quo
1036 1071 1135 1133 minus
1161 1071 1260 1153 ipsum

130 1160 287 1228 linotelm
301 1169 581 1248 praetermisscnum
595 1171 688 1234 luisse
702 1172 864 1247 credamus,
880 1173 924 1234 vol
938 1172 987 1235 illa
1001 1181 1098 1236 vetant
1112 1192 1185 1254 quae
1199 1173 1260 1236 Po-

129 1260 327 1346 litldp.23‚
344 1268 546 1350 spreturus:
566 1268 709 1360 possode
728 1267 839 1337 τοίνυν
860 1264 915 1336 ὅτι
937 1268 1062 1337 πλοίων
1082 1265 1103 1360 ἡ
1125 1272 1259 1360 σπουδή

129 1360 176 1448 τῆς
192 1358 378 1451 οἰκονομίας
398 1369 478 1459 περὶ
495 1370 571 1449 τούς
595 1365 797 1461 ἀνθρώπους
817 1365 841 1460 ἢ
862 1370 940 1460 περὶ
961 1370 1019 1461 τήν
1039 1372 1104 1438 τῶν
1125 1367 1263 1463 ἀψύχων

128 1463 228 1551 πτῆσιν,
249 1466 306 1535 καὶ
330 1470 411 1557 περὶ
436 1471 496 1561 τὴν
517 1468 634 1563 ἀρετὴν
660 1473 784 1541 τούτων
812 1466 835 1563 ἢ
857 1472 936 1561 περὶ
956 1474 1015 1562 τῆς
1034 1472 1194 1563 κτήσεως,
1223 1469 1262 1542 ὃν

128 1564 264 1652 καλοῦμεν
283 1572 439 1655 πλοῦτον,
461 1575 522 1643 καὶ
542 1582 609 1643 τῶν
629 1574 811 1664 ἐλευθέρων
824 1577 948 1661 μᾶλλον
962 1569 986 1666 ἢ
1000 1574 1133 1644 δούλων.
1161 1581 1260 1662 Neque

128 1672 247 1754 suspicari
263 1677 332 1742 lieet
358 1679 435 1742 hanc
458 1691 572 1762 partem
598 1684 693 1764 aliquo
714 1702 783 1745 casu
802 1683 993 1765 interceptam
1013 1700 1092 1746 esse:
1115 1702 1184 1745 nam
1211 1683 1260 1746 ubi

127 1797 195 1844 runs
207 1790 264 1847 erat
277 1784 345 1846 eius
358 1785 527 1847 tractandae
540 1785 632 1859 locus,
647 1794 716 1867 post
730 1793 883 1867 praecepta
899 1786 1075 1866 coniugalia,
1090 1785 1201 1848 nullum
1217 1793 1262 1848 est

127 1882 296 1949 innodidbus
311 1886 434 1948 lacernae
447 1888 614 1968 vestigium:
629 1907 724 1970 neque
743 1889 947 1952 Philodamum
963 1888 1120 1969 quidquam
1136 1887 1173 1950 de
1187 1888 1260 1951 libe·

126 2000 209 2048 rorum
226 1988 397 2051 tractatione
416 1988 447 2049 in
465 1988 525 2053 hoc
548 1990 642 2054 libello
668 1992 773 2073 legisse
799 2011 832 2054 ex
855 1991 918 2053 eius
934 1990 1050 2053 silentio
1073 1990 1260 2053 manifestum

127 2096 167 2148 et
192 2089 303 2163 Quodsi
318 2088 387 2169 quis
401 2090 476 2153 locte
492 2102 625 2173 opponat
640 2093 876 2174 praetermissam
896 2094 972 2155 hanc
986 2101 1100 2173 partem
1115 2112 1181 2154 esse
1195 2111 1260 2156 eam

125 2187 281 2267 nemu,
300 2193 379 2273 quod
395 2194 432 2255 de
445 2193 603 2256 liberorum
619 2194 791 2256 educatione
806 2194 876 2256 satis
887 2195 945 2256 iam
960 2193 990 2256 in
1006 2193 1136 2256 Politicis
1151 2193 1259 2255 dictum

125 2302 196 2356 sao:
210 2296 261 2358 alia
273 2296 358 2358 haud
371 2295 460 2358 dubie
475 2303 522 2357 est
536 2294 636 2369 civilis,
653 2295 706 2357 alia
721 2295 898 2358 domesticae
912 2294 1092 2358 educationis
1107 2294 1191 2369 ratio,
1208 2311 1261 2356 no·

125 2411 169 2474 quo
179 2405 330 2479 propterea
346 2397 395 2479 qui
411 2397 529 2460 alteram
550 2397 580 2459 in
594 2397 724 2459 Politicis
739 2406 923 2471 tractaverat,
943 2397 1062 2460 alteram
1081 2397 1112 2459 in
1128 2415 1258 2459 oecono·
1276 2406 1309 2458 tt

124 2495 182 2559 nica
199 2500 338 2562 tradenda
356 2500 589 2582 praetcmrtittore
607 2499 714 2562 dehuit.
731 2537 771 2547 —
790 2500 850 2563 lam
872 2520 941 2563 vero
961 2500 991 2562 in
1012 2500 1047 2563 iis
1067 2500 1141 2582 ipsis
1161 2499 1260 2574 rebus,

123 2615 181 2678 quae
192 2611 295 2665 nostm
309 2603 518 2665 oeconomicus
539 2602 710 2683 complexus
724 2612 780 2678 est,
799 2620 861 2665 uon
881 2604 971 2665 modo
991 2620 1138 2665 summam
1153 2601 1261 2682 ubique

123 2701 255 2767 anteum
270 2712 305 2767 m
317 2706 403 2785 plane
417 2704 569 2767 mirificam
589 2704 772 2779 brevitatem,
794 2706 843 2768 sed
863 2724 999 2786 magnam
1019 2724 1135 2787 quoque
1154 2712 1260 2768 tracta·

122 2803 194 2866 honis
206 2806 439 2887 coaequalitatem
454 2805 720 2869 animadvertimus.
751 2806 823 2869 Nam
832 2807 925 2871 ubide
935 2808 988 2870 viri
1004 2817 1032 2870 et
1045 2806 1176 2870 mulieris
1187 2825 1262 2869 con·

122 2904 249 2972 immone
261 2908 404 2988 loquitur,
418 2908 504 2971 etiam
526 2909 675 2972 incensas
695 2908 783 2971 huius
804 2910 1020 2973 coniunctionis
1040 2910 1096 2972 sibi
1111 2909 1262 2991 inquiren·

120 3006 177 3071 dnm
190 3011 309 3092 putavit,
323 3030 430 3092 easque
443 3012 556 3093 positas
571 3031 637 3075 esse
653 3011 781 3074 ostendit
797 3012 901 3093 partim
917 3013 947 3074 in
963 3012 1113 3076 communi
1129 3014 1261 3075 omnium

120 3112 294 3178 mimandmn
319 3122 436 3187 natura,
461 3133 517 3195 qua
537 3114 723 3195 impellantur
741 3115 776 3176 ad
796 3113 840 3176 sui
859 3114 997 3178 similium
1018 3116 1261 3196 procreationem,

120 3215 210 3294 prun
223 3218 255 3279 in
269 3216 393 3298 propria
406 3216 560 3278 hominum
579 3216 690 3289 indole,
705 3234 779 3296 quae
794 3215 859 3278 talis
875 3217 914 3279 sit
932 3217 961 3279 in
976 3225 1102 3297 utroque
1122 3236 1206 3290 sexu,
1231 3222 1263 3278 ut

119 3315 178 3379 alter
189 3318 308 3381 alterius
323 3317 428 3380 auxilio
445 3318 481 3381 ad
496 3317 571 3379 hene
584 3317 741 3380 vivendum
756 3316 896 3396 indigeat,
917 3319 1033 3400 sintque
1052 3318 1088 3380 ad
1114 3318 1166 3380 alia
1190 3319 1265 3380 ritae

43 3414 44 3419 ’
120 3418 201 3482 omna
218 3421 289 3495 viri,
305 3420 340 3483 ad
361 3420 414 3483 alia
432 3420 569 3481 mulieres
583 3428 688 3483 natura
704 3438 757 3483 sua
772 3420 913 3501 aptiores:
935 3431 964 3484 et
982 3422 1017 3483 ad
1040 3419 1171 3483 subolem
1188 3438 1263 3500 quo-

120 3536 167 3599 que
179 3522 389 3604 procreandam
402 3522 538 3586 homines
552 3539 614 3584 non
629 3542 664 3585 eo
681 3523 777 3585 solnm
798 3522 938 3586 instinctu
953 3525 1079 3597 moveri,
1095 3542 1154 3603 quo
1170 3530 1264 3585 cetera

120 3624 252 3700 amans,
267 3632 303 3689 ut
314 3634 434 3688 naturae
451 3626 579 3688 serviant
596 3626 712 3705 generis
732 3626 958 3707 propagatione,
979 3624 1030 3687 sed
1056 3625 1143 3688 etiam
1169 3625 1263 3688 mutui

120 3726 203 3790 amini
216 3737 245 3791 et
257 3727 392 3790 utilitah's
410 3747 427 3790 e
444 3726 544 3790 liberis
565 3727 767 3808 percipiendae
787 3746 883 3790 causa.
914 3729 1020 3791 Contra
1040 3728 1089 3791 ubi
1105 3730 1141 3791 ad
1162 3748 1263 3790 servo·

119 3843 176 3890 rmr
189 3829 389 3893 tractationem
405 3828 527 3905 accedit,
543 3828 616 3890 nihil
631 3829 667 3891 de
683 3828 829 3892 servitutis
843 3838 947 3892 natura
966 3838 995 3892 et
1010 3830 1135 3911 origine,
1151 3831 1264 3893 instans

121 3945 150 3990 an
162 3930 279 4008 inusta,
300 3940 330 3994 et
343 3949 467 4013 quanam
482 3940 640 4012 utrumque
655 3931 836 4005 conditione,
853 3931 1016 3994 necessaria
1038 3950 1075 3994 an
1091 3950 1263 4014 supervaca-

119 4046 166 4094 nea
178 4033 266 4097 rideri
280 4033 396 4109 debeat,
413 4034 547 4115 exponit,
563 4033 615 4096 sed
631 4052 691 4095 uno
711 4033 801 4096 verbo
818 4051 919 4095 servos
934 4026 1109 4118 κτημάτων
1131 4037 1265 4118 πρῶτον

120 4129 171 4197 zoi
183 4127 441 4221 ἀναγκαιότατον
451 4137 498 4212 ait,
513 4136 592 4217 quod
607 4135 646 4197 ita
662 4133 832 4216 simpliciter
846 4143 874 4198 et
889 4133 999 4215 absque
1013 4136 1264 4199 demonstratione

120 4236 238 4313 notun
252 4257 315 4301 non
331 4238 476 4300 immerito
491 4236 681 4299 Philodemus
696 4236 891 4316 reprehendit
920 4236 963 4299 Ac
977 4236 1002 4299 si
1018 4238 1084 4318 quis
1099 4238 1175 4300 hanc
1189 4258 1265 4318 quo·

122 4352 171 4415 qne
185 4338 408 4420 disputatimem
422 4347 580 4420 propterea
596 4337 737 4399 omissam
752 4354 818 4399 esse
838 4337 927 4412 dicat,
946 4339 1027 4420 quod
1045 4339 1076 4402 in
1090 4338 1219 4402 Politicis
1237 4340 1265 4411 1,

121 4437 181 4519 lp.
196 4442 304 4505 7-12
318 4450 452 4506 accurate
467 4448 641 4523 pertractata
656 4439 756 4501 haesit:
772 4438 858 4501 etlam
873 4438 934 4515 illa,
949 4459 1022 4521 quae
1037 4441 1073 4502 de
1088 4439 1141 4500 viri
1157 4446 1185 4498 et
1198 4455 1266 4497 nsu-

160 4540 206 4604 lll
857 4547 865 4569 ⁴
1027 4542 1065 4601 15
