3290 5142
886 452 907 519 8

314 642 423 706 eiectos
437 641 581 706 Pisistrati
601 642 678 717 tilios
693 643 920 724 restitutamque
933 649 964 706 et
982 641 1098 706 firmius
1116 641 1271 708 fundatam
1292 642 1478 709 adlisthena

316 744 434 806 Solonis
447 743 576 807 formam
589 744 634 807 rei
647 744 780 826 pubicae
794 744 998 819 Athenienses,
1014 745 1087 808 dum
1104 763 1170 809 eam
1180 746 1381 828 incomptam
1391 754 1478 811 tene-

314 846 394 917 bant,
409 846 500 926 gloria
515 846 679 929 opibusque
692 848 855 921 floruerint,
878 854 948 929 post
960 853 1072 922 autem,
1087 865 1181 929 quum
1195 848 1327 928 ingenita
1338 856 1370 911 et
1383 849 1477 913 inesi-

226 996 232 1005 .
314 949 413 1013 tabilia
426 950 576 1031 popularis
590 949 707 1031 imperii
721 949 798 1012 mala
812 967 877 1012 eam
893 948 1103 1029 corrupissent,
1120 967 1208 1030 quam
1228 949 1380 1031 praecipiti
1393 950 1479 1033 lapsu

314 1052 480 1127 ceciderint,
495 1070 643 1134 exponere
656 1053 715 1116 boc
728 1052 795 1115 loeo
808 1050 882 1114 nibil
904 1068 979 1133 opus
999 1058 1053 1113 cet.
1078 1049 1182 1132 Neque
1201 1050 1272 1114 illud
1290 1070 1308 1113 a
1326 1070 1478 1134 qucquam

314 1154 441 1235 ignorari
454 1162 603 1236 putamus,
618 1156 665 1217 vix
679 1153 771 1218 ullam
785 1152 877 1217 fuisse
891 1153 923 1216 in
937 1152 1057 1215 Graecia
1071 1152 1229 1227 civitatem,
1244 1154 1276 1216 in
1290 1172 1348 1235 qua
1359 1170 1421 1217 non
1435 1154 1477 1219 si-

314 1254 400 1318 miles
410 1262 500 1337 atque
513 1256 635 1319 Athenis
649 1256 811 1321 dbcordiae
823 1256 1070 1338 optimatiumque
1079 1261 1110 1317 et
1120 1255 1308 1337 popularium
1319 1256 1479 1320 eertunina

313 1363 508 1437 tyrannorum
517 1364 694 1440 proventum
705 1358 865 1433 cupierint,
879 1374 1008 1438 quorum
1022 1356 1090 1418 licet
1103 1373 1166 1420 non
1179 1356 1329 1438 parturiri
1342 1358 1478 1423 sollertes

314 1477 349 1523 ac
363 1461 478 1523 strenui
491 1468 665 1542 usurpatam
680 1480 698 1525 a
712 1479 745 1524 se
759 1466 938 1542 potestatem
952 1477 1022 1523 eum
1042 1476 1147 1541 magna
1166 1459 1368 1523 moderatione
1381 1461 1479 1524 bono·

314 1579 372 1643 que
386 1561 503 1643 publico
517 1568 697 1639 exercerent,
712 1579 860 1644 nusquam
874 1569 976 1625 umen
990 1560 1181 1624 diuturnum
1191 1560 1249 1625 hoe
1258 1578 1351 1642 genua
1362 1563 1479 1646 imperii

313 1681 441 1744 raroque
453 1682 471 1725 a
485 1663 617 1746 patribus
631 1664 669 1725 ad
683 1664 758 1727 filios
772 1665 949 1729 menolatum
963 1664 1108 1737 videmus,
1124 1662 1207 1727 cuius
1221 1663 1266 1726 rei
1284 1682 1359 1743 quae
1373 1683 1479 1730 causae

314 1766 425 1828 ineunt
439 1783 502 1830 non
516 1766 634 1830 difficile
649 1767 745 1831 estad
759 1765 989 1849 intelligendum.
1019 1765 1184 1830 laborabat
1198 1766 1279 1829 enim
1292 1783 1417 1848 ragnum
1430 1774 1479 1850 tp-

313 1884 486 1940 rannorum,
503 1869 637 1949 quamuis
652 1869 824 1949 ceteroquin
846 1868 973 1931 fortasse
992 1867 1151 1940 laudabile,
1168 1867 1227 1931 boc
1245 1869 1374 1931 marium
1388 1871 1478 1945 malo,

314 1968 394 2050 quod
408 1985 471 2030 non
484 1969 587 2052 patriis
602 1970 734 2033 moribus
748 1971 884 2052 avitoque
899 1971 963 2034 ium
976 1987 1032 2033 nec
1041 1970 1206 2035 voluntario
1216 1971 1324 2035 cisium
1335 1971 1478 2052 obsequio

314 2070 499 2146 sanciebatur,
519 2072 571 2135 sed
586 2073 837 2152 quemadmodum
852 2074 880 2136 ri
893 2078 1013 2155 partum
1027 2079 1099 2145 erat,
1109 2073 1153 2136 sic
1166 2073 1256 2137 etiam
1275 2074 1395 2137 retineri
1409 2081 1478 2138 tau·

313 2179 380 2236 tum
393 2191 447 2255 per
460 2173 519 2236 um
534 2180 660 2255 poterat,
676 2193 764 2255 quam
779 2175 900 2258 quidem
910 2183 993 2238 tanto
1004 2174 1206 2256 impatientius
1217 2177 1294 2239 cives
1304 2176 1479 2251 tolerabant,

315 2281 426 2356 quamo
447 2276 564 2358 saepius
582 2276 743 2351 accidebat,
770 2283 821 2351 ut,
837 2278 863 2339 si
876 2277 977 2341 minue
996 2277 1068 2358 ipsi,
1095 2278 1147 2358 qui
1166 2278 1255 2359 primi
1272 2294 1374 2342 rerum
1392 2278 1478 2361 potiti

314 2384 407 2451 erant,
422 2384 524 2440 umen
537 2396 643 2441 eorum
658 2396 842 2442 successores
857 2384 1004 2460 potestate
1019 2377 1107 2442 nullis
1130 2378 1241 2461 legibus
1261 2381 1387 2445 coerdta
1406 2398 1477 2445 cor-

312 2480 394 2561 rupti
408 2480 550 2543 traditum
562 2501 580 2545 a
595 2481 728 2563 patribus
741 2481 901 2564 imperium
916 2482 1044 2565 paternis
1058 2482 1169 2561 artibus
1184 2482 1311 2547 retinere
1329 2500 1391 2546 non
1405 2502 1477 2566 pos·

312 2588 394 2644 sent:
409 2589 444 2645 ut
457 2583 548 2647 etiam
562 2583 595 2646 in
605 2585 664 2647 hoc
677 2600 784 2665 genere
798 2584 878 2647 idem
889 2584 969 2667 quod
984 2586 1021 2648 de
1040 2584 1185 2649 veteribus
1205 2587 1303 2667 regnis
1322 2586 1419 2649 dicere
1439 2586 1476 2648 li·

313 2691 387 2759 ceat,
403 2685 590 2767 repudiatum
604 2704 669 2748 csse
683 2703 746 2748 non
759 2694 821 2749 tam
836 2688 920 2769 regni
934 2706 1023 2769 quam
1033 2688 1218 2768 regnantium
1228 2687 1317 2749 vitiis.
1338 2688 1476 2751 Ceterum

313 2789 442 2851 strenuis
454 2787 511 2851 illis
525 2795 614 2868 atque
627 2787 755 2852 fortibus
775 2790 921 2871 tyrannis,
935 2790 993 2873 [qui
1014 2796 1157 2873 occupato
1177 2790 1302 2872 imperio
1323 2789 1476 2854 discordiis

316 2890 449 2955 civilibus
464 2892 553 2954 fmem
568 2889 710 2966 fecerant,
725 2891 955 2974 haudquaquam
968 2893 1115 2956 honorem
1129 2908 1164 2956 ao
1176 2892 1307 2955 fauorem
1319 2893 1476 2974 sapientis·

313 2995 458 3059 simorum
473 3002 503 3058 et
517 2995 628 3078 patriae
638 2996 908 3061 amantissimorum
920 2996 1052 3059 virorum
1062 2994 1191 3058 defuisse
1204 2993 1347 3076 Aeschyli,
1358 2996 1477 3059 Pindari

312 3098 498 3181 aliorumque
511 3100 646 3180 exempla
664 3099 883 3175 demonstrant,
904 3118 979 3181 quos
996 3098 1076 3162 baud
1096 3096 1206 3160 invitos
1226 3097 1257 3159 in
1279 3115 1382 3161 eorum
1400 3099 1476 3162 aulis

311 3209 442 3264 versatos
452 3220 517 3264 esse
531 3200 691 3284 laudesque
705 3220 811 3266 eorum
825 3202 986 3266 celebrasse
1001 3206 1126 3281 constat.
1146 3199 1264 3263 Etcum
1274 3217 1335 3262 uno
1346 3200 1474 3274 illorum,

311 3304 438 3366 flierone
453 3305 647 3385 Syracusano,
663 3304 848 3368 Simonidem
863 3304 1029 3386 Xenophon
1040 3302 1259 3383 colloquentem
1268 3301 1348 3378 facit,
1364 3320 1476 3383 quum·

312 3423 370 3487 que
385 3405 410 3468 is
425 3405 462 3467 de
473 3404 616 3469 molestiis
630 3414 660 3471 et
674 3407 812 3489 periculis
825 3406 993 3489 tyrannicae
1006 3402 1095 3467 sortis
1108 3411 1234 3486 questus
1248 3410 1341 3479 esset,
1365 3406 1475 3469 conflr-

312 3515 444 3571 mantem
458 3526 529 3571 eum
539 3516 571 3571 et
584 3509 799 3584 cohortantem,
811 3517 846 3573 ut
856 3509 963 3573 mebus
975 3507 1012 3570 de
1022 3506 1190 3571 conditione
1200 3525 1254 3570 sua
1267 3507 1388 3570 sentiat:
1404 3525 1474 3572 uam

311 3628 398 3692 posse
413 3609 503 3673 eham
515 3617 641 3691 manno
657 3611 837 3694 contingere,
852 3619 888 3674 ut
901 3611 976 3674 bane
989 3609 1124 3675 faciendo
1138 3608 1273 3673 subditos
1283 3609 1341 3673 sibi
1351 3609 1476 3674 tirmiter

312 3711 457 3776 devinciat
469 3710 688 3795 imperiumque
703 3732 792 3777 suum
806 3730 909 3777 carum
931 3712 967 3776 iis
988 3719 1201 3795 acceptumque
1219 3711 1316 3776 faciu.
1345 3713 1476 3796 Apparet

264 3825 269 3837 ’
310 3814 381 3877 hinc
398 3830 510 3878 nomen
529 3821 722 3896 tyrannorum
742 3816 790 3880 illa
805 3822 906 3888 ¹aetate
926 3832 988 3879 non
1006 3821 1069 3879 tam
1089 3815 1227 3879 odiosum
1247 3834 1282 3879 ac
1303 3814 1475 3880 detestabile

310 3917 397 3981 bonis
412 3916 593 3981 urbanum
607 3937 688 3994 esse,
703 3936 792 4001 quam
812 3919 976 4001 posteriore
995 3924 1148 4001 tempore,
1170 3934 1264 4001 quum
1283 3916 1361 3982 aliud
1381 3936 1474 4000 genus

310 4026 505 4101 tyrannorum
519 4021 629 4102 passim
643 4020 786 4084 extitisset
800 4040 837 4084 ex
850 4020 1102 4085 mercenariorum
1117 4020 1247 4084 nuditum
1261 4019 1402 4096 ducibus,
1422 4021 1475 4103 qui

311 4123 456 4186 nuhasua
470 4122 578 4186 virtute
594 4122 645 4184 sed
667 4130 782 4187 tanmm
803 4124 931 4187 externis
950 4121 1064 4186 auxiliis
1082 4121 1152 4186 heti
1170 4122 1405 4188 dominationem
1425 4142 1475 4188 ar·

311 4225 473 4306 ripuerant,
490 4242 583 4308 eaque
596 4241 668 4299 non,
682 4231 717 4288 ut
729 4224 843 4308 priores
857 4224 908 4302 illi,
923 4225 959 4290 ad
974 4224 1104 4288 sananda
1118 4225 1243 4290 civitatis
1257 4225 1349 4302 mala,
1369 4225 1422 4290 sed
1435 4226 1474 4290 ad

311 4345 380 4391 suas
393 4345 578 4410 suorumque
587 4325 762 4409 cupiditates
772 4327 928 4412 explendas
938 4327 1118 4410 impotenter
1127 4347 1162 4393 ae
1170 4327 1258 4393 foede
1268 4327 1472 4393 abutebantur.

312 4428 372 4497 Sed
385 4429 474 4495 unius
489 4424 613 4513 raqhum
627 4429 801 4515 legitimum,
815 4430 950 4515 quamuis
960 4431 1140 4497 Gneoorom
1153 4431 1284 4497 ditatas
1295 4438 1473 4516 proptereat
