3276 5144
701 467 850 565 -a-os-

196 645 365 733 σύμβαμα.
393 653 487 717 Docet
499 653 558 717 hoc
572 652 742 720 scholiastes
758 654 923 718 Aristotelis
944 655 980 717 ad
995 653 1044 717 lib.
1060 654 1095 716 de
1110 650 1278 738 interpr.'p.
1298 656 1357 719 105

196 755 268 817 a20
287 756 333 817 ed.
348 756 466 831 Brand,
493 757 544 836 qui
567 757 805 819 commemoratis
830 757 885 818 illis
911 755 1153 836 appellationibus
1179 758 1259 820 verbi
1284 758 1358 825 liniti

195 866 348 939 postremo
360 860 455 921 addit:
477 854 582 920 ταῦτα
604 853 641 921 δὲ
663 853 775 919 πάντα
796 854 933 920 καλοῦσι
955 851 1093 940 ῥήματα.
1123 858 1245 922 Fallitur
1258 868 1358 922 tamen

195 960 284 1021 etiam
299 960 348 1022 hio
361 960 392 1021 in
406 980 453 1033 eo,
475 959 554 1041 quod
573 960 646 1022 nihil
661 960 801 1022 interesse
816 968 901 1040 putat
915 960 993 1022 iuter
1006 956 1218 1045 κατηγόρημα
1233 970 1262 1023 ct
1276 954 1356 1041 σύμ-

194 1061 300 1141 βαμαι
315 1070 432 1125 tantum
444 1064 523 1124 enim
538 1063 669 1137 interest,
684 1072 828 1145 quantum
840 1063 917 1125 inter
927 1082 1019 1143 genus
1030 1071 1061 1126 et
1072 1064 1210 1144 speciem,
1226 1073 1260 1126 ut
1271 1064 1357 1144 quid-

195 1164 266 1245 quid
286 1158 453 1244 σύμβαμα,
473 1163 610 1229 idetiam
625 1157 846 1248 κατηγόρημα,
869 1183 929 1227 uon
945 1170 1042 1227 autem
1058 1165 1202 1246 quidquid
1217 1159 1357 1249 κατηγό-

195 1284 294 1348 ρημα,
313 1267 343 1329 id
363 1267 449 1329 etiam
466 1261 624 1347 σύμβαμα
639 1269 695 1331 dici
709 1268 813 1349 possit.
844 1268 963 1330 llectius
977 1267 1085 1331 diacris
1100 1263 1313 1351 κατηγόρημα
1328 1273 1358 1330 et

195 1368 283 1452 ῥῆμα
296 1387 358 1431 non
372 1389 439 1432 raro
454 1371 558 1432 eodem
573 1388 663 1433 sensu
678 1389 693 1432 a
710 1370 813 1431 Stoicis
828 1370 975 1451 usurpari,
997 1370 1142 1451 siquidem
1157 1379 1285 1450 utroquo
1299 1388 1356 1432 no-

195 1470 275 1532 mine
296 1490 385 1533 omne
408 1489 500 1549 genus
515 1472 724 1535 vocabulorum
745 1471 889 1551 designari
906 1472 1047 1541 videmus,
1074 1490 1148 1550 quae
1161 1473 1356 1554 praedicando

193 1571 365 1647 inserviunt,
387 1573 452 1634 sive
472 1592 505 1635 ea
529 1575 650 1654 copulae
669 1575 729 1635 rim
750 1572 779 1634 in
799 1593 831 1634 so
852 1572 968 1646 liabent,
995 1581 1029 1634 ut
1049 1574 1210 1635 attribuant
1224 1573 1356 1636 subiecto

194 1673 321 1754 aliquam
337 1674 482 1736 actionem
499 1684 550 1737 aut
565 1676 732 1755 passionem
744 1675 826 1737 etsie
837 1675 976 1754 perlicere
989 1676 1218 1737 enuntiationem
1231 1676 1356 1756 possint,

194 1778 279 1855 quale
298 1784 345 1838 est
363 1777 485 1838 verbum
505 1778 633 1851 linitum,
660 1778 720 1839 sire
735 1778 856 1858 copulae
871 1777 898 1837 vi
914 1786 1015 1839 carent
1029 1784 1059 1838 at
1074 1778 1273 1858 adiunguntur
1288 1787 1355 1841 tan·

193 1885 257 1939 tum
283 1878 443 1958 explendae
469 1880 631 1941 sententiae
657 1880 879 1959 accuratiusque
899 1879 1080 1941 definiendae
1094 1899 1190 1951 causa,
1211 1880 1296 1960 quale
1310 1885 1356 1943 est

194 1979 373 2054 adverbium,
394 1982 473 2061 quod
494 1981 525 2042 iu
540 1974 663 2063 ῥήμασι
685 1989 873 2044 numeratum
891 1990 920 2042 et
934 1974 1145 2065 κατηγόρημα
1160 2001 1278 2063 quoque
1291 1983 1355 2047 dic·

193 2089 259 2144 tum
284 2102 347 2145 esse
372 2102 461 2163 supra
486 2083 677 2163 uidimusffl),
703 2090 791 2164 atque
817 2082 985 2155 infinitivus,
1012 2101 1099 2161 quem
1122 2104 1138 2145 a
1160 2085 1310 2147 nonnullis
1325 2085 1355 2146 in

193 2177 397 2269 ἐπιρρήμασι
421 2194 611 2248 numeratum
637 2204 701 2247 esse
726 2186 816 2248 modo
842 2205 878 2246 ex
901 2184 1055 2265 Apollonio
1082 2187 1280 2264 cognovimus.
1318 2188 1355 2250 lli

193 2293 292 2349 autem
308 2306 395 2366 quam
411 2290 450 2351 ob
465 2307 583 2350 causam
598 2288 772 2351 infinitivum
787 2306 802 2348 a
817 2288 907 2349 verbo
923 2287 1132 2366 seiungendum
1150 2306 1214 2348 esse
1230 2305 1354 2349 censue-

192 2390 262 2461 rint,
288 2391 471 2470 aliquatanus
497 2391 616 2471 quidem
638 2409 675 2451 ex
693 2388 849 2472 Apollonio
870 2389 942 2450 alisci
962 2399 1075 2469 potcst3
1101 2390 1152 2450 sed
1168 2408 1226 2469 quo
1242 2389 1355 2471 planius

192 2511 298 2555 corum
312 2493 386 2554 ratio
401 2493 588 2573 intelligatur,
602 2492 771 2554 addendum
786 2492 874 2554 etiam
891 2493 947 2555 hoo
958 2512 1022 2554 esse
1035 2492 1157 2563 videtur,
1172 2493 1251 2573 quod
1264 2511 1356 2574 prop-

192 2602 238 2657 ter
253 2595 437 2657 deiicientem
451 2612 594 2675 personae
609 2594 784 2675 numerique
798 2596 1029 2675 designationem
1041 2595 1201 2657 infinitivus
1212 2596 1275 2677 ipse
1285 2614 1355 2675 per·

192 2698 279 2759 licere
303 2698 537 2761 enuntiationem
562 2714 624 2758 non
643 2704 750 2778 potest,
774 2697 826 2758 sed
847 2697 1015 2777 adiungitur
1029 2705 1145 2787 tantum
1160 2698 1356 2759 enuntiationi

193 2817 247 2883 per
269 2801 390 2861 verbum
406 2800 522 2861 linitum
542 2801 662 2862 demum
678 2800 870 2880 perficiendae
885 2809 936 2862 aut
952 2800 1105 2880 perlectae.
1137 2800 1166 2860 ld
1183 2799 1354 2881 Apollonius

192 2900 254 2981 ipse
269 2902 406 2981 agnoscit,
423 2904 459 2963 de
474 2910 568 2963 const.
585 2902 635 2974 ΙΙΙ,
654 2904 692 2962 14
707 2921 737 2981 p.
754 2901 825 2972 234,
845 2901 898 2962 tu:
915 2893 952 2963 ού
976 2897 1037 2983 γὰρ
1058 2894 1078 2985 ἡ
1102 2896 1139 2976 ἐξ
1152 2890 1354 2984 αἰτορεμφύ-

192 3021 251 3064 του
267 2997 418 3078 σύνταξις
431 2996 617 3065 κατακλείει
631 2998 728 3082 λόγον
749 2993 778 3064 εἰ
792 2999 836 3085 μη
852 2994 1108 3087 donatiquos-iaia]
1125 2994 1169 3065 δι’
1185 2989 1230 3063 ὧν
1244 2992 1354 3088 ύιταρ-

262 3171 304 3233 34)
317 3168 354 3221 Cf.
368 3187 436 3236 supr.
451 3170 538 3235 p.22tl.
552 3172 576 3221 7.
589 3200 622 3208 -
635 3170 706 3236 Quod
719 3170 782 3235 apud
791 3170 889 3221 Suidom
902 3169 996 3233 legitur
1008 3186 1059 3222 av.
1073 3170 1155 3239 ῥῆμα,
1169 3173 1200 3222 ad
1209 3171 1354 3223 Stoicorum

193 3254 258 3305 haud
271 3256 344 3306 dubie
357 3256 497 3307 doctrinam
510 3257 650 3319 partinens:
672 3256 749 3325 ῥῆμα
770 3256 877 3323 λίγειαι
895 3252 911 3319 ἡ
930 3251 1025 3312 ἁπλῶς
1036 3254 1172 3327 ῥηματικὴ
1185 3253 1273 3325 φωνή,
1290 3250 1354 3310 οἷον

191 3335 300 3401 τύπτω,
318 3337 420 3408 γρόηιο
437 3337 534 3398 ἁπλοῖς
549 3338 640 3411 μόνον
651 3339 811 3408 λεγόμενον,
829 3342 965 3393 cavendum
978 3348 1018 3392 est
1031 3357 1062 3392 no
1074 3342 1111 3392 sio
1123 3343 1270 3407 accipiatur,
1288 3359 1318 3395 ao
1330 3344 1353 3396 si

192 3425 262 3475 aula
273 3425 377 3475 varbaa
392 3426 480 3476 stoicis
493 3423 604 3494 ῥήματα
621 3427 687 3479 dieta
699 3426 758 3476 sint.
784 3425 869 3477 Utitur
882 3425 914 3476 iis
927 3428 1040 3491 scriptor
1053 3435 1148 3479 tautum
1163 3443 1208 3492 pro
1221 3429 1351 3495 exemplis,

194 3525 242 3559 noo
255 3526 302 3575 quu
316 3510 365 3560 alia
380 3511 506 3561 excludat.
530 3511 556 3562 lu
571 3511 692 3575 proximis
705 3510 804 3560 verbis:
821 3510 852 3561 τὸ
872 3509 900 3562 di
919 3509 949 3562 ἔκ
961 3512 1010 3576 της
1022 3507 1114 3578 ἁπλῆς
1125 3512 1279 3583 ρΙηματικῆς
1291 3533 1353 3583 epao-

193 3594 243 3656 νῆς
259 3591 470 3663 σημαινόμενον
487 3599 674 3666 κατηγορία
692 3595 821 3659 καλεῖται,
840 3593 888 3644 luit
901 3611 980 3659 nuper
992 3596 1033 3662 qui
1046 3594 1225 3667 κατηγόρημα
1239 3601 1353 3651 scriban-

193 3679 249 3728 dum
262 3687 386 3741 censeret,
401 3695 505 3743 prorsus
518 3689 607 3730 contra
621 3686 726 3730 mcutom
740 3679 891 3727 Stoicorum.
913 3679 944 3728 lli
957 3680 1021 3729 enirn
1035 3677 1104 3729 illam
1117 3678 1283 3750 πράγματος
1294 3684 1318 3733 la.
1328 3700 1351 3747 a,

193 3764 303 3815 actionis
324 3772 368 3814 aut
388 3765 514 3828 passionis
535 3765 674 3829 notionem,
695 3779 758 3831 quae
779 3764 805 3814 ia
827 3763 892 3813 omni
909 3764 989 3815 verbo
1006 3764 1080 3825 inest,
1102 3770 1273 3833 κατηγορίαν
1293 3765 1352 3831 (τοῦ

194 3844 370 3920 πράγματος)
387 3849 514 3913 dixerunt,
529 3850 598 3901 volut
610 3866 683 3916 quum
695 3849 800 3901 dicimus
818 3845 927 3918 γράφω,
945 3845 1077 3919 γρόηειν,
1094 3849 1215 3921 ἔγραψα,
1231 3848 1352 3920 γρόιμαι,

191 3937 349 4004 γέγραπται
362 3943 420 3999 etc,
432 3936 494 3986 laaec
506 3937 589 3986 omnia
602 3938 669 3987 inter
680 3952 708 3987 sa
722 3950 874 3987 communem
887 3935 979 3987 babent
991 3940 1167 4003 κατηγορίαν,
1185 3944 1213 3988 ut
1225 3938 1352 3989 scribendi

181 4007 276 4073 actum
297 4021 415 4072 indicant.
440 4019 487 4073 Ubi
510 4036 632 4085 personae
653 4022 794 4086 designatio
816 4022 924 4083 accedit,
944 4020 1014 4071 velut
1030 4037 1103 4088 ηααια
1121 4021 1226 4073 dicimus
1242 4019 1352 4092 γράφω,

192 4104 319 4175 γράφεις,
338 4103 451 4177 γρόιρει,
468 4103 650 4175 κατηγόρημα
666 4107 768 4171 dicitur,
784 4109 840 4174 quia
853 4109 891 4157 sic
904 4107 1001 4156 demum
1014 4107 1175 4171 praedicandi
1187 4106 1270 4159 oilleio
1283 4107 1352 4174 iungi

192 4201 310 4256 possunt;
332 4194 374 4244 ubi
391 4200 474 4243 autem
492 4200 562 4242 certa
577 4207 684 4256 persona
697 4193 829 4255 indicatur,
842 4193 914 4242 velut
935 4189 987 4258 ἐγὼ
1007 4188 1117 4259 γρόηαι,
1139 4197 1219 4245 Δίων
1238 4191 1351 4264 γρόιγνι,

193 4276 257 4340 quod
279 4271 390 4344 ἀξίωμα
411 4284 459 4340 est,
481 4276 557 4327 etiam
579 4272 716 4347 σύμβαμα
737 4278 831 4328 dicitur
848 4276 888 4340 (ci.
906 4276 1028 4328 Priscian.
1042 4276 1132 4340 XVlll,
1145 4279 1162 4329 4
1174 4285 1200 4329 ct
1213 4294 1275 4344 quae
1286 4294 1301 4329 a
1313 4294 1352 4330 mo

195 4362 310 4425 exposita
331 4368 390 4412 suot
411 4363 436 4413 io
457 4360 547 4413 Aonal.
569 4361 658 4425 philol.
683 4361 747 4412 1869
769 4378 792 4427 ρ.
805 4363 855 4413 467
876 4364 948 4429 sqq).
974 4361 1091 4415 Ceterum
1111 4367 1281 4432 κατηγορίαν
1300 4365 1352 4417 τοῦ

194 4441 362 4517 πράγματος
375 4448 461 4499 eodem
473 4465 521 4516 quo
534 4447 613 4499 Stoici
626 4463 702 4500 sensu
715 4449 790 4501 etiam
802 4446 951 4514 Apollonius
964 4447 1034 4513 dicit,
1046 4449 1076 4499 de
1089 4448 1191 4500 adverb.
1204 4465 1227 4515 ρ.
1237 4449 1295 4514 539,
1307 4449 1350 4501 28.
