3284 5152
675 480 826 576 -ffl,

167 667 214 729 lus
228 666 351 740 Atticus,
367 673 465 729 vetera
479 667 585 731 morbo
601 668 711 731 levatus
726 675 755 730 et
769 669 804 731 ad
820 685 923 731 sanam
937 675 1070 731 mentem
1082 675 1245 743 revocatus,
1262 669 1333 752 quid

167 770 199 833 iu
213 776 366 852 posterum
380 770 416 832 de
432 770 490 833 isto
505 788 611 851 genere
631 770 763 833 tacturus
783 770 823 832 sit
844 771 1015 851 profitetur:
1041 764 1216 852 ἀναγκάσω
1237 793 1333 856 κυνη-

167 872 272 955 γετεῖν
293 866 356 955 ἐγώ
378 866 514 948 τούτους
535 865 686 948 ἅπαντας
707 869 939 954 παυσαμένους
959 868 1200 959 ψηφισμάτων
1223 894 1333 956 quum-

167 993 226 1056 que
241 976 271 1037 in
286 974 419 1039 Nubibus
433 995 460 1037 a.
475 975 556 1038 1018
572 982 727 1057 corruptae
741 976 909 1057 disciplinae
924 976 1056 1057 publicae
1080 978 1211 1041 fructum
1227 973 1332 1059 γλῶτ-

166 1098 226 1140 ταν
245 1071 399 1162 μεγάλην,
423 1073 588 1165 ψήφισμα
608 1075 734 1164 μακρὸν
755 1079 821 1155 dici,
847 1099 882 1142 ac
910 1079 1011 1143 statim
1038 1080 1144 1143 deinde
1165 1079 1332 1145 Antimachi

166 1174 440 1266 καταπυγοσύνην
453 1182 533 1262 tangi
547 1183 707 1257 rideamus,
725 1188 807 1247 tauto
822 1183 921 1245 miuus
936 1183 1147 1259 dubitabimus,
1164 1184 1236 1265 quin
1251 1183 1332 1248 hunc

166 1282 375 1367 Aristophanes
390 1286 477 1349 etiam
492 1287 523 1350 in
537 1287 641 1351 eodem
664 1286 712 1350 illo
733 1304 840 1368 genere
860 1287 1065 1350 numeraverit.
1095 1287 1169 1350 Nam
1185 1295 1219 1349 ut
1233 1287 1269 1351 ab
1284 1306 1331 1360 eo,

165 1387 216 1467 qui
230 1387 261 1449 in
275 1388 512 1454 Acharneusibus
526 1391 684 1466 vellicatur,
699 1391 780 1454 hunc
794 1389 826 1452 in
841 1389 975 1453 Nubibus
989 1389 1142 1452 diversum
1157 1388 1249 1453 luisse
1264 1408 1330 1452 cre·

166 1488 281 1563 damus,
297 1509 371 1572 quae
385 1494 597 1557 nonnullorum
612 1493 711 1576 opinio
726 1494 831 1570 fuiti),
846 1493 926 1557 nulla
939 1492 1072 1574 protecto
1087 1500 1243 1555 causaest.
1275 1492 1331 1555 tle·

166 1598 264 1655 terum
289 1612 349 1675 quo
372 1595 436 1658 iure
463 1616 555 1677 quam
580 1597 685 1660 iniuria
710 1599 791 1660 hunc
810 1595 1017 1659 Antimachum
1039 1600 1099 1658 tam
1116 1594 1331 1658 contumeliose

165 1695 376 1777 Aristophanes
391 1700 566 1774 tractarent,
581 1700 708 1767 discerni
726 1718 807 1763 nunc
828 1716 890 1761 non
908 1706 1023 1781 potest:
1047 1697 1208 1760 carendum
1230 1705 1331 1762 tamen

165 1816 231 1860 esse
246 1799 388 1875 dicemus,
404 1819 441 1864 ne
457 1801 545 1865 nimis
560 1802 619 1865 cito
635 1802 739 1865 comici
754 1809 858 1883 poetae
873 1801 1010 1864 conviciis
1021 1801 1111 1864 tidem
1126 1800 1328 1882 adiungamus.

166 1900 280 1982 Quippe
295 1904 456 1983 aegerrime
470 1904 583 1968 ferebat
597 1904 806 1986 Aristophanes
822 1905 970 1987 ceterique
982 1904 1060 1966 haud
1075 1904 1162 1967 dubie
1174 1904 1279 1968 comici
1293 1905 1329 1966 li-

166 2000 273 2065 bertati
288 2022 359 2066 suae
372 2012 423 2068 aut
437 2006 536 2086 potius
551 2007 684 2069 licentiae
696 2007 804 2088 aliquid
819 2006 894 2068 freni
904 2007 1112 2069 Antimachum
1124 2007 1150 2069 si
1162 2008 1260 2069 minus
1271 2008 1329 2069 irn-

165 2103 309 2185 posuisse,
325 2113 404 2169 eerte
419 2112 519 2170 temen
534 2109 686 2190 imponere
700 2096 838 2171 cenatum
854 2127 927 2170 esse.
958 2108 1059 2189 Neque
1075 2108 1103 2169 id
1118 2110 1191 2171 adeo
1207 2108 1328 2171 mirabi-

165 2224 234 2269 mur
247 2225 323 2272 nora
337 2209 470 2291 exempla
484 2218 654 2294 reputantes
665 2218 815 2274 certorum
827 2210 991 2284 hominum,
1006 2210 1058 2291 qui
1067 2211 1231 2274 libertatem
1244 2230 1330 2275 suam

164 2307 277 2389 legibus
296 2312 439 2376 mentam
459 2313 596 2376 imminui
610 2314 769 2389 clamitant,
785 2314 843 2376 nisi
862 2313 1061 2389 adversarios,
1082 2314 1133 2377 ubi
1156 2333 1221 2377 rera
1240 2332 1328 2395 argu·

112 2404 118 2413 ’
164 2419 264 2475 menta
279 2413 429 2491 deficiunt,
445 2416 534 2478 ctiam
549 2417 686 2480 conviciis
701 2417 838 2481 insectari
853 2417 1072 2499 calumniasque
1087 2418 1118 2480 in
1132 2437 1186 2480 eos
1207 2416 1334 2505 iaculari⁸

163 2515 286 2599 impune
299 2518 393 2592 deest,
409 2525 440 2580 et
453 2519 531 2601 leges
546 2538 720 2585 communes
734 2540 769 2586 ac
783 2518 906 2600 legitimi
924 2519 1022 2583 iudicii
1043 2520 1328 2584 animadversionem

164 2618 259 2682 vereri
272 2618 436 2686 iubeantur.

248 2721 283 2784 ln
297 2725 401 2788 eodem
417 2728 531 2791 candeo
547 2748 573 2791 r.
594 2728 673 2791 trba
688 2728 816 2793 alterum
829 2728 950 2801 malum,
967 2727 1046 2809 quod
1060 2724 1238 2790 Antimacho
1253 2726 1327 2789 eho·

162 2841 214 2887 rus
228 2824 415 2908 imprecatur,
430 2829 489 2893 hoc
503 2838 563 2893 est:

362 2938 518 3031 ἠπιαλῶν
539 2945 601 3031 yolo
622 2942 731 3014 οἴκαδ’
752 2945 791 3028 ἐξ
810 2942 981 3024 ἱππασίας
1002 2942 1156 3030 βαδίζων,

362 3037 435 3113 εἶτα
446 3045 602 3127 κατάξειέ
613 3072 666 3128 τις
678 3045 778 3115 αὐτοῦ
792 3048 926 3132 μεθύων
937 3048 997 3136 τήν
1008 3045 1156 3136 κεφαλὴν
1164 3041 1324 3134 Ὀρέστης.

161 3166 203 3230 De
217 3170 364 3249 argutaris
380 3172 520 3235 orationis
533 3172 589 3234 diei
603 3190 665 3233 non
681 3191 756 3254 opus
772 3180 825 3246 est,
842 3172 950 3253 quippe
965 3173 995 3235 in
1011 3192 1068 3253 qua
1083 3190 1172 3233 nemo
1186 3171 1244 3232 nisi
1267 3170 1325 3232 im·

161 3269 273 3349 peritus
297 3271 416 3336 haerere
443 3276 550 3355 possit,
577 3293 674 3358 neque
693 3275 761 3338 illud
784 3292 908 3355 quaero,
934 3276 1081 3337 rectiusne
1099 3269 1158 3356 τὴν
1179 3269 1327 3357 κεφαλήν

161 3372 318 3445 scribatur,
333 3393 370 3436 au
389 3376 449 3459 τῆς
462 3374 622 3462 κεφαλῆςε
650 3378 754 3441 licebat
768 3377 849 3439 enim
870 3377 1057 3450 utrumlibet,
1077 3395 1110 3439 ae
1130 3376 1323 3463 Dindortium

160 3475 211 3554 qui
222 3475 292 3537 olim
304 3478 463 3558 genitivum
475 3483 659 3560 praetulerat
672 3498 752 3543 nune
762 3481 794 3542 iu
804 3480 973 3561 nuperrima
987 3478 1114 3540 editione
1125 3478 1324 3540 accusativum

160 3577 325 3656 reposuisse
340 3580 438 3654 ride03
460 3581 511 3643 sed
527 3582 564 3644 de
583 3582 688 3644 Oreste
702 3583 761 3645 falli
781 3602 833 3646 eos
854 3582 995 3656 arbitror,
1017 3581 1153 3663 quivere
1174 3580 1323 3661 quendam

160 3678 219 3741 hoc
233 3681 353 3743 nomine
373 3689 568 3763 grassatorem
590 3693 770 3748 nocturnum
789 3685 913 3747 Athenis
935 3685 1027 3748 fuisse
1046 3684 1178 3747 eredunt.
1209 3683 1324 3745 Falsum

225 3958 252 4024 3)
264 3956 323 4011 ruit
334 3959 360 4011 ln
371 3957 411 4011 bia
423 3958 499 4010 stiam
510 3959 648 4013 scholiasta
660 3961 692 4012 ad
703 3958 769 4013 Nub.
782 3975 808 4011 r.
823 3958 888 4012 tort
895 3995 904 4024 ,
922 3959 978 4026 qai,
990 3965 1121 4026 postquam
1140 3958 1223 4024 illum,
1240 3956 1323 4023 cuius,

158 4044 193 4097 ibi
204 4041 423 4116 καταπυγοσύνη
438 4052 548 4110 notatur,
561 4042 598 4104 oie
609 4044 739 4100 κίναιδον
750 4046 797 4097 καὶ
810 4038 956 4115 εὔμορφον
965 4042 1167 4112 emundandae
1177 4046 1251 4110 dixit,
1264 4051 1323 4110 post

158 4146 213 4182 eum
224 4131 321 4199 aliquot
332 4132 495 4199 cognomines
507 4147 666 4197 enumerans,
678 4132 703 4183 in
714 4132 754 4183 bis
767 4131 846 4183 tertio
859 4128 915 4181 loeo
925 4127 975 4181 τὸν
989 4127 1131 4194 Ψακυὶδος,
1140 4132 1228 4196 quinto
1238 4137 1322 4182 autem

157 4215 207 4268 τὸν
223 4213 449 4287 ἱστοριογράφον
464 4226 586 4286 numerat,
608 4234 656 4269 non
677 4218 822 4283 intelligens
843 4217 909 4268 hune
929 4215 1019 4282 ipsum,
1038 4230 1110 4282 quem
1127 4217 1159 4268 ob
1175 4215 1323 4287 ξυγγραφῆ

157 4303 296 4370 tepitheton
308 4312 461 4357 commentos
471 4312 519 4367 ast,
531 4301 581 4355 τὸν
596 4296 730 4360 utendam
747 4316 812 4353 esse.
835 4299 964 4366 Quumque
981 4300 1050 4352 addit
1066 4300 1096 4352 da
1112 4300 1318 4366 historiographo

157 4383 229 4455 τάχα
241 4385 271 4440 tt
285 4384 368 4447 αὐτός
379 4393 440 4455 (scr.
452 4384 468 4439 ὁ
480 4383 571 4455 αὐτός)
584 4384 646 4443 ἔστι
655 4389 694 4457 τῷ
707 4381 850 4459 εὐμόρφῳ,
863 4402 911 4438 non
923 4386 1031 4452 corrigit
1038 4401 1161 4453 errorem,
1174 4386 1219 4437 ssd
1228 4391 1321 4460 anget=

157 4469 263 4525 debehat
275 4474 366 4526 salton
377 4474 463 4527 dicere
475 4470 548 4543 τάχα
561 4472 591 4528 dl
605 4469 619 4527 ὁ
633 4470 718 4534 αὐτός
728 4471 787 4527 ἐστι
801 4473 842 4541 τῷ
857 4467 998 4531 standene.
