3190 5136
862 417 921 481 174

314 602 436 683 peperit.
466 603 566 683 Neque
580 604 659 667 euiru
673 602 789 677 dubito,
808 600 894 682 puin,
913 618 981 665 eiua
1001 598 1198 675 Blomfieldio,
1222 597 1411 665 scribendum
1431 598 1470 663 eit

316 697 413 767 πόλει
435 700 494 784 μὲν
516 698 607 780 ἕλκος
629 695 663 767 έν
684 699 723 767 τὸ
746 697 867 788 δήμιον
887 695 1017 780 τυχόν,
1033 700 1225 782 ουοτυχεῖν,
1240 708 1273 764 ut
1287 702 1402 766 codices
1416 702 1469 765 hu

313 807 392 869 beot.
431 808 496 870 Duo
521 802 660 892 πήματα
682 797 831 873 &crevero
853 805 975 869 naeuus
992 814 1219 881 commemorat,
1233 804 1357 871 alterum
1369 805 1469 886 publi-

315 929 394 985 cum,
409 910 560 973 universae
574 911 680 975 civitati
693 928 788 990 grave,
803 905 843 973 τὸ
857 904 977 992 δήμιον
991 902 1096 986 τυχόν,
1113 909 1233 973 ailarmu
1249 907 1370 988 singulis
1385 908 1469 970 lami-

312 1014 358 1075 liis
375 1014 547 1087 dolendum,
566 1008 711 1087 πολλούς
734 1007 865 1074 πολλῶν
886 1005 1122 1086 ἐξοινωθέντας
1144 1004 1264 1090 δόμων.
1301 1011 1374 1073 Nam
1396 1003 1433 1087 ἐξ
1455 1046 1469 1055 -

312 1110 493 1191 messem
528 1137 583 1198 pro
619 1108 870 1196 ἐξαγισθέντας,
900 1114 979 1193 quod
1012 1112 1043 1174 in
1080 1113 1166 1175 codri
1197 1122 1256 1189 est,
1293 1113 1472 1177 confidenter

312 1220 517 1299 reponendum
531 1239 599 1283 esse
612 1219 666 1281 uio.
712 1217 825 1290 Quodsi
844 1217 876 1279 in
895 1216 1047 1297 superiore
1067 1215 1201 1279 membro
1221 1215 1328 1295 τυχεῖν
1342 1216 1470 1291 dixisset,

313 1321 411 1385 debuit
423 1322 513 1385 etiam
527 1322 558 1384 iu
572 1321 661 1385 altero
676 1321 811 1383 membro
832 1319 1006 1383 inanimum
1022 1312 1258 1404 έξανυσδήυαι,
1274 1337 1336 1383 uon
1357 1312 1470 1395 έξμνυ-

312 1418 456 1499 σθέντας
463 1425 566 1499 dicere,
578 1424 635 1487 uisi
643 1425 721 1485 lorte
733 1433 848 1502 gratum
860 1424 954 1487 lucere
966 1421 1163 1501 grammaticis
1171 1422 1355 1503 quibusdum,
1369 1422 1470 1494 voluit,

312 1535 346 1588 ut
357 1527 415 1589 hoc
426 1544 544 1608 quoque
558 1535 686 1591 mutulae
705 1527 807 1591 subito
826 1534 989 1591 structurae
999 1525 1165 1605 exemplum
1185 1524 1247 1589 eliis
1261 1544 1279 1587 e
1294 1545 1327 1587 se
1341 1524 1470 1589 collectis

310 1629 458 1693 adderent
503 1631 559 1693 Sed
585 1631 617 1693 hl
642 1630 770 1695 conteuti
796 1648 863 1693 esse
887 1635 1027 1707 poterunt
1047 1647 1097 1702 eo,
1123 1628 1203 1707 quod
1226 1627 1325 1708 paullo
1343 1628 1418 1691 ialra
1442 1648 1469 1699 u.

312 1732 490 1797 624-626
508 1734 564 1796 sibi
585 1734 713 1796 oblatum
737 1734 842 1797 rideul.
868 1766 912 1775 —
937 1730 1068 1809 Denique
1092 1749 1118 1792 v.
1140 1730 1201 1793 623
1224 1726 1355 1795 παιᾶνα
1376 1721 1470 1795 τόνδ’

307 1825 462 1915 Ἐρινύων
476 1854 537 1898 σου
552 1845 651 1916 polest
671 1856 769 1901 rerum
791 1854 866 1897 esse.
898 1832 1000 1913 Neque
1019 1831 1100 1897 euim
1115 1853 1157 1908 es,
1172 1852 1246 1912 queo
1260 1833 1291 1897 iu
1305 1832 1470 1913 superiori

309 1935 365 1997 hus
391 1938 522 2001 versibus
550 1939 783 2002 conditionaliter
808 1938 988 2007 dictasunt,
1018 1927 1098 2001 όταν
1120 1926 1151 1997 δ’
1173 1925 1323 1998 δι’πευκτα
1344 1926 1472 2020 πήματ’

310 2028 445 2119 ἅγγελος
459 2033 554 2127 φέρῃ,
571 2060 626 2120 pro
644 2061 776 2122 paeane
790 2038 979 2102 Furiarum
994 2037 1093 2101 heberi
1109 2046 1245 2118 possunt
1276 2038 1470 2105 Scribonium

309 2139 396 2219 lgitur
409 2139 541 2205 παιᾶνα
561 2140 626 2205 τῶν
645 2135 806 2228 Ἐρινύων.
844 2141 988 2204 Codicum
1002 2140 1145 2219 scripture
1158 2140 1228 2205 hiae
1238 2148 1302 2205 orla
1316 2151 1374 2215 est,
1391 2141 1470 2221 quod

310 2262 402 2323 quum
415 2237 473 2308 τόν
491 2265 545 2324 pro
560 2244 626 2307 τῶν
641 2247 783 2326 scriptum
800 2253 892 2317 esset,
909 2251 1090 2307 correctores
1106 2242 1241 2305 fulciendi
1261 2260 1364 2309 uersus
1380 2244 1471 2323 graue

309 2345 377 2409 illud
390 2338 423 2408 δ>
438 2347 618 2411 addiderunt.
649 2349 794 2412 Articulus
810 2355 908 2411 autem
922 2354 1002 2408 unio
1014 2345 1113 2409 miuus
1125 2346 1271 2411 olleudere
1282 2346 1379 2420 delet,
1391 2346 1470 2426 qcicd

305 2438 459 2528 Ἐρινύων
478 2466 588 2512 nomeu
608 2450 811 2532 appellativum
831 2448 925 2527 magis
941 2466 1028 2528 quam
1044 2448 1198 2529 proprium
1223 2456 1277 2510 est
1317 2448 1380 2510 llid.
1396 2467 1471 2527 quae

309 2549 367 2610 dixi
382 2551 417 2611 ad
433 2551 517 2613 Eum.
533 2571 563 2632 p.
573 2553 629 2615 63.
651 2554 692 2615 Cl.
709 2553 810 2614 Prom.
825 2571 851 2613 v.
865 2552 945 2615 940:
962 2541 995 2612 οὶ
1010 2547 1266 2635 προσκυνοῦντος
1279 2546 1338 2635 τήν
1347 2541 1470 2634 Ἀδρύ-

308 2668 422 2714 στειαν
443 2646 552 2740 σοφοί.

255 2766 285 2815 31
394 2755 428 2816 ln
458 2758 579 2820 secundi
609 2758 723 2821 stusimi
753 2758 875 2838 stropha
904 2756 1032 2821 secunde
1062 2775 1087 2817 v.
1115 2756 1176 2818 697
1202 2775 1267 2836 sqq.
1293 2754 1469 2836 Aeschylum

309 2858 464 2938 scripsisse
478 2859 626 2939 suspicor:

450 2955 558 3023 πολέα
580 2952 677 3039 δ’έσχ’
700 2956 734 3024 ἐν
756 2954 919 3041 ἀγκύλαις
939 2955 1121 3047 νεοτρόφου
1141 2954 1252 3024 τέκνου
1276 2953 1381 3038 δίκαν,

450 3060 652 3148 φαιδρωπδυ
674 3056 756 3126 ποτὶ
776 3063 870 3147 χεῖρα
891 3054 1046 3126 σαίνοντα
1067 3059 1211 3145 γαστρός
1232 3054 1401 3145 ἀνάγκαις.

307 3164 428 3227 Codices
451 3166 558 3227 habent
576 3160 780 3250 peripatercis
801 3177 831 3227 et
845 3158 967 3229 σαίνων
980 3186 1029 3239 τε,
1050 3184 1138 3245 quam
1157 3166 1313 3231 lectionem
1326 3167 1377 3246 qui
1392 3166 1470 3231 tueri

307 3266 414 3339 voleat,
429 3266 476 3328 liis
492 3285 612 3328 necesse
627 3267 682 3329 erit
696 3277 747 3331 aut
761 3259 839 3331 έσκε
852 3268 1056 3331 seriberecum
1072 3269 1234 3348 prioribus,
1247 3277 1298 3333 aut
1312 3260 1385 3348 ἔσχε
1398 3288 1468 3333 oum

306 3369 474 3431 llermauno
494 3369 616 3435 ueutmll
636 3369 800 3449 significatu
818 3370 931 3435 dictum
946 3380 1088 3444 statuere,
1102 3373 1185 3450 quod
1203 3371 1413 3452 querulorum
1429 3371 1469 3433 sit

306 3470 336 3531 ia
350 3470 410 3535 hoo
429 3479 568 3533 contextu
586 3472 734 3535 neminem
754 3472 851 3537 fellere
877 3482 984 3552 potest.
1014 3473 1133 3537 lloreclit
1165 3474 1248 3552 quod
1271 3474 1304 3539 iu
1330 3474 1468 3539 codicum

305 3574 449 3652 scripurre
464 3590 526 3635 nou
537 3582 616 3636 recte
631 3575 788 3654 separatim
803 3584 955 3655 pouunlau
971 3595 1045 3657 quae
1062 3595 1110 3638 res
1126 3575 1190 3655 ipsa
1206 3576 1344 3656 coniungi
1360 3586 1468 3655 postu-

226 3690 234 3697 ·
305 3675 354 3745 lat.
383 3676 456 3741 Nem
470 3694 534 3741 nou
548 3676 626 3741 aliud
640 3686 687 3741 eet
700 3673 895 3763 φαιδροπδς
908 3672 989 3741 ποτὶ
1004 3678 1114 3759 χεῖρα,
1130 3677 1209 3743 uiuo
1222 3686 1320 3743 autem
1335 3669 1468 3751 σαίνων,

305 3778 357 3843 sed
372 3778 484 3843 calulus
499 3778 545 3841 ille
564 3779 658 3843 leonis
685 3773 768 3843 ποτὲ
788 3778 882 3863 χεῖρα
904 3773 1012 3843 σαίνοι
1033 3775 1248 3865 φαιδρωπός,
1269 3782 1310 3847 ad
1325 3798 1466 3847 manuue

306 3880 441 3951 domiui
457 3880 620 3945 hilariter
635 3882 783 3945 adolens
797 3883 945 3949 aceedit.
977 3883 1111 3963 Vulgalae
1127 3882 1245 3947 lectioni
1265 3883 1469 3964 nihilpreeter

305 3984 439 4049 codicum
465 3985 664 4049 auctoritatem
690 3985 902 4064 patrocinatur,
928 4005 1001 4066 quae
1027 3986 1128 4067 quanti
1154 3986 1284 4051 lucenda
1303 3986 1355 4061 sit,
1371 3985 1401 4051 iu
1416 3986 1467 4049 uis

306 4086 478 4166 praesertim
498 4087 613 4153 fabulae
630 4086 776 4166 partibus,
797 4086 846 4151 ubi
868 4088 1016 4153 lledioeue
1035 4089 1143 4163 defiet,
1161 4089 1264 4168 peritis
1277 4089 1389 4168 erponi
1403 4108 1467 4151 noa

306 4208 382 4269 opus
398 4198 451 4252 est.
463 4224 504 4235 -
515 4190 615 4269 Neque
629 4196 707 4251 recte
717 4188 917 4253 llermanuum
933 4211 958 4253 v.
974 4190 1036 4255 693
1047 4177 1108 4253 ὧδ’
1123 4208 1178 4270 pro
1191 4182 1295 4265 οὕτως
1307 4191 1469 4271 scripsisse

305 4301 386 4372 puto.
416 4291 551 4357 Mulanda
573 4290 673 4369 polius
692 4290 746 4353 luit
765 4292 963 4373 antistropha,
976 4312 1002 4353 κ.
1020 4293 1081 4355 700
1097 4311 1163 4373 sqq.
1179 4293 1210 4354 in
1231 4294 1311 4359 huuc
1325 4295 1468 4364 merium:

303 4388 494 4480 χρονισθεὶς
516 4382 724 4469 δ’όπόδειξεν
739 4386 812 4459 έ-
825 4397 892 4470 θος
912 4391 952 4458 τό
974 4391 1058 4479 πρὸς
1076 4388 1213 4459 τοκέων·
1234 4390 1331 4481 χάριν
1346 4430 1389 4445 -—
1405 4392 1468 4479 peip
