3266 5140
886 468 947 530 438

337 653 514 716 eoniieerent
533 653 700 736 Ninumqne
717 656 861 738 supplicio
877 655 1034 729 allloerent,
1049 673 1111 718 non
1126 655 1205 735 qnod
1221 673 1297 717 nova
1310 655 1432 719 numina
1446 655 1494 716 in-

338 756 551 832 troduxissent,
569 759 620 819 sed
639 759 720 839 quod
740 759 854 821 vesanis
873 765 960 837 atqua
978 757 1077 838 impiis
1096 757 1202 820 ritibus
1221 757 1370 819 autetiam
1385 759 1495 820 vened-

336 857 389 920 eiis
409 877 535 939 poenam
556 859 742 923 meruissent.
771 861 826 923 dlii
846 869 961 935 autem,
981 860 1030 940 qni
1050 861 1212 923 eorundem
1226 859 1381 922 numinum
1400 860 1493 921 saeris

336 961 544 1040 operabantur,
564 962 617 1024 tuti
632 982 648 1024 a
663 980 759 1044 poena
773 971 869 1037 erant,
890 962 961 1024 dum
975 980 1071 1043 neque
1085 961 1216 1043 publieas
1229 961 1385 1042 religiones
1404 962 1494 1025 viola·

335 1071 403 1124 rent
415 1079 512 1143 neque
526 1063 579 1126 alia
592 1064 732 1127 maleficia
747 1064 972 1127 committerent

421 1164 557 1226 Ceterum
573 1164 685 1228 Sabazii
699 1183 790 1239 saera,
805 1165 938 1246 quamvis
952 1150 1062 1228 mtdtos
1076 1164 1218 1229 baberent
1236 1165 1362 1229 asserius
1376 1173 1406 1228 et
1419 1166 1494 1229 tbia·

261 1278 264 1287 ·
336 1271 433 1341 sotas,
447 1280 565 1346 semper
578 1274 676 1329 tamen
690 1266 801 1349 privata
816 1268 962 1330 mansisse
972 1285 1068 1349 neque
1081 1286 1213 1349 unquam
1229 1268 1343 1348 publioe
1358 1276 1494 1348 snseepta

336 1384 402 1428 esse
417 1366 564 1430 ridentur:
583 1368 666 1430 lintri
686 1369 810 1431 deorum
829 1369 972 1449 templum
991 1368 1109 1449 quidem
1130 1369 1305 1443 dedimtum,
1323 1369 1360 1431 de
1377 1368 1493 1449 publico

336 1477 434 1531 autem
449 1469 511 1532 eius
527 1470 599 1533 deae
613 1471 692 1533 eultu
706 1470 778 1533 nihil
793 1471 919 1552 amplius
929 1471 1089 1534 memoriae
1099 1471 1238 1534 uadimm
1252 1490 1319 1535 esse
1332 1470 1391 1533 iam
1404 1489 1494 1550 snpra

335 1570 471 1633 diximus.
521 1572 588 1634 Non
618 1580 714 1636 tumen
734 1573 819 1653 plano
840 1574 947 1636 desunt
965 1574 1187 1655 peregrinomm
1205 1591 1359 1636 sacromm
1379 1572 1495 1653 publiee

336 1681 545 1754 susceptorum
565 1675 709 1757 exempla,
729 1694 856 1756 quorum
880 1695 972 1741 unum
991 1678 1180 1740 notissimum
1203 1684 1251 1740 est
1268 1677 1493 1741 Bendideorum.

335 1775 402 1839 Fuit
424 1777 503 1839 enim
524 1776 631 1840 Bendis
655 1779 802 1841 Thracum
824 1779 890 1852 dea,
914 1798 1002 1861 qnam
1022 1780 1152 1860 plerique
1166 1799 1233 1843 euim
1248 1780 1350 1853 Iliona,
1364 1780 1411 1841 elii
1426 1798 1494 1842 nrm

335 1878 457 1953 Hecate,
477 1879 524 1941 alii
543 1879 630 1942 etiam
650 1898 717 1943 eum
733 1881 912 1962 Proserpina
928 1890 978 1944 aut
997 1891 1205 1962 compararunt
1223 1890 1273 1946 aut
1288 1881 1493 1953 confuderunt,

335 2000 391 2043 neo
403 1981 527 2044 dubitari
541 1982 728 2063 potestquin
743 2001 824 2046 saera
838 1984 900 2047 eius
915 1984 1103 2047 aThraeibus
1115 1983 1271 2065 inquilinis,
1282 2002 1409 2065 quorum
1416 1984 1494 2047 mod

335 2082 457 2163 exiguum
481 2102 621 2146 nummus
646 2085 768 2148 Athenis
793 2086 978 2166 maximeque
1001 2086 1033 2148 in
1064 2085 1183 2149 Piraeeo
1213 2086 1280 2161 brit,
1309 2086 1341 2148 in
1369 2085 1493 2149 Atticam

335 2186 472 2248 translata
486 2186 554 2247 sint.
585 2186 643 2248 Sed
658 2187 730 2249 haee
743 2187 921 2268 aliquamdiu
940 2188 1073 2268 privatim
1093 2196 1208 2251 tantum
1227 2186 1444 2251 celebrabantur
1457 2188 1494 2250 nb

335 2288 438 2351 iisdem
453 2288 508 2351 illis
524 2289 683 2370 inquilinis,
697 2298 726 2351 et
740 2290 766 2351 si
781 2290 831 2370 qui
847 2291 974 2352 tortasse
988 2290 1076 2351 mam
1091 2290 1128 2352 de
1146 2290 1257 2352 civibus
1272 2290 1348 2353 illins
1363 2290 1494 2353 numinis

335 2391 505 2471 religionem
541 2391 666 2472 amplexi
702 2400 799 2453 erant:
830 2409 899 2454 nam
927 2391 1051 2454 liberum
1077 2391 1106 2455 id
1137 2391 1254 2455 cuilibet
1282 2393 1373 2456 luisse
1398 2412 1432 2455 ex
1456 2393 1494 2455 lis

336 2512 411 2573 qnae
424 2513 514 2574 snpra
529 2494 676 2575 disputata
696 2502 766 2556 sunt
783 2493 854 2556 satis
869 2512 1012 2575 apparere
1035 2493 1170 2557 arbitror.
1200 2496 1295 2576 Atque
1308 2496 1368 2559 hoe
1386 2495 1495 2576 ipsum,

336 2595 415 2677 quod
431 2596 508 2659 eires
523 2596 607 2658 multi
621 2595 769 2677 paullatim
784 2595 924 2658 Reudidis
939 2595 1067 2658 cultores
1083 2597 1150 2659 laeti
1161 2606 1251 2672 erant,
1265 2597 1393 2661 incensa
1403 2599 1496 2662 luisse

337 2698 462 2771 videtur,
483 2710 516 2760 ut
533 2717 604 2760 mox
623 2698 710 2760 etiam
729 2698 845 2779 publice
863 2716 946 2761 saera
960 2698 1022 2760 eius
1037 2699 1256 2780 susciperentur
1269 2701 1433 2779 testumque
1447 2701 1494 2762 in·

336 2801 503 2864 stitueretur
517 2819 663 2875 annuum,
683 2820 751 2864 eum
764 2801 883 2883 pompis
899 2810 929 2863 et
942 2802 1049 2864 civium
1064 2803 1227 2865 Atticorum
1241 2810 1270 2863 et
1285 2802 1433 2865 Thracum
1447 2803 1494 2865 in·

337 2903 515 2983 quilinomm
531 2902 740 2983 sacrificiisque
753 2902 870 2984 publico
886 2912 1008 2984 sumptu
1018 2903 1235 2985 apparatis20).
1264 2905 1296 2967 ld
1307 2905 1437 2968 Platonis
1444 2924 1494 2968 ee·

336 3014 395 3067 tate
408 3007 516 3068 laetum
535 3024 601 3067 esse
620 3024 655 3066 ex
675 3004 763 3066 huius
783 3004 859 3066 libro
879 3005 943 3067 lde
961 3005 1123 3086 republica
1138 3006 1414 3087 comperimus²¹lz
1430 3009 1493 3070 lieri

284 3123 315 3174 16
336 3115 432 3171 autem
448 3125 510 3169 non
526 3107 607 3169 aliter
622 3105 730 3186 potuit,
749 3123 838 3184 quam
852 3106 913 3186 lege
928 3106 964 3167 ab
978 3108 1073 3187 aliquo
1090 3116 1206 3171 oratore
1221 3109 1257 3171 ad
1273 3109 1415 3190 populum
1427 3110 1492 3182 lata,

336 3212 429 3285 euius,
445 3217 478 3271 ut
491 3209 528 3271 de
543 3207 646 3270 ceteris
660 3205 748 3270 rebus
763 3205 928 3287 quibusvis,
951 3208 995 3269 sie
1014 3208 1099 3269 etiam
1121 3209 1157 3270 de
1172 3208 1360 3288 religionibus
1375 3221 1426 3274 aut
1439 3212 1492 3274 ad·

335 3310 496 3375 sciscendis
511 3318 562 3372 aut
576 3309 750 3390 respuendis
764 3309 810 3372 illa
830 3310 932 3373 saltem
947 3318 1039 3373 aetate
1053 3329 1171 3372 summa
1185 3319 1314 3391 potestas
1330 3313 1392 3375 luit.
1418 3315 1493 3377 Nam

335 3415 415 3494 quod
435 3412 568 3474 nonnulli
589 3411 624 3472 de
643 3411 689 3472 his
708 3411 744 3474 ab
764 3414 916 3493 Areopago
943 3413 1157 3476 decernendum
1182 3413 1274 3475 luisse
1299 3415 1493 3487 crediderunt,

335 3516 454 3597 probari
469 3531 530 3577 non
545 3518 714 3595 poteat22).
745 3515 832 3590 Quod
848 3522 944 3578 antem
956 3514 1071 3590 Strabo,
1086 3515 1121 3590 X,
1136 3514 1156 3577 3
1170 3534 1200 3596 p.
1214 3517 1286 3589 471,
1299 3516 1493 3578 Athenienses

403 3758 444 3822 20)
463 3759 500 3809 lle
518 3759 555 3809 lris
573 3759 622 3811 vid.
639 3758 713 3826 Corp.
731 3757 809 3809 lnser.
826 3755 836 3806 l
853 3772 894 3808 no.
912 3756 969 3821 157,
985 3755 1027 3808 23.
1044 3764 1072 3808 et
1088 3757 1193 3811 Boeolb.
1211 3759 1305 3811 ileeon.
1319 3758 1385 3826 pnbl.
1398 3758 1457 3809 Atlr.
1470 3756 1492 3809 ll

335 3860 359 3910 p.
374 3844 422 3894 129
434 3844 474 3895 ad.
486 3859 538 3895 seo.
550 3871 585 3882 —
601 3843 729 3912 Templum
745 3842 874 3905 llendidis,
890 3838 922 3893 τὸ
941 3839 1122 3909 Βενδιδεῖον,
1139 3860 1215 3912 propo
1227 3846 1315 3897 rodem
1328 3844 1421 3895 Dianae
1433 3843 1490 3896 llu-

335 3929 448 3997 uyebiae,
459 3937 637 3982 eommemorat
647 3929 764 3997 Xenopb.
776 3927 841 3979 llell.
853 3925 883 3994 ll,
897 3928 921 3993 l,
933 3927 973 3978 ll.

403 4049 444 4113 21)
463 4049 500 4099 lle
512 4065 577 4100 nuno
589 4066 638 4100 non
651 4049 713 4100 satis
726 4055 834 4113 onustat,
847 4063 927 4114 neque
940 4064 1002 4116 opus
1015 4056 1055 4100 est
1067 4065 1131 4099 nuno
1144 4050 1238 4115 quaeri.

402 4169 444 4234 22)
463 4169 537 4221 etde
549 4166 919 4235 eomitAtb.p.299sq.—Sed
930 4170 1092 4234 corrigendus
1102 4178 1222 4221 esterror
1230 4170 1385 4236 iuvenilis,ln
1397 4186 1491 4238 quemn

334 4255 416 4307 Petito
428 4256 533 4323 aliisque
546 4256 661 4305 induetns
673 4253 717 4319 lui,
727 4255 757 4304 de
771 4254 975 4321 llarpoemtiouis
989 4255 1074 4306 verbis
1086 4270 1108 4305 s.
1116 4272 1139 4305 v.
1149 4253 1301 4313 ἐπιθέτους
1309 4251 1420 4324 ἑορτάς.Ι
1434 4254 1491 4307 ἐλέ-

332 4358 397 4410 γετο
407 4339 437 4393 dt
448 4337 513 4411 παρ’
527 4335 621 4397 αὐτοῖς
632 4339 677 4389 καὶ
689 4334 808 4391 irridere}
822 4355 892 4405 τινα,
904 4334 998 4393 ὁπόσα
1006 4338 1047 4409 μὴ
1061 4336 1166 4413 πάτρια
1177 4334 1245 4393 ὄντα
1258 4335 1424 4411 ἡέξᾌρείου
1435 4336 1492 4392 uo'-
