3190 5136
630 437 831 534 An*

127 628 199 705 diri,
220 628 361 709 aequis
380 625 523 689 viribus
542 644 569 688 s.
588 624 730 706 opibus,
749 624 850 687 eadem
872 623 900 685 si
914 621 1156 705 praepositionis,
1176 639 1250 702 quae
1264 630 1311 683 est

131 732 208 795 iulra
236 753 269 795 v.
305 730 404 795 loos:
430 723 470 793 Aac
489 725 556 791 τῶν
577 721 616 791 δέ
634 721 753 790 τούτου
773 720 947 811 χρημάτων
967 720 1177 812 πειράσομαι
1198 713 1309 809 ἶν’ρχειν

135 831 299 898 πολιτῶν.
337 833 526 913 Significatum
545 832 622 893 enim
641 831 685 907 id,
704 848 763 911 quo
783 830 848 911 quis
868 830 1019 894 adiuvatur
1038 836 1177 907 tanquam
1194 825 1306 889 instro

138 946 239 1000 mento
254 936 301 998 rei
317 937 439 1000 alimum
453 935 629 998 efficiendae.

223 1038 330 1102 Paullo
345 1047 431 1120 post,
446 1058 473 1100 v.
492 1035 587 1112 1396,
602 1036 829 1117 Clytaemnestra
844 1035 927 1099 dicit:

348 1131 387 1204 οὐ
407 1160 469 1221 μοι
483 1133 592 1226 φόβοι
612 1133 784 1221 μέλαθρον
805 1132 903 1214 ἐλπὶς
923 1132 1075 1218 ἐμπατεῖ.

138 1243 322 1307 Infinitirnm
337 1238 497 1324 ἐμπατεῖν
511 1242 722 1305 restituendum
736 1261 803 1306 esse
814 1243 925 1305 dudum
936 1241 983 1304 alii
993 1242 1142 1316 viderunt,
1157 1241 1210 1304 sed
1220 1242 1305 1323 inep-

139 1358 199 1410 tam
227 1347 382 1409 hocloco
411 1345 553 1409 domum
585 1345 793 1408 formidinis
823 1346 1010 1408 [dermannus
1035 1345 1154 1406 demum
1172 1344 1306 1419 removit,

138 1451 319 1532 scripsitque
332 1440 371 1512 οὐ
384 1468 444 1530 μοι
460 1442 569 1533 φόβον
581 1438 726 1531 μέλαθρ’
749 1438 789 1510 ἂν
809 1442 907 1523 ἐλπὶς
928 1441 1095 1527 ἐμποιεῖν.
1123 1447 1193 1509 llihi
1206 1456 1305 1511 tamen

136 1552 322 1633 probabilius
337 1560 383 1613 est
395 1550 432 1613 ab
447 1551 589 1632 Aeschylo
604 1552 747 1632 scriptum
762 1570 829 1614 esse
845 1541 885 1613 οὐ
896 1570 957 1629 μοι
978 1542 1119 1636 φόβους
1139 1545 1305 1636 μέλαθρον

136 1650 238 1730 ἐλπὶς
259 1649 429 1734 ἐμποιεῖν.
466 1654 611 1716 Pluralem
630 1653 711 1716 illum
737 1654 825 1717 habet
842 1655 928 1716 stiam
944 1653 1120 1733 Sophocles,
1139 1652 1211 1715 Oed.
1226 1654 1260 1716 ll.
1276 1675 1302 1716 s.

135 1758 213 1820 917:
245 1748 321 1819 ἀλλ’
343 1748 416 1822 ἔπι
437 1755 497 1821 τοῦ
518 1752 675 1839 λέγοντος,
699 1748 740 1820 dv
761 1749 889 1844 φόβους
909 1749 1002 1842 beyn:
1026 1774 1121 1837 neque
1146 1774 1223 1837 opus
1249 1757 1303 1819 fuit

135 1849 176 1922 ἔν
193 1860 354 1941 partimin,
377 1879 452 1942 quae
471 1879 534 1923 rem
554 1880 571 1923 a
589 1860 756 1924 conditione
775 1878 964 1941 suspensam,
983 1859 1039 1920 bac
1063 1866 1158 1922 autem
1184 1859 1303 1940 impleta

134 1972 216 2026 emto
233 1963 443 2044 expectandam
459 1964 643 2044 signiticaret·
673 1964 715 2026 dt.
731 1962 862 2044 Thucyd.
877 1962 899 2037 L
912 1962 987 2024 127:
1001 1955 1188 2043 νομίζοντες
1201 1955 1303 2025 ἐκπε-

133 2060 254 2141 σόντος
283 2058 383 2128 αὐτοῦ
408 2063 489 2152 ῥᾷον
515 2060 615 2152 σφίσι
639 2064 821 2150 προχωρεῖν
847 2062 891 2128 τοὶ
917 2057 987 2129 ὐπὸ
1013 2085 1078 2129 των
1095 2057 1300 2150 Ἀθηναίων,

133 2188 194 2251 quo
208 2170 291 2245 loco,
306 2187 397 2250 mum
412 2177 644 2233 commemorata
659 2169 698 2231 sit
708 2168 855 2246 conditio,
870 2162 1067 2244 ἐκπεσόντος
1082 2160 1192 2245 αὐτοῦ,
1208 2171 1300 2251 magis

131 2271 222 2336 etiam
237 2263 280 2334 dr
293 2272 324 2333 in
339 2272 464 2352 apodosi
479 2272 636 2335 desiderari
650 2271 755 2353 possit.
783 2272 821 2334 Et
834 2270 939 2333 similia
953 2271 1085 2351 exempla
1101 2272 1229 2335 omissae
1243 2274 1300 2335 bu-

132 2376 180 2438 ius
193 2374 358 2456 partimrlae
373 2375 452 2455 apud
466 2375 517 2437 inl.
533 2394 628 2456 praes.
644 2393 706 2437 aor.
722 2383 752 2438 et
766 2378 817 2439 lut
832 2382 903 2456 post
916 2373 1002 2437 verba
1017 2374 1154 2455 sperandi
1169 2383 1198 2437 et
1212 2394 1300 2456 expe-

6 2464 7 2479 *
132 2477 233 2541 standi
247 2484 296 2538 sat
310 2478 399 2539 multa
415 2486 493 2539 sunt
525 2476 586 2538 Vid.
603 2477 701 2540 Brem.
722 2477 1056 2559 adbemostb.01pnth.
1075 2481 1089 2539 l
1107 2478 1299 2542 inScbaeleri

129 2598 235 2660 appar.
252 2578 316 2642 crit
331 2580 354 2655 1,
369 2600 399 2661 p.
414 2580 477 2642 204
489 2599 533 2661 sq.

5 2756 6 2769 ἢ
215 2682 252 2744 ln
278 2682 380 2744 eadem
399 2682 644 2763 Clytaemestrae
663 2682 797 2745 oratione
816 2683 888 2745 baec
905 2683 1053 2764 leguntur,
1079 2684 1116 2747 de
1136 2685 1298 2749 Cassandra

5 2824 7 2863 2
129 2804 188 2848 uua
203 2804 277 2849 eum
293 2786 512 2866 Agamemnone
525 2785 689 2859 interiecta,
704 2805 730 2847 r.
748 2785 838 2848 1409.

5 2918 6 2927 ν
335 2888 444 2951 κεῖται
466 2883 614 2975 φιλήτωρ
636 2878 731 2973 τῷδ’·
753 2880 830 2967 ἐμοὶ
853 2879 886 2949 δ’
908 2882 1073 2973 ἐπῆχαχεν

5 3074 6 3081 ¹
337 2982 430 3075 εὐνῆς
450 2983 687 3076 παροψώνημα
706 2986 765 3074 τῆς
786 2983 867 3075 ἐμῆς
888 2986 1010 3075 χλιδῆς.

126 3095 240 3158 Parum
254 3093 424 3175 probabiles
438 3094 572 3174 priorum
589 3094 772 3155 coniecturas
789 3094 895 3155 merito
910 3093 1096 3158 Hermannns
1112 3096 1229 3178 sprevit,
1245 3098 1297 3159 sed

126 3217 164 3261 ne
189 3200 259 3280 ipse
286 3198 404 3279 quidem
423 3196 651 3278 probabiliorem
672 3195 779 3271 attulit,
802 3186 898 3280 εὐχῆς
916 3215 970 3277 pro
991 3190 1095 3284 εὐνῆς,
1112 3200 1191 3281 quod
1207 3200 1297 3280 accipi

125 3302 221 3363 soluit
238 3301 278 3362 de
296 3308 365 3361 voto
386 3300 644 3380 Clytaemnestrae,
665 3300 748 3362 onius
770 3318 804 3361 ea
824 3318 948 3380 compos
963 3301 1039 3364 lacta
1053 3309 1131 3363 esset
1146 3302 1296 3365 interiecto

123 3406 362 3483 Agamemnone.
392 3402 499 3464 Vellem
520 3415 617 3465 autem
638 3402 799 3465 addidisset
813 3402 915 3476 enam,
934 3403 965 3465 in
980 3403 1035 3465 hac
1049 3403 1175 3466 duorum
1191 3404 1297 3494 geniti·

5 3560 7 3569 .
124 3524 235 3568 rorum
256 3505 473 3586 compositione
494 3514 593 3567 utrum
612 3506 720 3568 horum
741 3505 776 3567 ab
791 3505 882 3567 altero
897 3505 958 3585 regi
972 3506 1069 3581 vellet,
1091 3508 1204 3587 etquid
1219 3517 1298 3571 essct

5 3594 7 3599 ’
123 3620 175 3670 ant
190 3600 270 3693 εὐχῆ
293 3602 352 3691 τῆς
372 3601 453 3691 ἐμῆς
471 3603 589 3692 χλιδῆς
610 3616 659 3671 ant
686 3602 747 3693 ἐμῆ
769 3604 866 3692 χλιδῆ
889 3599 995 3693 οὐχῆςε
1025 3627 1094 3671 nam
1114 3619 1297 3693 unocunque

124 3711 219 3774 mode
235 3712 309 3773 haec
324 3718 547 3785 construantur,
560 3728 623 3772 non
635 3711 749 3773 ridetm
763 3718 830 3791 apta
844 3711 913 3773 huie
926 3711 992 3774 loco
1007 3712 1151 3775 sententia
1166 3714 1295 3776 eradere.

121 3813 328 3876 detinendum
343 3821 416 3893 puto
428 3813 600 3876 vocabulum
614 3832 630 3875 a
642 3812 790 3876 codicibus
801 3813 948 3889 traditum,
963 3833 1032 3877 casu
1043 3822 1157 3878 tantum
1174 3825 1296 3893 mutato,

119 3924 148 3978 et
161 3918 195 3979 in
207 3916 365 3997 superiore
375 3935 462 3979 versu
471 3915 648 3997 pronomine
658 3918 831 3996 possessivo
841 3935 896 3997 pro
905 3918 1051 3998 personali
1062 3919 1174 3998 posito:
1190 3910 1252 4006 ἐμῆ
1263 3914 1295 3983 d’

9 4004 13 4079 J
118 4011 292 4104 ἐπήγαγεν
324 4009 401 4104 εὐνῆ
425 4012 662 4104 παροψώνημα
690 4015 748 4104 τῆς
780 4014 860 4105 ἐμῆς
890 4015 1020 4105 χλιδῆςε
1055 4020 1144 4083 banc
1178 4041 1294 4086 caram

9 4128 13 4151 ¹
119 4140 220 4184 suam
236 4123 427 4198 amasiam,
443 4121 555 4203 inquit,
570 4121 716 4184 adduxit
734 4124 791 4204 Ag.
807 4123 904 4185 lecto
924 4141 1000 4185 meo
1020 4130 1186 4204 tanquam
1206 4143 1293 4187 con-

10 4230 11 4257 *
120 4223 329 4286 dimentum
352 4223 564 4286 deliciarum
586 4242 753 4286 mearum.
782 4225 870 4288 Lecto
890 4245 972 4300 meo,
991 4227 1020 4288 b.
1036 4244 1061 4288 e.
1076 4227 1151 4289 meis
1166 4235 1195 4288 et
1208 4227 1294 4307 Aegi·

11 4294 18 4381 A
119 4326 180 4388 stbi
204 4326 332 4408 nuptiis,
360 4342 435 4405 quae
448 4326 565 4407 quidem
581 4326 735 4406 aptissime
756 4326 816 4390 hoc
839 4328 906 4391 loco
931 4336 1201 4391 commemorentur
1224 4336 1294 4407 post

14 4388 21 4557 ῆ
120 4436 373 4491 commemoratos
399 4427 497 4508 paullo
522 4438 589 4491 ante
614 4428 844 4507 Agamemnonis
864 4439 893 4492 et
912 4430 1109 4493 Troianorum
1133 4427 1289 4489 modiorum
1315 4441 1347 4491 14
