3266 5140
720 465 782 526 449

655 552 856 564 uv———-—-

177 648 247 709 dum
261 668 327 711 esse
345 649 515 729 intelligunt
545 651 644 711 Bonos
658 650 747 729 igitur
759 648 839 711 viros
854 666 889 711 ac
902 646 1061 727 prudentes
1077 648 1163 709 etiam
1179 647 1237 708 hoc
1251 646 1330 726 quod

176 751 266 813 instat
279 761 411 831 tempus,
427 759 457 813 et
469 751 542 813 baec
556 770 629 832 quae
643 751 690 813 die
704 752 831 815 crastina
847 748 1017 813 celebraturi
1033 767 1135 810 sumus
1150 746 1262 810 REGIS
1275 767 1330 810 na·

177 851 267 914 talicm
278 853 486 927 admonebunt,
500 853 608 915 oudam
620 872 686 916 esse
697 851 897 934 optabiliorem
909 852 1036 913 sormam
1045 850 1233 931 reipublicae,
1245 868 1330 930 quam

176 973 299 1033 regnum
324 956 400 1018 bene
425 956 617 1019 coustitutum
642 964 672 1018 et
696 954 797 1036 populi
816 954 944 1017 libertate
963 953 1110 1034 sapienter
1127 961 1330 1033 temperatum.

176 1058 375 1131 Quamobrem
389 1077 480 1138 quma
494 1068 561 1121 vota
577 1060 716 1123 iaciemus
731 1077 786 1139 pro
801 1058 888 1137 Regis
903 1058 998 1120 nostri
1015 1058 1119 1130 salute,
1141 1074 1228 1137 quam
1244 1074 1260 1118 a
1275 1075 1331 1137 po·

177 1160 238 1241 puli
263 1161 355 1225 salute
380 1163 507 1242 disiungi
532 1172 562 1225 et
586 1162 713 1244 separari
733 1162 813 1225 nullo
833 1162 924 1223 mado
944 1180 1034 1240 posse
1049 1158 1248 1238 intelligimus,
1274 1159 1332 1221 hoc

177 1282 267 1326 unum
294 1264 420 1327 maxime
439 1266 530 1328 alteo
545 1266 579 1329 0.
596 1265 632 1326 Μ.
648 1264 844 1345 precabimur,
870 1271 902 1325 ut
919 1281 974 1325 nec
988 1262 1058 1339 Regi
1079 1280 1134 1323 nec
1148 1262 1258 1342 populo
1273 1278 1331 1323 un·

176 1384 263 1446 quam
279 1368 383 1430 dccsse
401 1367 478 1431 sinat
496 1367 627 1430 virorum
647 1367 796 1428 bonarum
816 1386 851 1429 ac
865 1364 1039 1446 sapientium
1056 1364 1142 1425 tidem
1157 1372 1244 1444 atque
1259 1381 1331 1425 con-

175 1468 324 1543 stantiam,
342 1477 433 1550 utque
452 1470 560 1531 borum
579 1468 703 1530 salubria
719 1467 840 1530 consilia
854 1468 972 1531 tandem
987 1467 1141 1545 aliquando
1158 1466 1273 1529 vincant
1287 1474 1331 1527 at-

174 1587 232 1649 quc
251 1570 419 1651 opprimant
437 1570 670 1632 adversariorum
686 1577 824 1641 conatus,
844 1568 905 1631 sire
919 1569 949 1629 hi
964 1569 1109 1632 licentiam
1123 1587 1178 1649 pro
1193 1569 1331 1639 libertate,

175 1671 235 1731 sive
254 1672 484 1735 dominationem
504 1692 559 1753 pro
580 1690 672 1752 reguo
691 1672 840 1746 affectant,
866 1690 993 1753 quorum
1013 1670 1132 1751 quidem
1148 1671 1292 1733 malorum
1307 1670 1332 1731 si

175 1773 344 1836 alterutrum
359 1775 459 1855 utique
474 1775 634 1855 optandum
650 1774 701 1846 sit,
722 1792 858 1836 veremur
871 1791 908 1836 ne
922 1790 984 1835 non
999 1773 1100 1854 paucis
1116 1772 1273 1854 optabilius
1288 1772 1332 1832 vi-

175 1874 289 1947 deatur,
305 1874 376 1936 boni
390 1895 424 1938 ac
438 1876 506 1937 iusti
521 1875 634 1938 domini
649 1873 772 1955 imperio
788 1875 949 1941 subiectos,
966 1894 1052 1955 quam
1069 1876 1217 1956 imperitae
1232 1874 1330 1937 mtdti-

176 1975 283 2038 tudinis
298 1976 407 2039 libidini
425 1977 568 2040 obnoxios
584 1977 685 2037 vivere.

259 2284 325 2347 Jam
340 2284 450 2365 reliqua
465 2292 565 2347 nostra
582 2283 674 2345 oratio
691 2285 804 2357 adVos,
820 2284 1050 2355 Commilitooes,
1068 2283 1260 2345 convertenda
1274 2291 1329 2355 est,

175 2392 207 2445 ut
222 2404 423 2467 proponamus
439 2386 528 2447 Vobis
543 2404 616 2464 quac
632 2386 754 2466 propius
770 2387 805 2448 ad
818 2387 876 2447 Vos
888 2387 1081 2467 Vestrumque
1096 2384 1225 2447 officium
1239 2383 1329 2465 perti·

176 2496 255 2548 ueut
278 2487 394 2551 Scimus
410 2496 506 2549 autem
521 2505 754 2568 persuasumque
768 2489 920 2561 habemus,
935 2489 961 2550 si
973 2507 1034 2551 ncu
1046 2506 1159 2559 omnes,
1173 2495 1202 2549 at
1213 2487 1328 2566 pleros-

175 2607 230 2667 que
250 2588 351 2651 saltsm
369 2591 504 2651 Vestrum
519 2588 590 2652 satis
606 2589 688 2670 ipsos
703 2589 873 2669 intelligere,
893 2590 965 2653 nibil
981 2591 1073 2669 magis
1089 2599 1173 2670 atque
1187 2589 1327 2651 intentius

175 2689 315 2752 studiosis
334 2691 567 2754 adolescentibus
585 2691 728 2771 agendum
749 2711 830 2763 esse,
850 2711 937 2771 quam
958 2700 988 2753 ut
1004 2693 1123 2773 optimis
1138 2691 1250 2753 artibus
1264 2690 1328 2752 ani-

175 2810 241 2854 mos
257 2811 329 2855 suos
342 2792 433 2855 excoli
449 2793 619 2874 iustituiquc
633 2813 666 2854 se
680 2793 716 2854 ad
731 2794 845 2855 loturae
860 2793 933 2856 vitae
948 2794 1046 2856 munia
1062 2803 1147 2873 atque
1158 2792 1253 2854 officia
1265 2811 1328 2853 rna-

175 2893 335 2973 gistrorum
353 2896 516 2976 praeceptis
536 2903 565 2957 et
578 2894 729 2975 discipbna
746 2896 895 2969 studeant,
915 2914 1061 2975 utramque
1077 2895 1111 2956 iis
1126 2895 1242 2957 laudem
1257 2911 1328 2974 pro·

175 2996 301 3074 positam
316 3016 382 3058 esse
396 3016 430 3058 ex
445 2997 533 3059 buius
549 2996 637 3058 studii
652 2998 836 3071 assiduitate,
852 2997 960 3060 nullam
977 3006 1072 3061 autem
1088 2997 1327 3076 perniciosiorem

177 3105 286 3176 pestem
301 3099 529 3162 adolescentium
545 3099 658 3161 animos
674 3100 807 3163 invadere
821 3120 921 3180 posse,
936 3119 1022 3180 quam
1034 3099 1059 3160 si
1071 3099 1247 3161 conditionis
1260 3116 1328 3160 suae

174 3207 260 3281 atque
280 3201 380 3263 aetatis
399 3201 588 3263 immemores
609 3201 645 3263 ad
661 3202 770 3265 maiora
785 3221 873 3283 quam
889 3203 933 3264 las
949 3211 992 3261 est
1006 3200 1169 3280 adspirent,
1190 3200 1328 3263 immatu-

175 3301 273 3381 risque
288 3301 417 3364 consiliis
431 3302 685 3383 inexercitatisque
701 3302 809 3365 viribus
825 3323 857 3365 ea
872 3302 925 3364 sibi
941 3310 1090 3380 arrogent,
1106 3320 1178 3380 quae
1193 3300 1249 3362 nisi
1264 3301 1327 3363 ani-

174 3422 225 3464 mo
251 3412 365 3466 maturo
391 3405 541 3485 multoquo
565 3424 664 3468 rerum
683 3423 740 3468 usu
759 3414 787 3466 et
808 3414 948 3467 vetustate
963 3403 1105 3466 instructo
1121 3402 1238 3464 tractari
1252 3412 1329 3464 recte

174 3524 236 3568 uon
254 3515 389 3585 possunt
430 3508 506 3570 Hinc
525 3508 617 3581 enim,
636 3508 661 3570 si
682 3507 753 3570 nibil
768 3506 859 3580 aliud,
876 3508 935 3568 hcc
950 3517 1027 3567 certe
1042 3505 1110 3566 nimi
1124 3504 1266 3575 nascitur,
1286 3512 1327 3569 ut,

174 3626 265 3688 quum
281 3619 449 3689 quaereaot,
465 3630 537 3690 quae
551 3611 683 3673 nondum
700 3609 734 3671 ad
751 3628 815 3670 sese
830 3609 989 3688 pertinent,
1005 3607 1049 3667 illa
1067 3624 1139 3684 quae
1153 3606 1278 3667 maximo
1292 3606 1328 3667 ad

175 3731 207 3772 se
221 3711 380 3791 pertinent,
395 3732 524 3794 quaeque
539 3724 567 3774 et
582 3719 716 3794 poterant
730 3719 759 3772 et
772 3710 918 3772 debebant
933 3706 1085 3786 consequi,
1099 3708 1244 3786 negligant
1258 3727 1328 3788 pep-

174 3815 314 3894 dantque,
341 3833 462 3896 seraque
482 3835 551 3877 mox
566 3813 745 3895 poenitentia
760 3814 906 3893 optimum
920 3810 1130 3873 adolescentiae
1145 3818 1260 3888 tempus
1276 3828 1329 3888 per

175 3933 266 3978 vanos
281 3926 404 3979 conatus
421 3926 530 3980 temere
545 3918 670 3981 ellusum
686 3916 847 3997 deplorent.
872 3916 937 3988 Quo
953 3913 1046 3993 magis
1062 3923 1157 3975 autem
1174 3910 1261 3972 officii
1276 3912 1328 3972 ad-

176 4028 362 4092 moneantur,
383 4019 599 4098 excitanturque
619 4020 778 4081 admuntis
795 4038 880 4081 suum
895 4015 1007 4079 naviter
1021 4015 1211 4094 explendum,
1238 4032 1327 4093 quum

175 4120 229 4183 alia
253 4121 385 4186 instituta
411 4130 492 4195 suot,
519 4129 580 4185 tum
600 4122 672 4184 baec
690 4141 807 4203 quoque
826 4119 984 4185 certamina
1003 4117 1137 4179 litteraria
1152 4116 1327 4181 indicuntur.

176 4223 396 4301 quaestionibus
411 4222 573 4303 propositis
588 4223 623 4284 ad
640 4230 758 4303 captum
770 4223 996 4286 adolescentium
1010 4218 1247 4291 accommodatis,
1263 4218 1328 4298 qui-

175 4323 232 4386 bus
246 4324 405 4387 tractandis
418 4324 496 4386 vires
510 4342 580 4386 suas
594 4324 794 4405 experiantur,
807 4323 952 4404 studiique
967 4323 1012 4385 sui
1028 4320 1228 4384 strenuitatem
1244 4318 1329 4398 quid-

175 4444 232 4504 que
246 4426 423 4508 profecerint
437 4427 467 4490 iu
482 4426 598 4501 littoris,
614 4426 853 4507 praeceptoribus
868 4424 931 4487 suis
947 4425 1120 4505 approbent.
1161 4421 1329 4487 ludicuntur·

217 4526 265 4589 111.
1087 4526 1128 4585 sa
