3164 5138
844 452 884 517 12

758 542 828 551 0-0-
838 540 957 550 -..n-..mn-

278 646 333 705 aet
350 657 473 721 prorsus
498 639 593 703 otiosa
611 639 778 722 nulliusque
803 639 838 703 ed
863 658 928 704 rena
948 654 1095 704 sunum
1113 637 1270 712 momenti,
1288 644 1338 700 aut
1351 637 1440 701 etam

279 743 438 817 eiusmodi,
458 761 531 823 quae
545 761 613 804 oum
628 743 690 805 aliis
704 743 836 823 partibus
851 743 997 806 oonsilieri
1016 743 1064 805 vix
1082 760 1174 823 posse
1193 741 1353 804 videantur.
1395 741 1440 802 Ex

276 845 338 909 hoe
355 862 464 925 genere
482 853 528 908 est
541 845 620 907 ioris
634 845 683 908 iliu
701 846 883 921 deliberatio,
896 844 946 908 iiie.
960 847 1006 909 tv.
1020 845 1095 921 init,
1107 862 1200 926 qutun
1215 843 1439 907 oonsulteudum

276 946 326 1021 ait,
340 946 492 1026 impieriue
507 949 672 1028 pontionem
686 958 715 1012 ot
728 968 830 1031 paoem
850 949 929 1012 inter
942 950 1067 1011 Graecos
1087 956 1117 1011 et
1130 948 1275 1010 'l'roieuos
1291 946 1440 1027 oompoui‚

277 1067 317 1113 an
333 1049 442 1113 betium
461 1050 651 1132 redintegrari
675 1052 797 1132 plaoeat.
844 1051 920 1114 Nom
941 1050 1066 1114 aititurn
1087 1070 1121 1112 se
1139 1066 1206 1112 esso
1223 1049 1355 1112 ostenuit
1376 1066 1440 1112 nou

277 1153 376 1216 solum
385 1154 490 1215 veteris
503 1153 654 1216 ouiuseiam
666 1154 814 1235 promissi,
830 1172 890 1235 quo
904 1154 1011 1217 {moni
1026 1152 1171 1216 excidium
1182 1152 1288 1215 Troiae
1302 1170 1439 1234 spopon-

277 1256 374 1328 dero,
396 1256 448 1319 set
466 1256 618 1318 hesternae
636 1275 753 1337 quoque
765 1256 999 1338 potiieitationis,
1017 1274 1111 1336 quum
1125 1274 1158 1318 se
1171 1255 1306 1318 intutam
1321 1254 1439 1318 Adrilis

278 1358 395 1438 nequis
407 1359 588 1421 ¹Graecorum
603 1359 734 1422 oannes
748 1360 964 1422 vinuieetumm
979 1377 1045 1423 esse
1055 1358 1172 1422 vheuu
1186 1358 1298 1432 annuit,
1313 1357 1342 1420 id
1358 1359 1438 1438 quod

276 1461 380 1542 pertioi
397 1461 456 1523 u'ui
473 1462 550 1524 buin
568 1462 766 1543 redintegrato
781 1480 843 1523 nou
858 1463 992 1543 potuisse
1010 1470 1140 1544 apparet.
1182 1462 1284 1541 itaque
1298 1461 1349 1541 qui
1362 1460 1439 1523 hano

277 1573 394 1645 partem
406 1572 540 1638 tutentur,
561 1583 623 1627 nou
643 1565 722 1627 serio
736 1565 834 1627 lovem
854 1565 907 1627 sed
922 1565 1056 1627 siruuiete
1068 1563 1150 1645 loqui
1163 1564 1273 1637 volunt,
1288 1566 1438 1626 iaoeesen·

279 1674 339 1729 tem
355 1686 409 1747 por
421 1667 522 1730 iooum
540 1686 663 1730 tuorem
683 1667 840 1748 filiamque,
860 1686 931 1748 quas
946 1668 1071 1730 maurae
1084 1664 1221 1730 Troianis
1233 1666 1357 1730 infestas
1371 1682 1439 1729 esee

278 1770 402 1843 edebat,
418 1770 623 1850 diiaudautque
642 1778 746 1850 poetae
763 1769 976 1843 inventionem,
1002 1769 1050 1849 qui
1070 1766 1128 1843 sie,
1148 1778 1216 1837 onte
1236 1786 1324 1850 quun
1342 1770 1438 1851 ipsius

277 1872 345 1935 beili
364 1891 452 1936 meus
471 1880 615 1945 mereret,
635 1873 764 1953 patefieri
789 1872 875 1935 etiam
893 1872 953 1935 hue
964 1872 1099 1947 vomit,
1113 1890 1243 1953 quanm
1256 1872 1356 1935 animo
1369 1888 1438 1952 erga

278 1982 421 2056 mosque
444 1976 492 2039 dei
516 1976 665 2050 essenttt.
709 1976 746 2037 Et
772 1992 843 2037 seue
868 1975 1013 2056 patefiunt
1036 1975 1233 2056 implacabiles
1257 1974 1379 2038 imonis
1409 1982 1438 2035 et

277 2077 422 2141 iinaervae
450 2079 481 2140 iu
507 2078 652 2140 Troianos
679 2078 752 2153 iru'e,
779 2095 856 2158 quoe
883 2075 982 2138 satan
1009 2076 1066 2139 nisi
1095 2078 1204 2141 trorum
1227 2077 1348 2141 intuitu
1375 2093 1437 2139 nou

279 2189 416 2260 pesseot3
441 2181 496 2244 sed
514 2182 593 2244 uude
611 2188 711 2243 tenue
735 2180 842 2242 animis
860 2179 1032 2242 euelestiisus
1048 2178 1122 2253 irae,
1148 2181 1207 2242 boo
1225 2198 1287 2243 nou
1304 2180 1436 2262 pateseit

279 2282 394 2346 Soilioot
406 2284 479 2346 nihii
493 2300 571 2366 opus
586 2291 648 2346 erat
660 2282 690 2344 iri
704 2283 821 2363 exponi,
834 2282 879 2344 vei
899 2283 978 2363 quod
992 2296 1055 2346 nou
1070 2283 1253 2363 ignoturetur
1270 2282 1307 2346 ab
1321 2282 1436 2345 andito-

277 2385 377 2459 ribus,
395 2387 441 2447 vei
460 2388 540 2467 quod
559 2404 620 2449 nou
639 2385 849 2467 requireretur,
868 2385 913 2447 vel
926 2384 1011 2446 etiarn
1026 2390 1196 2465 propterea,
1215 2385 1309 2465 quod,
1324 2384 1351 2446 si
1364 2384 1436 2447 satis

279 2489 370 2551 iustas
390 2488 454 2550 use
473 2507 577 2551 onmes
599 2489 712 2552 irerurn
732 2488 888 2562 haberent,
912 2487 1013 2548 uiuus
1040 2487 1136 2549 iustus
1156 2486 1266 2569 iupiter
1283 2487 1437 2556 rideretur,

279 2591 328 2672 qni
344 2591 463 2670 ὤμω
477 2610 605 2671 poenaru
620 2592 817 2654 i'roieuoruru
835 2597 896 2652 tenu
912 2602 998 2667 aegre
1013 2596 1110 2651 tumen
1123 2589 1320 2652 eouoessisset
1331 2597 1363 2652 et
1376 2598 1436 2653 tum

277 2694 355 2757 iente
371 2694 505 2773 erigeret.
531 2694 631 2775 itaque
644 2695 703 2757 hoo
715 2711 807 2774 pune
820 2692 987 2754 renuntias
1000 2708 1062 2753 nou
1077 2693 1167 2754 modo
1182 2711 1245 2754 uon
1258 2692 1437 2767 nasonem,

278 2797 333 2857 sed
356 2796 533 2859 laudandum
558 2797 659 2877 pnuus
684 2802 844 2859 autumant
892 2794 969 2856 Nelo
989 2801 1090 2856 eontra
1118 2795 1228 2866 dinero,
1254 2812 1350 2875 neque
1366 2794 1437 2858 ittuu

278 2912 359 2960 nune
380 2914 531 2977 quaerere,
551 2914 624 2961 nuru
638 2916 700 2960 non
719 2897 784 2959 talia
805 2897 947 2976 quaedam
961 2897 1035 2959 ratio
1049 2896 1117 2960 iniri
1132 2898 1271 2978 potuerit,
1286 2916 1360 2978 quae
1374 2914 1437 2959 aon

278 3000 484 3064 conniventem
503 2999 621 3080 quidem
635 3000 747 3073 lovena,
767 2998 811 3061 sio
828 3007 862 3060 ut
880 3016 961 3061 nuno
972 2998 1062 3060 videi
1077 3016 1198 3061 amesae
1212 3008 1266 3073 est,
1281 3000 1317 3063 ad
1332 3000 1436 3063 Troia-

278 3118 388 3165 uorum
403 3103 542 3177 iniuria,
562 3103 614 3164 sed
634 3102 749 3164 terum
768 3108 867 3164 umen
887 3101 922 3163 ud
940 3100 1142 3164 uluaueudum
1162 3110 1353 3177 mousttmet,
1375 3118 1436 3182 quo

278 3206 387 3269 sufficet
398 3205 455 3268 iilis
469 3204 665 3285 poen‘teutiae
678 3211 797 3285 tempus
811 3205 895 3265 toret.
940 3203 1015 3265 Num
1027 3205 1125 3266 fateor
1138 3205 1211 3267 mini
1226 3220 1344 3267 omueur
1360 3205 1438 3267 huno

279 3308 480 3390 quamtimeao
496 3322 558 3368 non
573 3322 751 3387 meguopere
763 3306 801 3368 ad
816 3306 903 3370 ouius
918 3305 1055 3369 torminis
1068 3316 1275 3388 argumentum
1290 3306 1438 3389 petinere

278 3411 377 3484 videri,
397 3411 508 3491 quippe
528 3408 608 3489 quod
625 3426 689 3470 non
708 3408 739 3470 iu
757 3408 894 3471 universo
914 3408 990 3471 teliu
1009 3409 1139 3471 Troiano
1156 3410 1278 3490 duoque
1296 3409 1394 3472 musis
1405 3414 1438 3472 at

277 3522 394 3587 euentu,
411 3513 463 3574 sed
478 3518 591 3574 tanturn
606 3510 638 3571 in
651 3510 771 3573 Aoiriiiis
784 3512 827 3574 ira
841 3512 964 3592 eiusque
977 3512 1142 3592 expiatione
1155 3520 1293 3574 versetur.

362 3613 453 3695 tingis
468 3614 528 3675 hue
546 3613 674 3694 putaret
685 3614 763 3676 iovis
779 3613 935 3677 eonsilium
949 3615 987 3676 alo
1005 3613 1123 3676 tuuis
1142 3613 1262 3675 unone
1306 3613 1437 3676 astemus

277 3719 325 3780 triu
338 3725 399 3780 eret
412 3716 449 3778 ab
464 3717 686 3795 Agma-ene
702 3718 783 3798 greti
800 3735 873 3780 saue
884 3725 915 3779 et
928 3710 1143 3779 eontumeiiose
1156 3716 1275 3789 iniuria,
1295 3716 1331 3778 ad
1346 3732 1437 3796 quam

279 3819 474 3883 ulciscendam
493 3818 595 3881 matris
615 3819 751 3882 auxilium
771 3819 917 3899 implorat.
961 3818 1053 3880 Mater
1072 3818 1170 3881 iovem
1186 3818 1258 3891 adit,
1281 3826 1436 3881 contume-

277 3922 344 3984 iiam
370 3920 429 3981 tilio
456 3922 560 3983 tanturn
578 3922 782 4003 conqueritur,
807 3921 879 4001 petit
892 3929 925 3982 ut
949 3922 1057 3983 honori
1080 3921 1145 3984 eius
1167 3920 1278 4002 iupiter
1301 3921 1437 3984 sonsum

277 4042 401 4104 eamque
415 4023 454 4085 ob
470 4040 588 4085 oausuu
599 4024 734 4086 Troiams
746 4023 897 4085 moriana
908 4023 1050 4104 uutisper
1062 4024 1212 4099 eonoedat,
1227 4023 1323 4087 donec
1333 4022 1438 4087 thiiii

277 4127 456 4189 setisiuomru
471 4125 565 4188 tuerit.
610 4126 721 4206 iupiter
738 4124 789 4187 tiu
803 4124 907 4187 tantus
924 4122 1018 4188 sedet:
1039 4127 1156 4191 tandem
1177 4126 1284 4191 iterum
1299 4124 1436 4209 preoilaus

277 4229 410 4309 fatigatus
432 4228 574 4293 foetuum
595 4228 712 4309 quodem
733 4247 766 4290 se
785 4228 865 4308 quod
884 4229 930 4292 iila
949 4230 1090 4311 petiverat
1103 4229 1270 4313 pollieetur,
1284 4228 1337 4291 sed
1351 4244 1437 4310 aegre

343 4455 368 4525 q
386 4454 499 4509 nauso.
512 4455 530 4506 t
542 4454 560 4505 1.
571 4470 595 4525 p.
611 4452 669 4506 rao.
