3290 5142
722 496 743 560 b

665 582 817 599 —

153 685 257 750 onam
270 683 315 749 rei
328 681 461 765 publime
476 684 719 750 constitutionem
740 685 861 768 propius
883 691 962 749 certe
983 701 1072 767 qum
1088 692 1141 749 aut
1163 684 1320 768 eligarcbia

153 796 204 853 aut
217 786 395 851 democratia
410 787 570 851 accederet

238 890 282 952 Ne
308 890 375 972 quis
400 896 502 952 autem
526 890 600 953 baec
618 889 711 971 megs
734 890 840 972 cupide
859 895 890 952 et
909 908 946 953 ex
966 888 1086 953 arbitrio
1106 896 1211 953 nostro
1226 908 1318 973 quam

153 999 286 1056 veterum
311 992 486 1056 auctoritate
511 992 588 1056 dicta
614 1011 680 1055 esse
706 993 895 1067 criminetur,
922 1009 1028 1074 operae
1047 993 1178 1075 pretium
1198 1001 1258 1067 est,
1283 1012 1319 1057 ex

154 1113 260 1176 magna
280 1094 469 1158 multitudine
489 1096 612 1158 testium
633 1112 746 1177 paucos
766 1094 871 1157 saltem
892 1112 1004 1176 eosque
1022 1094 1231 1157 disertissimos
1246 1112 1319 1176 pro·

153 1200 269 1273 ducere,
285 1215 412 1278 quorum
426 1214 575 1261 consensu
588 1198 647 1261 hoc
657 1214 737 1270 certe
749 1197 940 1261 menifestum
951 1197 1017 1260 iore
1027 1214 1193 1278 speramus,
1210 1214 1318 1278 quarm

152 1303 195 1365 vis
216 1300 304 1383 uulgo
319 1301 500 1364 Graecorum
514 1301 778 1384 Romanorumque
796 1300 948 1381 ingenium
969 1298 1005 1363 ab
1020 1298 1109 1362 unias
1123 1299 1248 1381 imperio
1263 1298 1318 1363 ab·

153 1402 316 1476 horruerit,
339 1421 390 1464 eos
407 1409 525 1477 umen,
545 1419 672 1482 quorum
692 1419 782 1484 supra
800 1401 903 1483 vulgus
920 1401 1076 1483 prudentia
1097 1408 1191 1477 esset,
1214 1400 1252 1463 ab
1272 1420 1319 1478 eo,
1352 1400 1358 1407 '

154 1506 234 1588 quod
248 1505 383 1586 imperita
397 1504 557 1567 multitudo
572 1504 762 1587 sequebatur,
776 1504 863 1585 longe
877 1503 1058 1566 dissensisse.
1089 1502 1217 1566 Prodest
1227 1503 1318 1585 igitur

153 1610 285 1692 primum
300 1607 457 1682 Homerus,
476 1623 539 1671 non
553 1608 668 1689 poetica
682 1615 799 1672 tantum
813 1606 961 1679 dacuime,
982 1606 1035 1668 sed
1050 1605 1132 1669 omni
1146 1623 1254 1688 genere
1268 1623 1317 1669 sa-

154 1712 281 1795 pientiae
296 1710 484 1784 durissimus,
508 1709 592 1773 cuius
607 1729 687 1785 vocs,
704 1710 730 1773 si
744 1709 817 1773 nibil
831 1710 925 1785 aliud,
946 1708 1005 1772 hoe
1019 1716 1098 1771 certe
1112 1709 1248 1790 patefiet,
1269 1708 1319 1772 illa

153 1819 257 1887 aetate,
274 1828 332 1893 qua
342 1811 422 1885 haee,
440 1828 515 1893 quae
530 1811 593 1875 eius
608 1812 730 1875 nomine
744 1812 890 1886 feruntur,
906 1812 1037 1875 carmina
1051 1818 1116 1874 orta
1130 1817 1210 1886 sunt,
1225 1829 1316 1874 vene·

153 1915 277 1978 rabilem
296 1921 489 1996 sanctamque
502 1932 606 1995 regum
620 1915 819 1984 maiestatem,
840 1914 1038 1978 mutitudinis
1052 1921 1153 1978 autem
1167 1913 1314 1977 licentiam

154 2017 368 2082 intolerandam
382 2017 477 2079 visam
490 2034 566 2079 esse.
595 2016 764 2091 Enimvero,
779 2017 886 2098 inquit,

256 2109 316 2182 οοίκ
338 2108 472 2199 ἀγαθὰν
492 2108 743 2204 πολυκοιρανίη,
766 2103 815 2192 οἷς
835 2109 990 2201 κοίρανος
1011 2107 1105 2195 ἔσται,

253 2205 302 2295 οἷς
322 2211 489 2300 scornio,
513 2204 541 2305 ᾧ
561 2212 666 2283 ἔδωκα
687 2210 817 2304 Κρόνου
839 2218 923 2294 παῖς
943 2208 1222 2311 ἀγκυλομήτεω).

155 2341 227 2386 non
244 2322 379 2385 bonum
399 2330 459 2385 est
472 2323 677 2386 multorum
690 2321 903 2404 imperium:
918 2319 1011 2405 ujnus
1024 2321 1204 2405 princeps
1218 2331 1317 2400 esto,

154 2442 247 2490 unus
271 2443 351 2501 rex,
378 2425 439 2488 eui
463 2425 534 2488 hoc
554 2425 736 2488 tributum
759 2431 817 2487 est
836 2444 854 2488 a
873 2424 965 2487 lore.
997 2424 1074 2487 lovis
1089 2425 1180 2506 igitur
1193 2426 1316 2490 numine

154 2546 277 2610 regnum
291 2528 474 2602 mandatum,
490 2526 538 2589 dei
551 2530 642 2609 gratia
656 2546 740 2610 reges
754 2525 907 2590 institutos
917 2545 983 2590 esse
994 2526 1110 2602 clamat,
1125 2528 1215 2610 idque
1226 2529 1315 2594 etiam
1381 2588 1400 2620 ,

155 2631 360 2712 cognomentis
380 2630 487 2711 quibus
502 2630 601 2694 ornari
614 2631 710 2693 solent
723 2636 857 2703 testatm,
878 2647 970 2709 quum
987 2624 1183 2716 διοτρεφέας
1197 2651 1249 2695 eos
1264 2640 1316 2697 aut

156 2728 322 2816 (ίιαγονίας
336 2733 469 2816 appellet.
495 2734 597 2796 Bonus
610 2753 663 2796 rex
678 2732 762 2815 quasi
776 2733 824 2796 dei
837 2733 932 2795 instar
945 2748 962 2793 a
977 2732 1087 2814 populo
1102 2732 1217 2809 colitur,
1232 2741 1267 2796 ut
1278 2733 1315 2797 de

155 2837 374 2917 Agamemnone
393 2837 448 2910 ait,
471 2831 555 2911 daeg
576 2822 623 2910 δίς
634 2834 722 2899 ricco
737 2827 848 2918 deiuge,
868 2833 950 2896 etde
965 2833 1137 2897 Aetolorum
1152 2853 1220 2917 rege
1233 2834 1315 2899 Tho·

154 2940 276 3018 ante⁴):
297 2956 415 3000 summa
435 2936 507 2999 boni
525 2938 602 3018 regis
621 2938 684 3001 latu
706 2944 767 3013 est,
787 2942 821 2999 ut
835 2944 959 3019 paterno
973 2955 1041 3018 erga
1055 2936 1200 3019 poprdum
1214 2938 1315 3002 animo

154 3041 202 3116 sit,
217 3036 328 3125 πατὴρ
342 3029 387 3115 d,-
401 3029 558 3124 dangu,
578 3047 667 3120 atque
681 3040 758 3104 sicut
772 3045 873 3122 pastor
886 3040 992 3121 gregis,
1007 3039 1112 3102 sicilie
1126 3039 1313 3104 subditorum

155 3162 255 3207 curam
270 3150 361 3225 gerat,
382 3142 462 3206 unde
476 3142 565 3205 etiam
580 3136 736 3223 ποιμίνος
748 3139 847 3221 λαῶν,
866 3150 999 3225 posterea
1014 3143 1208 3225 populorum,
1230 3161 1315 3225 reges

154 3253 309 3321 vocantur,
330 3245 380 3327 qui
394 3245 420 3307 si
435 3243 533 3306 officio
548 3263 603 3307 suo
619 3252 698 3308 recte
708 3246 881 3327 iunguntur,
898 3244 1067 3308 felicissima
1077 3252 1124 3309 est
1134 3246 1313 3328 populorum

154 3347 292 3413 conditio.
323 3346 398 3409 Nam
417 3345 469 3409 ubi
482 3364 535 3410 rex
549 3346 675 3429 imperat
688 3342 836 3433 θεουδής
848 3349 879 3411 h.
894 3368 921 3410 e.
937 3365 1054 3411 memor
1067 3349 1206 3423 deorum,
1228 3349 1314 3413 iusti·

152 3452 285 3533 fiamque
300 3450 369 3513 coit
382 3456 414 3512 et
427 3455 536 3523 tuetur,
553 3438 703 3526 εὐδικίας
717 3442 869 3535 οἷνίχρσο,
890 3450 957 3513 talis
971 3449 1048 3531 regis
1063 3467 1150 3513 causa
1165 3450 1253 3513 etiam
1267 3451 1314 3515 di·

154 3553 222 3618 vina
234 3554 313 3616 dona
327 3558 416 3634 atque
430 3550 570 3614 beneficia
585 3551 702 3632 largiter
714 3552 824 3634 populo
840 3550 1060 3634 impertiuntur,
1075 3551 1240 3633 florentque
1251 3553 1313 3618 eius

154 3655 273 3729 subditi,
294 3645 436 3735 ἀρετῶσι
457 3647 496 3715 ds
515 3646 593 3714 λαοὶ
612 3644 671 3715 ὕοι)
693 3645 832 3740 αὐτῷ’).
855 3687 897 3702 -
915 3652 1018 3734 Neque
1037 3653 1137 3717 minus
1151 3653 1223 3718 boni
1236 3655 1313 3737 regis

152 3758 254 3822 laudes
280 3755 466 3820 celebremur
489 3754 526 3816 ab
545 3753 692 3819 Hesiodeo
714 3762 815 3838 poeta,
842 3755 894 3837 qui
912 3755 944 3819 in
961 3755 1137 3837 theogoniae
1156 3758 1312 3839 prooemio

154 3877 307 3923 musarum
326 3857 488 3940 principem
503 3855 651 3939 Calliopen
669 3858 794 3941 eiusque
807 3876 924 3923 sorores
938 3860 1071 3923 nascenti
1084 3859 1154 3925 huic
1167 3859 1269 3925 adesse
1283 3866 1314 3924 et

153 3962 241 4026 vitam
257 3962 322 4026 eius
336 3956 469 4024 comitari
484 3959 530 4023 his
544 3960 677 4024 versibus
690 3968 830 4024 testatur:

243 4052 297 4126 Ἥ
315 4059 377 4149 γὰρ
397 4058 457 4126 καὶ
477 4059 670 4146 dauthius
691 4055 747 4145 ἅμ’
769 4054 954 4129 αἰδοίοισιν
976 4054 1107 4150 ὀπηδεῖ.

254 4157 367 4230 ὅντινα
387 4156 558 4250 τιμήσωσι
577 4161 666 4243 Διὸς
686 4162 805 4251 κοῦραι
824 4160 984 4251 μεγάλοιο

254 4405 280 4472 ο)
297 4404 326 4457 n.
338 4403 368 4471 n,
385 4405 444 4457 ror.
847 4406 873 4467 ο)
892 4404 938 4457 oa.
952 4403 981 4457 u.
1000 4403 1058 4456 ras.

253 4491 280 4558 s)
298 4490 326 4544 n.
339 4490 376 4558 x,
395 4489 521 4560 sa,x1u‚
538 4491 597 4545 aas.
843 4490 869 4556 o>
887 4490 933 4543 ou
946 4488 1021 4557 xire
1033 4490 1091 4545 ros.
1103 4490 1160 4545 111.
1175 4491 1232 4546 ris.
