3190 5136
805 404 1006 535 ,ων-

329 627 444 690 codices
470 644 497 687 v.
518 624 577 688 851
606 623 749 686 dicentem
773 623 894 697 iaciunt,
921 616 956 687 εί
970 644 1008 686 τε
1031 618 1222 709 δημόθρους
1244 616 1383 711 ἀναρχία
1402 627 1486 707 βοο-

288 780 294 817 ,Ι
327 724 388 813 λήν
408 717 656 812 καταρρίψειεν,
679 730 741 788 non
757 726 843 788 credo
858 726 952 789 sicel)
967 725 1109 807 Aeschylo
1125 726 1268 808 scriptum
1283 746 1359 790 esse.
1388 727 1486 791 Ιοῑεε-

260 858 262 867 ·
290 856 294 895 ι
328 838 427 912 pretes
442 829 560 910 quidem
573 820 696 912 βουλήν
715 829 752 891 de
771 836 875 891 senatu
898 827 1027 908 quodam
1047 828 1205 909 accipiunt,
1228 828 1275 891 cui
1294 848 1416 910 imnum
1431 830 1488 892 ah-

253 916 297 1011 s,
327 939 411 995 sente
439 949 508 1011 rege
538 929 679 993 tuendum
706 931 806 1007 luerit3
833 930 884 993 sed
910 930 940 992 id
966 931 992 993 si
1019 929 1136 1011 intelligi
1154 931 1315 1012 Aeschylus
1334 933 1487 1007 voluisset,

327 1033 425 1114 paullo
442 1033 579 1096 disertius
594 1032 671 1095 haud
686 1031 774 1094 dubie
788 1033 944 1113 eloquutus
963 1033 1047 1094 loret.
1078 1033 1240 1113 Scripsisse
1262 1052 1329 1097 eum
1347 1035 1489 1115 suspicor

327 1129 450 1221 βουλήν
471 1129 574 1220 κακήν
596 1129 744 1220 ῥάψειεν.
772 1170 813 1181 -
839 1134 939 1214 Neque
964 1134 1136 1215 incorrupta
1161 1144 1231 1199 sunt
1255 1136 1487 1216 Agamemnonis

327 1238 415 1302 verba
442 1259 469 1301 v.
490 1239 565 1302 899:
592 1231 719 1322 γνώμην
739 1230 798 1316 μὲν
820 1226 901 1298 ἰ’σθι
928 1232 974 1318 μή
998 1229 1232 1321 διαφθεροῦντ’
1254 1231 1323 1318 ίμέ.
1368 1238 1487 1319 Quippe

324 1335 456 1426 γνοίμην
478 1332 693 1425 διαφθείρειν
713 1340 760 1402 vix
774 1347 851 1402 recte
867 1339 981 1415 dicitur,
996 1340 1045 1420 qni
1060 1338 1140 1403 alteri
1155 1340 1319 1402 concedens
1333 1358 1395 1402 non
1414 1359 1488 1420 per-

322 1453 440 1509 severat
454 1444 483 1506 in
498 1443 651 1519 sententie,
665 1443 718 1507 sed
732 1442 758 1505 is
774 1442 872 1523 potius
888 1441 938 1522 qui
952 1441 1032 1504 alteri
1046 1440 1211 1522 persuadet,
1225 1449 1260 1504 ut
1269 1441 1397 1505 deterius
1409 1459 1487 1505 con·

329 1546 414 1609 sulat
439 1543 538 1626 ltaque
556 1544 741 1608 scribendum
762 1544 833 1606 erit:
860 1536 988 1629 γνώμην
1008 1536 1069 1623 μὲν
1090 1533 1172 1605 ίσθι
1193 1538 1238 1627 μή
1263 1535 1489 1631 διαφθεροῦσ’

328 1638 418 1732 δμήν.
433 1681 476 1693 -
490 1646 628 1709 Proxima
642 1644 730 1708 verba
745 1645 990 1726 Clytaemnestrae
1009 1665 1035 1705 v.
1051 1644 1128 1706 900:
1142 1633 1231 1728 ηίίξω
1251 1643 1349 1720 θεοῖς
1371 1636 1488 1719 δείσας

325 1735 434 1812 dodo'
445 1740 552 1832 ἔρδειν
560 1741 649 1824 τάδε,
657 1747 786 1827 plerique
794 1747 837 1809 sic
844 1746 1025 1827 interpretati
1032 1755 1115 1809 sunt:
1130 1744 1311 1808 venistine
1325 1746 1396 1808 diis
1408 1764 1487 1808 me-

327 1859 432 1913 tuens
453 1851 506 1913 sic
524 1851 700 1913 iacturum
720 1859 754 1911 te
772 1847 866 1912 ista?
885 1849 1055 1923 autetiam,
1074 1846 1213 1928 quoniam
1228 1847 1271 1910 sic
1290 1838 1331 1909 ἀν
1345 1849 1488 1929 particula

326 1970 389 2016 non
404 1951 573 2015 conveniret
586 1951 760 2025 sententiae,
775 1951 889 2015 sublato
906 1951 990 2031 siguo
1005 1948 1256 2030 interrogationis,
1277 1949 1308 2011 in
1323 1949 1404 2013 hunc
1416 1968 1487 2012 mo-

327 2055 412 2116 dum:
426 2054 590 2116 vovisses
604 2054 691 2116 haec
704 2053 752 2115 ita
767 2053 904 2130 lacere,
919 2052 950 2115 si
966 2053 1098 2133 aliquid
1113 2050 1316 2115 metuisses.
1345 2052 1488 2115 Neutratu

326 2155 596 2235 interpretationem
615 2155 685 2217 lerri
704 2174 795 2235 posse
809 2163 886 2217 recte
901 2155 1087 2217 Hermsnnus
1101 2153 1225 2216 monuit
1254 2154 1349 2219 lutuno
1363 2153 1489 2219 ridicula

326 2265 372 2320 est
386 2258 539 2332 sententia,
552 2258 579 2319 si
591 2242 649 2318 oid'
663 2247 773 2338 ἕρδειν
786 2251 869 2318 τάδε
882 2257 1022 2337 accipitur
1035 2257 1072 2318 de
1087 2256 1272 2321 recmatioue
1285 2256 1489 2336 Agamemno·

325 2360 389 2434 nis,
415 2377 507 2440 quum
527 2377 560 2421 se
578 2366 665 2439 negat
682 2377 734 2438 per
755 2360 881 2438 stragula
902 2358 1084 2421 incessurum
1104 2377 1180 2420 esse.
1209 2357 1283 2420 Nam
1308 2358 1338 2420 id
1366 2376 1399 2419 se
1421 2375 1488 2421 nou

275 2470 309 2522 st
326 2462 471 2523 laumum
486 2479 591 2523 rovere
605 2460 648 2522 sic
662 2460 782 2523 demum
797 2460 958 2541 potuisset,
972 2461 998 2523 si
1012 2460 1204 2541 praevidisset
1222 2462 1285 2523 lore
1303 2467 1337 2523 ut
1355 2460 1487 2545 stragula

325 2561 381 2625 sibi
395 2562 527 2625 redeunti
542 2562 806 2625 substernerentur.
831 2562 1017 2625 Hermaunns
1032 2561 1150 2642 scripsit
1165 2554 1330 2639 δείσασαν,
1344 2562 1485 2626 restituto

326 2664 410 2743 signo
426 2664 677 2743 interrogationis,
693 2665 746 2727 scd
760 2664 1000 2745 interpretatione
1018 2665 1095 2727 nodia
1115 2664 1225 2729 addita:
1245 2682 1341 2745 neque
1359 2683 1415 2745 ego
1430 2684 1484 2728 ex·

324 2774 428 2846 putare
441 2785 580 2848 possum,
599 2766 669 2846 quid
683 2767 742 2828 hcc
756 2766 920 2846 siguificare
934 2765 1064 2831 voluerit
1094 2766 1267 2847 Aeschylum
1287 2776 1385 2830 autem
1405 2767 1484 2831 suri·

324 2867 421 2948 psisse
436 2869 496 2931 aio:
511 2857 604 2945 εὖξαι
626 2867 722 2943 θεοῖς
744 2861 873 2943 δείσας·
894 2863 935 2931 σύ
957 2853 1046 2929 d'cid'
1067 2858 1176 2950 ἔρδειν
1196 2863 1286 2932 τάδε.
1308 2868 1337 2931 h.
1353 2889 1379 2931 e.
1398 2886 1484 2949 pre-

323 2971 429 3035 cihus
443 2971 547 3053 placa
565 2970 653 3032 deos
673 2969 704 3032 si
717 2988 780 3031 eos
795 2972 916 3046 (eorum
936 2969 1235 3047 animadversionem)
1255 2970 1399 3046 metuis3
1419 2971 1485 3035 sed

324 3072 380 3135 iae
393 3073 488 3154 quod
503 3079 537 3134 te
550 3071 664 3134 iuheo.
694 3070 964 3135 Conlormatiouem
984 3071 1139 3147 orationis,
1153 3072 1231 3135 haud
1244 3091 1342 3137 rarum
1356 3073 1436 3137 illam
1451 3072 1483 3135 in

324 3173 496 3237 huiusmodi
514 3172 728 3247 adhortatione,
748 3189 824 3251 quae
848 3178 915 3234 ante
938 3171 1023 3235 dietis
1043 3173 1218 3255 opponitis,
1245 3173 1484 3257 comprobabunt

324 3275 436 3357 aliquot
459 3275 599 3356 exempla.
628 3274 715 3337 llom.
741 3273 796 3337 0d.
816 3273 905 3349 xxu,
925 3274 1003 3336 431:
1020 3268 1125 3360 μήπω
1146 3267 1235 3361 τήνδ’
1257 3267 1419 3361 ἀνέγειρε·
1441 3272 1484 3341 od

324 3368 478 3439 δ’ἐνθοίδε
504 3367 581 3439 εἰπὲ
606 3366 763 3457 γυναιξίν.
800 3374 920 3438 Hesiod.
939 3375 974 3438 0.
994 3385 1022 3438 et
1040 3377 1073 3439 ll.
1093 3398 1119 3440 r.
1140 3378 1217 3441 402:
1231 3374 1340 3463 χρῆμα
1360 3373 1421 3458 μίν
1442 3370 1483 3443 oei

322 3471 476 3561 πρήξεις·
499 3474 539 3541 nd
561 3468 716 3541 ἀδεοίσια
736 3469 831 3540 πόλλ’
852 3468 1050 3563 ἀγορεύσεις.
1080 3480 1172 3561 Soph
1186 3480 1231 3547 ht
1245 3501 1273 3542 v.
1289 3477 1484 3543 394εταῦτα

321 3572 381 3658 μὲν
401 3572 521 3656 μέθες·
543 3574 584 3640 σύ
607 3573 644 3640 δὲ
665 3574 810 3658 τεμοῦσα
831 3573 951 3660 κρατὸς
971 3576 1160 3665 βοστρύχων
1182 3571 1285 3666 ἀκρας
1305 3575 1417 3668 φόβοις
1435 3616 1482 3628 -

323 3674 392 3755 δός.
428 3680 498 3743 Ειιε.
527 3679 597 3742 Τεο.
623 3679 700 3745 42οε
728 3672 813 3742 ἕπον
836 3673 874 3742 δέ
887 3699 949 3758 μοι
970 3677 1056 3765 πρὸς
1076 3679 1168 3758 ναῦς·
1190 3680 1231 3748 σύ
1253 3674 1365 3768 δ’ήνίιά
1379 3674 1420 3747 ἀν
1440 3702 1483 3747 σε

321 3774 476 3863 Λαρτίου
497 3775 597 3871 χρήζῃ
618 3774 718 3856 τδκος
739 3771 841 3862 ἀγειν,
865 3775 1023 3847 ἕπεσθαι.
1059 3785 1098 3848 Et
1115 3786 1231 3868 inipso
1255 3786 1312 3850 hae
1330 3786 1433 3866 Agam.
1451 3806 1481 3850 v.

324 3884 420 3945 1019:
451 3874 482 3947 εἰ
508 3874 538 3946 ἀ
539 3874 711 3968 ἀξυνήμων
735 3869 819 3946 οὖσα
843 3880 889 3968 μή
917 3880 1007 3962 diget
1035 3879 1146 3969 λόγον,
1173 3884 1214 3953 σύ
1241 3879 1345 3951 δ’ἀνιὶ
1367 3884 1482 3974 φωνῆς

320 3978 428 4069 φράζε
448 3979 602 4069 καρβάνῳ
629 3976 709 4067 χερί.
726 4019 769 4029 -
793 3985 894 4047 Paullo
913 3995 981 4065 post
998 3986 1189 4068 interroganti
1208 3990 1434 4070 Agamemnoni:
1459 3976 1483 4074 ή

320 4077 380 4148 καί
401 4104 440 4147 σο
461 4079 553 4171 νίκην
572 4080 669 4171 τήνδε
691 4081 805 4169 δήριος
826 4078 923 4161 τίειςς
944 4091 1104 4169 respondet
1117 4090 1343 4172 Clytaemnestra
1356 4110 1384 4153 v.
1400 4090 1481 4154 910:

320 4184 445 4250 πιθοῦ·
466 4181 586 4271 κράτος
605 4181 720 4267 μέντοι
742 4180 847 4269 πάρες
869 4179 897 4268 ys
898 4180 980 4252 ἑκών
1001 4185 1084 4271 ἐμοί.
1122 4193 1155 4256 ln
1180 4194 1407 4275 intermgatione
1432 4195 1480 4258 ille

321 4289 370 4369 qni
397 4288 584 4350 scribendum
604 4276 819 4372 censuerunta}
840 4280 878 4351 οά
900 4286 958 4353 καί
980 4288 1020 4356 σύ
1035 4329 1089 4369 -,
1115 4296 1291 4359 sententiam
1315 4313 1377 4358 uon
1398 4306 1482 4358 recte

287 4404 294 4509 y
320 4389 489 4471 percepisse
505 4388 646 4452 videntur.
675 4389 739 4452 Hoc
753 4389 824 4452 dicit
838 4392 1033 4470 Agamemno:
1054 4396 1141 4458 Num
1160 4417 1237 4461 vere
1259 4406 1295 4461 tu
1314 4399 1408 4461 hanc
1426 4399 1481 4459 ri-
