3290 5142
788 403 927 549 -e-

550 628 666 722 γάμων
687 630 859 723 Κριοίσης
880 629 997 720 ἀξίωμ’
1018 632 1160 716 dedere,

286 745 316 806 h.
332 764 369 818 e,
384 748 419 804 ut
432 741 590 805 Pausanias
605 743 715 819 scribit,
731 743 791 817 VII,
811 745 840 818 1,
865 745 899 804 1:
921 735 1092 826 θυγατέρα
1108 732 1293 825 Ἐρεχθέως
1313 735 1447 832 ἠξιώθη

286 842 408 926 λαβεῖν.
433 844 508 907 Nam
523 836 657 927 α’ξίωμα
677 838 819 922 ἐδέξατο,
834 845 1086 926 dignationem
1107 845 1267 926 accepit,
1281 846 1354 909 nihil
1367 847 1448 911 aliud

285 957 345 1023 est,
372 966 461 1028 quam
488 954 686 1011 nactusest
712 955 752 1010 ut
778 948 909 1031 dignus
928 948 1173 1011 iudicaretur:
1194 948 1448 1029 quemadmodum

152 1130 156 1133 -
284 1050 433 1125 Tantalus,
447 1051 572 1113 deorum
586 1051 680 1131 epulis
696 1051 841 1132 dignatus,
857 1051 952 1113 Orest.
963 1068 991 1110 ι.
1006 1047 1026 1110 9
1041 1048 1147 1115 dicitm
1159 1048 1269 1133 καινῆς
1282 1045 1448 1136 τραπέζης

285 1144 408 1232 ἀξίωμ’
431 1144 513 1230 ἔχων
533 1137 616 1214 thol.
651 1152 753 1234 Neque
767 1154 851 1217 aliter
864 1152 1076 1233 accipiendum,
1092 1152 1172 1233 quod
1182 1152 1215 1215 in
1228 1152 1333 1215 Trosd.
1345 1172 1372 1215 ι.
1384 1153 1447 1216 485

281 1255 423 1335 legimus:
445 1243 487 1328 ἅς
513 1245 679 1338 δ’ἔθριψα
705 1249 895 1338 παρθένους
922 1245 971 1329 εἰς
998 1244 1129 1335 ἀξίωμα
1149 1246 1299 1337 νυμφίων
1321 1248 1448 1339 ἐξαίρε-

281 1376 353 1419 ccv:
365 1357 474 1419 filiae
490 1373 579 1437 quas
593 1357 803 1419 educariad
818 1357 1056 1439 praecipuam
1072 1356 1446 1438 dignationemspon-

281 1477 417 1533 sorum,
434 1460 463 1522 h.
477 1479 502 1521 e.
514 1465 549 1522 ut
559 1458 677 1540 sponsis
689 1458 836 1522 nobilibus
848 1459 952 1538 dignae
962 1458 1076 1533 torent3
1088 1457 1141 1519 uhi
1152 1458 1248 1538 potuit
1257 1459 1347 1521 etiam
1358 1452 1447 1534 ἔξαι-

282 1556 383 1648 ρέτων
404 1561 469 1625 dici.
497 1561 556 1625 Sed
570 1563 644 1625 haec
657 1561 807 1644 hypallage
823 1561 944 1644 epitheti
957 1560 1030 1623 nihil
1044 1561 1213 1623 offensionis
1228 1560 1330 1636 habet,
1353 1562 1448 1642 siqui-

282 1665 361 1738 dem,
377 1682 452 1744 quae
466 1664 632 1746 praecipuis
648 1666 765 1746 sponsis
787 1666 891 1747 dignae
910 1670 996 1735 sunt,
1016 1680 1118 1725 earum
1136 1663 1225 1727 etiem
1246 1663 1448 1745 dignationem

281 1768 469 1850 praecipuam
484 1787 550 1830 csse
568 1786 688 1831 necesse
709 1775 764 1830 est.
797 1768 900 1832 Honor
920 1773 1019 1829 autem
1040 1764 1140 1828 Xutho
1159 1764 1277 1829 habitus
1297 1771 1378 1829 tanto
1399 1768 1447 1829 in-

281 1870 394 1951 signior
412 1869 504 1933 videri
519 1868 633 1945 debuit,
650 1870 730 1951 quod
745 1870 770 1933 is
783 1888 845 1934 non
866 1871 1016 1952 indigena,
1037 1860 1096 1932 οὐκ
1117 1861 1247 1952 ἐγγενὴς
1268 1857 1322 1945 ὧν,
1342 1887 1370 1929 ι.
1394 1868 1446 1944 63,

281 1974 333 2038 sed
349 1972 493 2047 Achaeus,
506 1972 616 2036 advena
630 1972 719 2053 igitur
732 1979 763 2034 et
775 1980 917 2055 tanquam
927 1972 1087 2055 inquilinus
1097 1970 1179 2034 rubis
1189 1970 1371 2035 Athenarum
1382 1971 1448 2047 luit,

282 2066 343 2139 οὐκ
365 2067 476 2152 ἀστός,
499 2066 567 2137 ἀλλ’
591 2068 737 2149 ἐπακτὸς
759 2069 796 2151 ἐξ
816 2065 917 2160 ἄλλης
931 2068 1064 2156 χθονός,
1089 2093 1114 2136 ι.
1133 2073 1204 2136 303.
1235 2072 1295 2137 Sed
1310 2074 1447 2155 quernus

282 2180 408 2251 advena,
425 2177 503 2240 claro
517 2183 619 2240 minen
633 2194 740 2258 genere
755 2184 840 2242 ortrrs
856 2177 926 2253 brit,
942 2177 1024 2240 Aeoli
1043 2175 1136 2250 tilius,
1156 2175 1233 2238 lovis
1252 2193 1355 2258 nepos.
1386 2176 1448 2240 Hos

280 2282 360 2346 enirn
382 2279 535 2361 Euripides
554 2279 582 2342 ei
596 2286 733 2361 parentes
752 2277 847 2354 dedit,
868 2287 970 2343 contra
984 2279 1133 2359 vulgarem
1152 2277 1280 2341 fabulam
1299 2277 1447 2342 Hesiodoo

282 2383 412 2448 carmine
423 2381 569 2453 traditam,
585 2400 660 2463 quae
673 2380 809 2443 Xuthum
823 2381 906 2448 Aeoli
920 2400 983 2446 non
996 2382 1091 2445 tilium
1105 2382 1157 2445 sed
1171 2381 1294 2444 trahem
1309 2381 1448 2462 perhihe-

284 2488 344 2562 bat,
360 2495 476 2567 patrem
491 2491 591 2548 summ
607 2484 716 2547 horum
731 2483 893 2552 hedonem,
909 2484 1093 2548 Deucalionis
1107 2491 1137 2546 et
1147 2484 1274 2565 Pyrrhae
1284 2486 1377 2551 fllium
1388 2490 1447 2571 ¹⁹).

280 2591 318 2654 Et
343 2589 472 2652 Hellenis
491 2588 617 2650 Aeolum
638 2587 732 2649 filium
755 2587 844 2649 etiarn
865 2588 928 2669 ipse
948 2586 1100 2669 Euripides
1127 2587 1194 2649 alibi
1212 2587 1296 2665 iecit,
1316 2589 1447 2655 Hellenis

281 2680 381 2757 antem
399 2699 513 2774 patrem
532 2690 705 2769 lovem20).
746 2689 862 2753 Scilicet
882 2691 913 2753 in
934 2691 981 2752 his
998 2688 1141 2753 fabulosis
1161 2690 1350 2772 genealogiis,
1373 2711 1446 2773 quas

281 2796 361 2860 nulla
376 2801 455 2858 certa
469 2810 569 2856 rerum
584 2792 642 2855 fide
655 2792 731 2855 tradi
751 2793 910 2873 prudentes
927 2791 1143 2873 intelligebant,
1163 2810 1301 2873 magnam
1319 2793 1375 2856 sihi
1394 2801 1447 2859 aut

281 2898 409 2981 fingendi
420 2903 479 2970 aut,
495 2896 521 2958 si
535 2895 649 2958 diversa
664 2894 859 2968 traderentur,
882 2895 913 2957 id
935 2894 1015 2976 quod
1033 2895 1105 2975 ipsis
1125 2894 1235 2977 ubique
1256 2896 1444 2976 aptissimum

280 3002 429 3065 rideretur
455 2995 579 3077 eligendi
605 2996 772 3059 libcrtatem
791 3003 896 3077 poetae
912 3015 967 3061 suo
988 2997 1052 3061 inre
1069 2998 1260 3079 usmpahant.
1290 2998 1374 3062 Aeoli
1392 3019 1446 3065 cur

281 3103 418 3168 maluerit
431 3099 584 3182 Euripides
598 3117 689 3180 qnam
702 3098 831 3162 Hellenis
844 3100 939 3163 fllium
950 3099 1085 3164 Xuthum
1098 3100 1204 3175 lacere,
1219 3101 1287 3164 licet
1297 3120 1352 3182 pro
1363 3110 1445 3167 certo

282 3206 338 3269 dici
357 3210 497 3286 nequeat,
517 3219 580 3265 non
598 3201 792 3283 improbabile
811 3209 914 3267 tarnen
928 3203 1043 3267 videtur
1062 3210 1218 3285 propterea
1239 3203 1351 3268 factum
1366 3225 1442 3284 esse,

238 3310 242 3315 ’
281 3326 329 3382 ne,
342 3308 368 3369 si
383 3304 510 3368 Hellenis
525 3303 619 3366 filiurn
629 3304 818 3386 peregrinum
832 3312 862 3368 et
883 3306 1025 3370 advenam
1044 3305 1171 3381 laceret,
1193 3306 1386 3372 Athenienses
1401 3310 1444 3391 ¹ah

280 3409 408 3472 Hellenis
422 3408 515 3489 stirpe
529 3407 616 3470 alieni
630 3426 695 3471 esse
706 3408 883 3471 viderentur.
912 3408 1045 3472 Eand0m
1065 3409 1104 3470 oh
1125 3426 1243 3473 musam
1263 3429 1325 3474 non
1344 3412 1443 3476 Helle-

278 3511 362 3575 nicae
372 3512 424 3575 sed
438 3512 579 3575 Achaicae
592 3511 688 3592 gentis
703 3510 837 3575 Xuthum
852 3530 917 3575 esse
931 3510 1013 3586 dixit,
1024 3511 1093 3574 licet
1107 3512 1139 3574 in
1152 3520 1284 3576 extrema
1302 3514 1401 3580 lahnla
1414 3536 1442 3580 ι.

283 3614 365 3677 1612
380 3615 469 3678 etiam
482 3613 575 3676 Xuthi
590 3613 738 3694 quendam
752 3614 846 3676 tilium
860 3614 1010 3677 Achaeum
1023 3614 1169 3678 nominet.
1200 3616 1315 3680 Scilicet
1334 3617 1370 3681 ab
1385 3619 1443 3682 hoc

280 3717 372 3780 Xuthi
386 3716 446 3779 lilio
467 3734 534 3790 eos,
555 3715 605 3797 qui
624 3715 655 3777 in
670 3716 876 3797 Peloponneso
895 3717 1003 3780 Achaei
1022 3717 1208 3796 dicebantm,
1227 3737 1339 3783 nomen
1357 3739 1441 3784 acce·

278 3820 374 3904 pisse;
388 3819 428 3882 illi
438 3818 532 3897 alteri,
546 3836 676 3900 quorum
691 3819 728 3882 de
741 3827 828 3900 gente
841 3819 959 3884 Xuthus
973 3827 1046 3900 erat,
1061 3821 1094 3887 in
1107 3821 1258 3887 Thessalia
1270 3804 1371 3888 sedem
1386 3824 1441 3889 hs·

350 4021 391 4086 tt)
402 4018 459 4074 Vid.
471 4020 559 4075 Tasta.
571 4024 602 4074 ad
613 4021 742 4093 Lycophr.
753 4039 778 4076 r.
792 4023 843 4076 184
853 4030 880 4076 et
891 4023 977 4076 Schcl.
989 4023 1074 4089 Apoll.
1086 4024 1165 4078 llhcd.
1178 4025 1218 4095 m,
1232 4027 1298 4081 1086
1309 4044 1325 4080 a
1337 4028 1439 4084 Marel-

279 4106 420 4172 scheffelio,
436 4107 495 4161 iles.
511 4107 601 4175 fragm.
618 4125 642 4175 p.
661 4109 721 4173 275,
736 4110 903 4162 emendatum.
919 4138 954 4148 —
966 4109 1083 4163 Ceterum
1094 4127 1110 4163 a
1121 4111 1274 4181 mythologie
1285 4114 1362 4167 etiam
1373 4117 1438 4171 alins

279 4192 378 4260 quidam
389 4192 492 4246 Xutbus
503 4194 698 4256 memorabatur,
712 4194 785 4246 Aeoli
797 4185 955 4261 Hippotadae
967 4194 1043 4262 illius,
1054 4213 1128 4265 quem
1139 4198 1166 4249 in
1177 4197 1264 4251 Sicilia
1276 4200 1346 4253 eirca
1356 4200 1440 4254 Leon·

279 4279 347 4328 tinos
365 4293 484 4347 regnam
503 4280 676 4346 perhibebant
703 4279 777 4332 Diod.
794 4279 826 4346 V,
843 4280 867 4332 8.
884 4281 968 4334 Sobel
984 4280 1014 4335 11.
1032 4283 1056 4350 l,
1071 4282 1097 4336 2.
1120 4283 1157 4335 De
1172 4285 1221 4337 hoc
1238 4301 1361 4353 quaem
1373 4305 1438 4340 nunc

279 4362 341 4417 nihil
349 4365 449 4416 attinet
459 4362 497 4417 (il.
508 4364 612 4419 Cluver.
623 4364 695 4419 Sicil.
704 4374 756 4420 ant.
765 4382 790 4433 p.
801 4365 842 4419 29.
854 4367 978 4435 caespes
986 4367 1099 4422 lllanren
1106 4370 1137 4422 de
1146 4370 1232 4424 Aenea
1244 4379 1272 4425 et
1281 4371 1369 4428 Perat.
1379 4375 1438 4428 418.

346 4447 390 4516 20)
402 4447 501 4515 Eragnr.
513 4451 588 4507 Aeoli
598 4470 640 4508 no.
651 4453 686 4508 24
694 4462 722 4506 et
732 4451 866 4521 Melanipp.
878 4469 920 4507 no.
931 4452 956 4507 2.
