3154 5138
7 1444 9 1595 l
117 1520 439 1615 ΟΟΙΙΙΙΕΙΙΙΑΤΙΟ
454 1522 513 1613 ΙΙ.
532 1520 593 1613 ΑΙ)
609 1520 840 1615 CICERONIS
855 1523 939 1614 LIB.
954 1524 1014 1615 llll
1028 1523 1128 1616 llll.
1155 1525 1281 1619 utun

175 1811 376 1891 rlbsolvemus
390 1827 449 1888 hoc
463 1836 678 1908 programmate
693 1847 766 1908 quas
779 1827 935 1889 instuimus
948 1830 1211 1892 commentationes
1223 1830 1280 1893 cri-
1298 1842 1314 1892 3

115 1928 187 1991 tices
197 1930 236 1992 de
246 1929 395 1991 Ciceronis
406 1928 488 1992 libris
501 1923 537 1992 de
548 1939 652 1993 natura
667 1931 804 2004 deorum,
816 1948 963 2011 quumque
975 1931 1180 2012 superioribus
1189 1932 1283 1995 tribus

116 2031 331 2113 scriptionibus
346 2032 433 2113 primi
449 2051 483 2093 ac
497 2033 618 2095 secundi
632 2033 699 2095 libri
715 2032 797 2094 locos
813 2033 1047 2107 tractaverimus,
1071 2033 1128 2095 iem
1145 2033 1180 2093 de
1195 2034 1280 2096 tertio

113 2134 191 2196 libro
209 2134 368 2196 dicendum
384 2134 447 2195 erit.
491 2134 522 2196 ln
538 2136 625 2197 huius
641 2135 728 2214 igitur
739 2135 832 2214 capite
848 2136 861 2194 l
876 2138 894 2209 t
907 2134 926 2195 2
944 2135 980 2196 ad
993 2135 1089 2197 Velleii
1102 2135 1281 2197 orationem:

115 2235 377 2315 Praebeboego
399 2254 450 2296 me
470 2236 535 2298 tibi
555 2247 730 2300 attentum
750 2246 875 2298 contra
897 2236 1042 2299 Stoicos
1063 2236 1279 2300 auditorem:

116 2358 223 2420 spero
239 2337 332 2400 euim
348 2346 393 2409 te,
408 2346 446 2400 ut
461 2340 571 2415 soles,
588 2338 677 2402 bene
693 2350 854 2421 paratum
875 2340 1014 2401 venire:
1035 2340 1136 2402 Cottae
1151 2358 1279 2419 respon·

115 2441 380 2521 sichaeelegitur:
408 2440 444 2502 si
470 2441 678 2503 mehercule.
722 2441 842 2521 Neque
868 2441 958 2504 enim
986 2442 1070 2503 mihi
1097 2461 1160 2522 par
1186 2442 1278 2504 ratio

116 2565 191 2607 cum
208 2543 349 2606 Lucilio
366 2552 432 2617 est,
452 2564 489 2606 ac
509 2552 621 2607 tecum
638 2545 710 2606 luit.
755 2544 822 2606 Non
842 2545 947 2607 iniuria
962 2554 1058 2607 autem
1074 2544 1143 2607 illud
1160 2544 1190 2605 si
1206 2564 1277 2606 me-

115 2647 263 2709 hercule
279 2646 424 2727 plerisque
439 2645 595 2727 displicuit.
629 2648 702 2709 Nam
719 2648 797 2727 quod
813 2646 946 2709 nonnulli
962 2647 1090 2729 optantis
1106 2648 1177 2710 haec
1191 2648 1278 2711 verba

117 2769 181 2811 esse
196 2749 314 2820 volunt,
335 2757 367 2809 ut
387 2747 417 2809 si
437 2749 595 2829 accipiatur
615 2769 669 2830 pro
686 2750 836 2821 utinam,
857 2750 1105 2830 subaudiaturque
1124 2770 1158 2811 ex
1180 2750 1277 2813 Velleii

118 2853 249 2913 oratione
263 2850 381 2912 verutum
394 2849 562 2925 venirem,
577 2869 700 2932 eumque
707 2852 975 2933 interpretationem
990 2852 1176 2933 comprobari
1188 2869 1278 2932 posse

118 2955 240 3016 creduut
261 2952 430 3014 huiusmodi
453 2952 539 3026 locis,
564 2952 664 3033 quales
688 2963 758 3015 sunt
780 2955 816 3016 de
838 2954 920 3016 offic.
944 2955 992 3027 ΙΙΙ,
1018 2956 1066 3028 10,
1083 2956 1138 3016 ll:
1158 2953 1279 3033 itaque

118 3057 337 3137 praeclarum
354 3077 370 3118 a
386 3054 586 3118 maioribus
601 3056 803 3136 accepimus
820 3077 951 3119 morem
967 3056 1115 3137 rogandi
1131 3055 1278 3127 iudicis,

119 3160 146 3220 si
161 3178 238 3222 eum
251 3169 468 3221 teneremus.
480 3177 524 3239 pr.
534 3157 627 3220 Flere.
640 3177 664 3219 c.
678 3160 705 3233 7,
721 3159 774 3220 15:
796 3178 814 3220 o
836 3178 966 3222 morem
983 3160 1206 3240 praeclarum
1223 3159 1277 3220 di·

119 3261 434 3344 sciplinamque,si
452 3260 592 3341 quidem
609 3270 826 3324 teneremus.
850 3262 915 3324 Sed
928 3263 1144 3343 nesoi0,quo
1156 3269 1277 3343 pacto,

119 3365 182 3427 ianr
197 3366 238 3427 de
253 3364 420 3426 manibus
440 3363 599 3425 elabitur.
645 3363 721 3444 Virg.
738 3363 809 3425 den.
826 3363 875 3437 vt,
894 3365 967 3427 187:
989 3365 1019 3425 si
1040 3382 1134 3426 nunc
1153 3383 1190 3425 se
1210 3382 1277 3424 no-

118 3466 170 3529 bie
184 3467 246 3529 ille
260 3485 390 3528 aureus
407 3466 531 3529 arbore
546 3485 665 3529 ramus
682 3466 853 3528 ostendat
866 3484 1010 3530 nemore
1025 3467 1060 3528 iu
1077 3473 1191 3527 tanto:
1207 3465 1278 3527 haee

119 3578 297 3649 quantopere
318 3588 378 3631 non
399 3570 491 3631 modo
513 3589 528 3631 a
547 3579 652 3631 nostro
668 3568 749 3641 loco,
770 3570 821 3631 sed
838 3569 923 3631 etiam
939 3568 1016 3631 iuter
1031 3587 1063 3629 se
1078 3566 1190 3629 diversa
1207 3566 1275 3638 siut,

120 3672 195 3733 facile
210 3671 385 3751 intelligitur.
430 3671 503 3733 Nam
520 3671 647 3751 optantis
664 3671 783 3750 quidem
800 3671 894 3733 oratio
915 3690 975 3734 nou
991 3676 1089 3752 potest
1104 3670 1160 3731 nisi
1175 3669 1205 3731 in
1221 3670 1276 3731 de·

118 3774 209 3836 neidis
223 3775 291 3836 loco
307 3775 440 3854 agnosci3
455 3773 557 3854 reliqui
572 3774 631 3835 duo
654 3773 883 3835 enuntiationem
904 3773 1011 3836 habeut
1030 3791 1109 3834 mere
1130 3771 1275 3834 conditio·

117 3878 225 3949 nalem,
245 3875 328 3938 euius
349 3876 419 3937 haec
438 3876 480 3937 vis
496 3886 554 3952 est,
574 3886 625 3951 ut,
642 3894 716 3956 quae
735 3877 891 3939 antedicta
911 3885 1008 3951 erant,
1024 3875 1276 3956 reprehendantur

116 3979 336 4060 quodammodo
351 3997 384 4039 ac
398 3977 566 4040 limitentur.
612 3977 724 4060 Nempe
739 3979 788 4060 qui
809 3998 875 4041 mos
890 3998 951 4041 non
967 3986 1094 4052 tenetur,
1114 3996 1275 4058 propemo-

116 4082 185 4143 dum
206 4080 329 4162 perinde
349 4089 407 4151 est,
429 4100 462 4141 ac
485 4080 509 4142 si
532 4099 570 4142 ue
592 4090 729 4162 acceptus
751 4083 868 4162 quidem
893 4082 939 4144 sit.
985 4080 1169 4163 Significatur·
1190 4080 1277 4159 igitur

114 4185 298 4265 praeclarum
320 4182 399 4244 illum
422 4201 533 4245 morem
551 4184 704 4259 fluuiorum,
718 4186 748 4246 h.
765 4206 790 4247 e.
814 4185 913 4247 utilem
934 4205 968 4247 ec
983 4185 1138 4247 salutarem
1161 4180 1274 4256 civitati,
1293 4196 1308 4245 t

114 4295 267 4366 acceptum
285 4287 329 4349 sic
339 4288 459 4348 demum
475 4305 540 4348 vere
555 4286 710 4348 dicendum
727 4288 825 4361 luisse,
840 4287 863 4349 si
880 4296 1026 4350 teneretur
1039 4295 1124 4367 atque
1139 4284 1276 4346 observa-

114 4400 196 4453 retur
210 4411 225 4451 a
242 4390 362 4452 civibus.
379 4390 493 4451 —Sed
515 4390 721 4452 conditionalis
741 4390 899 4470 particulae
926 4390 955 4450 in
972 4389 1103 4470 optando
1120 4391 1277 4464 usurpatae

113 4514 206 4577 quum
224 4493 347 4558 omuino
360 4493 471 4556 rariora
494 4492 554 4552 sint
573 4494 650 4574 apud
666 4492 786 4556 Latinos
805 4491 966 4573 scriptores
983 4489 1128 4569 exempla,
1143 4523 1185 4532 —
1200 4488 1277 4569 apud
