3154 5138
839 457 901 523 360

770 544 971 555 -n--ae-——a-n-

288 653 370 726 terit,
397 651 469 731 quin
495 649 538 710 sic
562 648 661 728 potius
687 644 877 708 scribendum
903 645 1001 719 luerit,
1025 653 1059 706 nt
1083 662 1168 706 ame
1189 646 1297 707 factum
1308 652 1367 707 ost:
1381 664 1439 709 cur

288 772 399 833 aquae
415 754 597 830 [mentem
614 749 854 811 mentientem
869 748 1082 827 curaquam}
1100 744 1282 809 adiunxit?
1314 747 1386 809 Nam
1401 748 1441 809 ri·

289 862 404 936 tuperat
417 853 463 914 ille
470 851 597 925 Thalem,
612 852 663 932 qui
676 869 783 931 aquarn
795 849 900 911 dixerit
914 867 1013 911 rerum
1028 848 1153 921 initium,
1168 849 1253 910 deum
1271 857 1365 911 autem
1381 867 1440 911 eam

288 965 431 1029 mentem,
453 972 509 1037 qna
528 973 562 1015 es
578 972 651 1034 aqna
668 960 771 1015 cuncta
785 952 916 1030 fingeret,
937 950 1058 1030 eiusque
1071 951 1255 1031 vituperandi
1269 952 1345 1013 hane
1358 952 1444 1013 ratio·

289 1078 358 1120 nem
384 1058 480 1128 aliut,
501 1057 581 1136 quod
602 1056 673 1117 satis
693 1055 779 1117 luerit
798 1054 919 1116 dmum
940 1061 1039 1115 utrum
1059 1052 1157 1114 solum
1172 1052 1284 1127 dicere,
1300 1060 1329 1115 et
1343 1071 1445 1133 aquam

289 1160 421 1241 quidem,
447 1158 472 1219 si
492 1158 565 1219 deus
586 1157 672 1218 etism
691 1156 755 1218 sine
775 1173 866 1217 sensu
884 1173 919 1218 ac
937 1164 1036 1217 mento
1050 1173 1115 1217 esse
1129 1161 1245 1234 posset,
1270 1154 1364 1233 qamlis
1379 1154 1446 1217 deus

289 1281 364 1343 aqua
389 1269 470 1322 essct
487 1261 600 1332 littura,
618 1266 748 1320 mentem
767 1265 878 1332 antem,
897 1259 923 1319 si
938 1257 1010 1319 deus
1025 1256 1087 1319 sola
1103 1265 1213 1330 mente,
1227 1256 1311 1319 nullo
1326 1275 1448 1338 corpore

291 1363 441 1436 adiuncto,
461 1370 598 1424 constare
616 1369 729 1442 posset
772 1362 867 1434 Quam
893 1368 970 1421 recte
989 1358 1116 1421 Thaletis
1137 1358 1313 1421 sententiam
1328 1358 1448 1421 Velleius

290 1463 441 1544 acceperit,
455 1482 601 1545 quamque
615 1464 692 1525 iusta
706 1462 746 1524 sit
759 1463 821 1525 eius
835 1461 1036 1542 reprehensio,
1052 1479 1189 1541 quaerere
1204 1479 1286 1523 nune
1299 1461 1374 1523 nibil
1386 1460 1449 1523 atti·

290 1574 354 1628 net:
380 1584 443 1628 non
467 1567 547 1628 enirn
574 1566 643 1647 quid
670 1564 803 1627 debuerit
817 1564 927 1639 dicere,
947 1563 998 1625 sed
1017 1562 1089 1643 quid
1105 1562 1209 1625 dixerit
1223 1563 1385 1625 uidendum
1399 1572 1451 1624 est

291 1669 367 1731 Dixit
377 1676 473 1730 autem
490 1668 561 1731 hoc:
581 1668 652 1730 nihil
667 1687 743 1749 opus
760 1668 863 1741 lusisse,
882 1674 916 1729 nt
931 1675 1046 1747 praeter
1066 1684 1171 1747 nquam
1186 1667 1276 1729 etiam
1292 1683 1392 1739 meus,
1405 1673 1453 1727 aut

292 1779 324 1832 ut
337 1778 453 1850 praeter
466 1780 595 1833 mentem
610 1771 696 1832 mam
712 1788 786 1851 aqua
801 1778 975 1851 poneretur:
990 1786 1080 1849 eaque
1092 1767 1236 1831 sententia
1250 1766 1409 1847 llaqitmat,
1423 1776 1453 1827 ut

291 1874 322 1933 in
335 1871 426 1934 altero
442 1871 575 1934 membro
590 1890 693 1953 aquarn
705 1880 844 1952 tanquam
856 1871 1027 1951 primarium
1038 1869 1108 1933 illud
1118 1878 1253 1950 poneret,
1269 1870 1318 1933 cui
1330 1878 1454 1933 mentm

290 1973 408 2053 adiungi
424 1992 484 2035 non
500 1974 671 2054 oportuerit
685 1975 717 2036 iu
732 1974 821 2036 altero
836 1983 934 2036 autem
945 1972 1080 2036 membro
1089 1971 1453 2051 mentemcuinonopor-

292 2076 379 2137 tuerit
393 2075 479 2137 etiam
494 2094 600 2157 aquam
614 2076 746 2155 adiungi:
763 2075 822 2137 hoc
840 2083 899 2148 est,
914 2076 944 2136 iu
959 2074 1052 2137 altero
1066 2073 1201 2139 membro
1217 2093 1307 2156 aqua,
1321 2075 1353 2137 in
1369 2073 1456 2137 altero

291 2187 387 2241 antem
408 2194 494 2240 mens
514 2177 672 2256 primatum
692 2176 824 2239 obtinere
844 2175 976 2239 debebat.
1019 2175 1148 2239 lllotaius
1166 2184 1271 2239 autem
1298 2177 1455 2258 primatum

292 2280 323 2341 iu
336 2288 463 2360 utroque
477 2278 611 2341 membro
630 2297 738 2359 aquae,
758 2280 904 2343 secundas
923 2288 1021 2360 partes
1036 2278 1128 2341 menti
1142 2279 1322 2360 assignarit,
1334 2278 1458 2343 colloca·

291 2381 372 2444 tione
391 2388 504 2443 tantum
525 2379 680 2444 verborum
700 2389 824 2456 aruum,
843 2380 896 2443 sed
916 2381 1060 2445 sententis
1080 2379 1239 2461 utrobique
1254 2382 1377 2446 eadem
1392 2398 1458 2445 nun

291 2503 382 2564 aquae
403 2494 546 2559 mentem,
568 2502 606 2547 sn
627 2493 756 2547 mentem
784 2500 877 2564 aquae
902 2482 1066 2549 adiunctam
1092 2483 1187 2559 diens
1214 2485 1377 2566 adipsum
1400 2500 1459 2546 rem

292 2585 365 2648 nihil
385 2586 517 2649 interest

377 2688 481 2753 Paullo
496 2699 575 2770 post,
590 2689 612 2764 Ι,
632 2691 680 2764 11,
696 2689 746 2763 28,
761 2709 850 2770 quum
868 2691 897 2753 iu
914 2688 1064 2753 codicibus
1079 2689 1206 2769 legatur:
1226 2689 1462 2754 Parmenides

292 2793 554 2855 conventicium
570 2792 735 2873 quiddam
750 2810 904 2854 coronae
919 2791 1035 2855 simile
1049 2792 1178 2866 eflicit,
1198 2793 1282 2855 banc
1295 2792 1463 2863 loetioneur,

291 2915 306 2956 a
322 2894 470 2974 prioribus
486 2895 591 2957 merito
607 2895 782 2969 damnatam,
797 2894 926 2957 lllotzius
943 2894 1015 2958 tueri
1031 2903 1162 2958 conatur.
1193 2896 1294 2969 „Hoc
1309 2895 1405 2959 dioo“
1420 2894 1464 2956 in·

293 2998 355 3077 quit
369 2997 650 3071 „conventicium
665 2997 814 3078 quiddam,
829 2998 942 3060 etiamsi
958 2998 1021 3061 sine
1036 2999 1171 3078 exemplo
1187 2998 1252 3063 boc
1267 3009 1328 3073 est,
1344 2996 1466 3080 proprie

290 3099 321 3160 id
336 3099 415 3179 quod
430 3099 582 3161 conveniat
596 3099 652 3161 dici
667 3099 740 3162 milri
754 3098 872 3161 videri.“
903 3100 1012 3163 Vellem
1022 3101 1108 3163 etiam
1117 3100 1296 3177 addidisset,
1304 3120 1368 3182 quo
1378 3117 1466 3163 sensu

292 3202 350 3264 lroo
364 3200 551 3264 conveniat
565 3200 776 3281 accipiendum,
790 3208 819 3263 et
833 3202 948 3264 cuinam
964 3211 1014 3265 aut
1023 3202 1098 3265 inter
1110 3221 1264 3283 quosnam
1275 3204 1356 3269 illud
1370 3201 1468 3268 neseio

292 3303 363 3385 quid
380 3304 606 3369 Parmenideum
627 3305 781 3367 contenire
801 3314 949 3377 censeret,
976 3306 1056 3385 quod
1077 3323 1168 3386 quum
1189 3324 1251 3371 nee
1266 3308 1391 3382 lenuit,
1417 3325 1469 3369 nee

292 3408 416 3487 posthae
431 3408 575 3471 ladurunr
594 3427 661 3470 esse
676 3425 806 3488 sperem,
825 3407 960 3488 equidem
980 3407 1050 3471 illud
1070 3407 1282 3489 accipiendum
1304 3430 1376 3474 esso
1394 3409 1470 3474 arbi·

291 3518 368 3584 tror,
384 3510 464 3591 quod
479 3511 591 3575 dudum
606 3509 652 3573 alii
667 3518 901 3591 proposuerunt,
918 3509 1223 3585 commenticium,
1246 3530 1287 3574 ox
1304 3532 1368 3593 quo
1384 3508 1468 3594 quarn

292 3611 372 3675 facile
397 3612 476 3676 istud
501 3614 626 3676 alterurn
646 3614 765 3675 evadam
785 3612 913 3694 potuerit
932 3621 1066 3693 apertum
1087 3622 1141 3675 est
1161 3646 1207 3658 -
1227 3614 1335 3679 Etiam
1353 3635 1412 3697 pro
1426 3636 1471 3684 eo,

293 3717 373 3795 quod
388 3716 533 3796 scriptum
547 3725 600 3791 est,
616 3733 769 3779 coronae
784 3716 916 3789 simile,
931 3715 1032 3779 neseio
1046 3734 1086 3777 an
1100 3716 1273 3781 consultius
1295 3719 1390 3783 luerit
1403 3717 1470 3781 illud

293 3818 444 3892 asciscere,
460 3819 539 3899 quod
550 3817 581 3880 in
594 3818 744 3881 nonnullis
759 3828 837 3882 certe
852 3818 1002 3882 codicibus
1017 3826 1046 3881 et
1064 3818 1094 3880 in
1115 3817 1271 3883 ueteribus
1288 3821 1472 3885 editionibus

292 3921 408 3999 legitur,
434 3939 587 3984 coronae
613 3921 861 3985 similitudine.
905 3921 1029 3985 Foedius
1054 3920 1132 3985 enim
1158 3921 1313 4002 loquendi
1342 3926 1471 3991 locutam

293 4023 389 4104 paullo
405 4023 546 4087 rariorem
561 4042 630 4086 cum
643 4024 795 4089 usitatiore
809 4043 844 4087 ae
857 4024 988 4105 planiore
999 4045 1016 4088 a
1026 4023 1150 4087 librariis
1161 4036 1393 4093 commutatam
1407 4046 1472 4091 esse

292 4125 463 4189 crediderim
478 4144 566 4206 quam
581 4136 691 4189 conus.
724 4126 856 4207 itemque
869 4126 901 4189 in
914 4126 1052 4208 proximo
1067 4127 1204 4189 membro
1223 4130 1400 4197 admodum
1414 4127 1472 4193 reri

293 4228 387 4291 simile
404 4238 451 4291 est
469 4228 714 4291 continentem
733 4228 901 4291 ardorem
921 4228 1012 4292 lucis
1033 4229 1157 4295 orbem
1170 4228 1312 4297 libueriis
1329 4234 1472 4305 deberis

292 4331 432 4393 Cicerone
454 4339 550 4393 summ
565 4331 708 4411 seriptum
727 4350 793 4393 esse
808 4331 1017 4395 continente
1041 4332 1171 4395 ardore
1195 4332 1302 4399 lucis
1331 4336 1471 4405 orbem.

292 4431 542 4513 quemadmodum
559 4432 615 4494 iam
630 4433 762 4499 baebius
776 4433 963 4501 suibeudum
977 4453 1045 4498 esse
1058 4433 1204 4499 iud'caait.
