3290 5142
189 1274 400 1372 tumtun
425 1271 702 1368 tumulantur
728 1272 1000 1367 suuuuulu
1024 1272 1084 1363 DE
1108 1270 1268 1367 REGNO.

151 1525 322 1624 Imperator
339 1538 377 1601 ll.
393 1536 528 1602 Aurelius
543 1537 722 1614 Antoninus,
743 1537 768 1600 ia
788 1537 839 1619 qui
857 1535 1052 1619 philosophus
1072 1535 1137 1599 iure
1158 1538 1311 1619 eognorni-

151 1652 239 1707 uatus
258 1649 318 1717 est,
338 1641 369 1703 in
388 1641 431 1704 eis
450 1656 525 1721 quae
546 1640 582 1703 de
602 1648 699 1703 semet
717 1641 782 1723 ipso
804 1639 913 1722 seripta
927 1638 1059 1719 reliquit,
1078 1646 1192 1720 gratam
1206 1659 1311 1703 eorum

152 1745 334 1810 mentionem
348 1744 427 1817 iacit,
443 1761 571 1826 quorum
585 1742 631 1805 rel
644 1743 809 1826 praeseptis
824 1750 854 1806 et
867 1741 1020 1824 disciplina
1034 1741 1080 1805 vel
1089 1743 1314 1806 conversatione

151 1857 181 1913 et
195 1847 330 1929 exemplo
344 1846 487 1909 virtutum
499 1846 634 1907 omnium
646 1846 851 1927 bonarumque
861 1845 970 1908 artium
981 1863 1083 1908 amore
1093 1846 1210 1909 animus
1220 1845 1312 1928 ipsius

69 1985 71 1989 ·
151 1952 219 2014 inde
233 1969 251 2014 a
264 1950 389 2033 pueritia
403 1948 535 2013 imbutus
549 1948 647 2011 ltrerit.
678 1947 711 2011 ln
724 1948 772 2010 luia
786 1954 901 2021 auum,
917 1966 993 2029 quae
1007 1947 1065 2010 sibi
1079 1948 1218 2011 advitam
1232 1956 1313 2011 reete

151 2053 293 2134 agendam
308 2054 436 2115 maxime
449 2050 631 2134 profuerint,
652 2049 709 2112 hoe
723 2049 880 2132 praecipue
893 2056 1049 2124 numerat,
1070 2050 1149 2130 quod
1165 2050 1202 2112 ab
1216 2051 1312 2113 amieo

151 2156 206 2230 rel,
222 2163 256 2219 ut
270 2155 332 2237 ipse
347 2155 398 2228 ait,
413 2154 534 2217 alratre
547 2152 655 2215 Severo
667 2152 857 2215 informatam
868 2152 966 2214 animo
979 2151 1114 2215 habuerit
1126 2144 1312 2236 φαντασίαν

152 2250 327 2332 πολιτείας
354 2247 510 2335 ἰσονόμου
538 2245 614 2317 κατ’
642 2246 781 2338 ἰσότητα
806 2248 864 2317 καὶ
891 2245 1062 2339 ἰσηγορίαν
1083 2248 1315 2339 διοικουμένης

151 2356 209 2423 καὶ
233 2351 408 2442 βασιλείας
436 2350 584 2441 τιμώσης
610 2349 744 2419 τιυίντων
770 2346 918 2436 μάλιστα
944 2352 1004 2442 τήν
1030 2349 1223 2440 ἐλευθερίαν
1248 2355 1314 2420 τῶν

152 2451 338 2546 ἀρχομένων
348 2460 393 2537 ¹),
413 2459 444 2522 λι.
460 2478 485 2520 e
500 2458 661 2539 imaginem
675 2458 718 2521 rei
732 2458 865 2539 publicae
878 2460 980 2541 aequis
994 2460 1108 2541 legibus
1123 2459 1312 2523 administra-

152 2572 214 2638 tae,
233 2563 266 2626 in
287 2581 345 2645 qua
364 2562 411 2626 ius
431 2561 569 2624 omnihus
590 2580 719 2641 aequum
734 2569 812 2624 esset
826 2568 856 2623 et
870 2562 975 2643 auique
990 2581 1066 2643 quae
1079 2563 1202 2625 sentiret
1215 2563 1315 2643 eloqui

151 2666 261 2735 deerat,
275 2665 430 2746 regiaeque
443 2663 612 2745 potestatis,
634 2663 682 2726 oui
695 2663 768 2725 nihil
783 2663 875 2745 magis
890 2683 980 2746 quana
994 2664 1113 2728 libertas
1123 2664 1314 2728 subditorum
1383 2740 1386 2744 Α

152 2768 235 2831 cordi
255 2774 341 2830 esset.
371 2766 455 2829 Hane
475 2772 574 2828 autem
596 2765 648 2847 qni
668 2765 772 2847 legerit
786 2766 904 2847 dignam
918 2767 981 2830 viro
995 2766 1127 2848 sapiente
1143 2768 1314 2850 optimoque

151 2871 330 2951 imperatore
343 2867 573 2950 professionem,
588 2884 689 2929 nonne
703 2867 804 2930 atatim
819 2868 910 2931 etiam
925 2868 987 2931 eius
1002 2868 1089 2950 Regis
1103 2870 1313 2946 recordabitur,

154 2990 242 3053 quem
258 2989 354 3053 nuper
367 2970 454 3034 nobis
468 2975 603 3052 ereptum
618 2967 778 3051 lugemus?
799 2970 889 3033 Nobis
903 2971 1022 3052 quidem
1033 2980 1123 3047 certe,
1139 2974 1255 3054 quotim
1266 2974 1315 3036 illa

153 3074 193 3137 λλ.
210 3074 350 3137 Antonini
371 3073 462 3137 verba
481 3072 679 3155 inspeximus,
698 3072 880 3136 Friderioi
896 3072 1071 3137 Guilelmi
1085 3077 1227 3138 nostrisa
1242 3078 1315 3139 olie-

151 3178 236 3241 rebat
255 3177 371 3259 imago,
392 3175 549 3258 ipsumque
564 3174 651 3238 nobis
666 3174 838 3256 loquentem
853 3175 954 3239 audire
968 3175 1155 3253 videbamur,
1170 3181 1231 3254 oui,
1247 3179 1316 3243 lieet

66 3330 83 3357 ,
153 3281 267 3345 diversa
281 3279 372 3345 luerit
386 3285 550 3343 oetemrum
564 3295 665 3341 rurum
680 3278 876 3359 plurimarum
892 3277 1038 3354 conditio,
1057 3280 1117 3343 hoo
1129 3288 1231 3345 umen
1244 3300 1316 3364 pro·

158 3433 359 3445 ...ιι-.-

225 3496 250 3561 i)
270 3495 319 3548 aaa
342 3495 385 3548 lde
406 3493 477 3547 loona
495 3494 521 3546 in
538 3494 573 3547 tl.
592 3493 714 3547 Antonini
730 3492 789 3547 libr.
807 3495 847 3555 sle
864 3492 964 3550 ἑαυτόν
980 3494 999 3561 λ,
1019 3496 1060 3561 14,
1077 3497 1120 3549 αλλ
1136 3496 1254 3563 fuerunt,
1275 3499 1317 3565 qui

154 3599 200 3650 pro
218 3579 296 3652 παρὰ
314 3582 366 3633 τοῦ
383 3576 512 3650 ἀδελφοί
528 3597 586 3651 μου
602 3575 748 3659 Σεοαήρου
764 3581 952 3633 rescribendum
970 3591 1104 3635 remeant
1115 3591 1159 3636 aut
1170 3585 1221 3635 τοῦ
1233 3582 1318 3651 φίλου

153 3683 221 3737 μου,
239 3673 283 3718 aut
303 3662 423 3739 Ου’ήρου.
457 3664 507 3717 Sed
524 3665 551 3716 in
568 3664 598 3717 L.
616 3664 710 3718 Verum
727 3665 789 3717 Asea
806 3664 913 3735 aliaque,
931 3683 994 3736 qnae
1011 3668 1154 3720 Antoninus
1171 3669 1196 3719 λι.
1213 3666 1231 3718 l.
1250 3683 1318 3719 eom·

153 3758 290 3818 memorat,
312 3751 358 3804 via
380 3752 470 3803 eadere
487 3765 562 3819 posse
578 3750 710 3801 videntur:
736 3749 780 3801 Cn.
798 3748 928 3803 Claudium
946 3753 1069 3805 Severum
1087 3760 1183 3819 autem,
1206 3751 1319 3821 philoso-

153 3838 230 3905 phum
252 3837 458 3905 peripateticam,
479 3837 511 3889 ab
528 3835 656 3888 Antonino
675 3835 789 3887 anditum
806 3849 864 3886 esse
882 3834 1039 3905 Capitolinus
1058 3837 1139 3891 relert
1156 3856 1178 3890 e.
1197 3839 1226 3903 3,
1248 3838 1319 3906 isque

153 3923 238 3991 patuit
254 3921 366 3976 lortasse
384 3923 460 3974 etiam
477 3917 603 3989 ἀδελφός
620 3920 650 3972 alr
669 3934 699 3971 eo
717 3920 768 3972 diui
785 3920 889 3972 honoris
908 3937 993 3989 eausa,
1011 3931 1098 3991 utpote
1115 3924 1156 3975 vir
1168 3923 1320 3974 consularia.

153 4007 220 4059 Nan
241 4008 329 4061 eonsnl
352 4007 436 4061 luerat
457 4024 481 4060 a.
503 4025 528 4060 u.
552 4007 610 4059 898.
645 4004 684 4058 (λλ.
703 4004 791 4059 Galen.
816 4007 848 4058 de
870 4015 937 4061 anat.
955 4008 975 4073 l,
994 4009 1017 4061 1.
1039 4017 1066 4061 er
1087 4010 1119 4060 de
1136 4023 1270 4077 praeeogn.
1289 4009 1320 4060 sd

154 4092 242 4145 Poetis.
260 4111 283 4145 e.
302 4094 326 4146 2.
346 4095 362 4145 6
384 4110 446 4161 quos
468 4091 539 4145 loeas
556 4091 640 4145 lonsio
665 4092 759 4154 debeo,
782 4092 813 4143 de
830 4093 931 4162 seriptt.
949 4093 1009 4146 laist.
1028 4092 1088 4162 pail.
1106 4092 1124 4162 1,
1144 4094 1183 4162 ld,
1200 4096 1218 4146 4
1234 4109 1258 4161 p.
1277 4093 1319 4146 97.

155 4177 202 4230 Sio
223 4179 300 4230 αλλιιιι
317 4178 429 4248 Aegypti
452 4193 526 4245 reges
543 4174 671 4247 ἀδελφοῦ
688 4175 856 4246 appellatione
873 4179 942 4230 uiros
959 4179 1093 4247 primarios
1112 4193 1216 4231 ornasse
1235 4185 1321 4229 notam

157 4271 206 4315 est.
236 4262 275 4316 Gi.
293 4262 323 4317 C.
339 4263 419 4316 inser.
437 4280 476 4329 gr.
489 4262 531 4316 λλλ.
543 4281 567 4332 ρ.
581 4262 639 4315 ast.
652 4270 679 4315 et
689 4264 721 4314 de
731 4262 744 4316 λ
748 4264 848 4316 ratris
857 4263 1024 4331 appellatione
1037 4265 1169 4317 comitibus
1181 4264 1321 4333 superioris

156 4349 255 4401 ordinis
275 4356 304 4402 et
324 4349 514 4417 provinciarum
537 4348 680 4402 rectoribus
702 4349 734 4401 ab
750 4348 947 4416 imperatoribus
973 4352 1141 4405 tributavid.
1159 4350 1321 4403 driusands

155 4431 239 4486 form.
256 4432 298 4500 λλλ,
315 4434 347 4488 63
365 4449 390 4501 p.
408 4433 460 4487 tat
472 4432 549 4499 Conr.

201 4515 249 4580 IV.
1101 4521 1116 4581 λ
