3154 5138
769 472 968 571 Q

291 664 390 728 monia
406 683 425 727 a
441 664 504 726 rim
523 661 745 743 diligentissimo
764 660 926 725 musmo
944 678 1011 725 esee
1028 660 1170 725 ridentur.
1206 662 1329 744 Scripsit
1345 664 1432 727 enim

290 767 466 848 Epicurus
494 775 609 828 autem
638 766 698 846 qui
725 783 782 828 res
812 764 1040 827 occultes-
1065 782 1136 827 non
1164 764 1277 839 solum
1306 764 1436 828 viderat

290 867 421 943 animo,
435 868 498 931 sed
512 868 617 930 etiem
632 867 687 930 sic
700 875 831 930 tractet
844 876 880 930 ut
894 885 1008 929 manu
1020 866 1149 947 idquese
1163 866 1192 927 in
1207 865 1295 929 dubia
1308 867 1436 929 codicum

288 970 459 1037 recordate
484 969 659 1049 praetulisse
683 970 723 1032 ait
742 989 823 1032 meae
841 969 959 1032 lectioni
978 968 1165 1031 viderit-
1179 978 1315 1031 tractet
1357 968 1437 1049 atqu

289 1074 337 1135 rix
352 1072 439 1135 dubia
454 1072 544 1135 rideri
557 1072 653 1152 potuit
667 1073 803 1135 codicum
817 1072 984 1145 eumentes,
998 1090 1089 1152 quum
1103 1072 1132 1133 id
1147 1070 1258 1151 ipsum,
1272 1071 1351 1151 quod
1365 1090 1382 1133 a
1394 1088 1439 1132 me

289 1173 420 1254 potitust
435 1182 489 1249 eet
503 1174 534 1236 in
549 1173 676 1247 duobus,
691 1173 785 1255 iisque
800 1175 934 1238 omnium
949 1191 1096 1239 consensu
1104 1172 1440 1254 praestentissirnis,lde-

288 1276 348 1341 reri
361 1277 395 1338 Α.
411 1284 440 1338 et
453 1276 500 1351 tt,
515 1275 623 1338 diserte
638 1276 781 1357 scriptum
800 1277 846 1352 sit,
861 1276 967 1357 quibus
978 1276 1120 1339 aoceduru
1133 1276 1365 1355 llelrdigeranus,
1374 1274 1440 1337 Glo-

287 1377 432 1457 gorieosis
443 1396 583 1459 anusque
597 1397 632 1441 ex
646 1378 867 1455 Ottobonianis3
881 1400 898 1443 c
911 1380 1028 1461 reliquis
1042 1379 1175 1461 plerique
1185 1378 1289 1441 saltem
1304 1384 1443 1449 trectet,

289 1480 518 1555 coniunctium,
539 1497 601 1543 non
623 1490 767 1557 tractat,
785 1482 984 1557 indicativum,
1009 1481 1129 1555 habent,
1153 1480 1231 1543 unde
1260 1480 1445 1560 consequitur

288 1580 375 1645 etiam
388 1582 507 1646 alterius
523 1582 601 1645 veri
616 1582 833 1647 coniunclirum
848 1583 1060 1647 restituendum
1074 1601 1150 1657 esse,
1163 1583 1230 1645 lieet
1244 1601 1302 1662 pro
1318 1581 1445 1643 viderit

289 1684 409 1765 proclivi
424 1703 525 1748 errore
538 1686 570 1748 in
585 1685 648 1747 aliis
662 1686 811 1754 rideret,
826 1685 856 1748 in
870 1703 931 1748 uno
946 1685 1033 1748 mam
1048 1685 1165 1747 rideat
1179 1685 1328 1766 scripturn
1343 1683 1390 1746 sit

373 1788 395 1863 l,
410 1787 461 1863 to,
476 1787 516 1849 70
531 1788 611 1868 quod
625 1787 755 1850 liloteius
769 1806 805 1849 ex
820 1786 986 1850 coniectura
1000 1787 1115 1867 posuit:
1129 1786 1219 1848 nihil
1236 1786 1366 1850 horum
1381 1784 1446 1847 nisi

289 1888 398 1965 calde,
416 1907 478 1952 non
494 1888 689 1952 necesseriam
709 1889 796 1953 heliel
811 1888 941 1969 vulgatae
960 1887 1095 1952 lectionis
1118 1888 1331 1963 mutationem,
1350 1888 1448 1951 vitium

288 2000 395 2068 eutem,
406 1994 454 2055 cui
467 1992 647 2056 medendum
660 2001 734 2067 erat,
749 1992 889 2055 intecurrn
902 1990 1048 2071 relinquit
1073 1990 1146 2052 Nem
1155 1990 1237 2070 quod
1245 1989 1335 2070 vulgo
1349 1989 1450 2069 legitur

288 2093 430 2167 callide,
449 2094 515 2156 licet
534 2094 565 2156 in
582 2093 679 2157 tribus
698 2102 810 2157 unttun
825 2091 975 2157 codicibus
989 2099 1152 2172 reqtertunr,
1166 2126 1209 2138 -
1224 2092 1362 2174 plerique
1375 2096 1451 2155 enim

289 2196 388 2259 valde
400 2196 523 2271 hebent,
537 2231 579 2243 -
593 2214 656 2259 non
674 2204 772 2259 tamen
786 2206 943 2277 prepterea
961 2194 1160 2276 spernendum
1176 2203 1251 2258 eret.
1283 2195 1364 2261 Sunt
1376 2194 1451 2257 enirn

288 2299 318 2360 in
333 2299 387 2362 illis
403 2298 496 2361 tribus
511 2297 571 2361 duo
586 2299 714 2380 optimae
728 2307 825 2371 notae,
840 2300 873 2360 Α.
891 2307 920 2360 et
933 2299 979 2371 N,
995 2306 1024 2360 et
1038 2297 1175 2372 ironiam,
1186 2316 1268 2378 quae
1279 2308 1327 2360 est
1338 2298 1370 2360 in
1385 2297 1453 2360 cal-

288 2402 373 2473 lide,
389 2401 460 2464 lruic
473 2401 539 2464 loco
554 2410 705 2482 peraptum
719 2419 787 2463 osse
798 2416 889 2463 nemo
903 2418 966 2462 non
979 2399 1120 2479 intelligit
1164 2397 1228 2462 Sed
1249 2401 1315 2463 sire
1330 2398 1454 2462 callide

288 2505 349 2566 sire
368 2504 466 2566 calde
484 2503 622 2584 legimm,
640 2538 685 2549 -
701 2511 731 2565 et
750 2502 864 2565 calide
881 2502 941 2567 iam
955 2501 1087 2565 Davisius
1103 2501 1208 2577 voluit,
1225 2537 1271 2550 -
1287 2502 1455 2567 coniunctio

288 2606 360 2670 nisi
374 2624 466 2687 neque
480 2605 551 2669 talea
566 2613 623 2680 est,
638 2605 666 2667 id
683 2604 835 2686 quodiam
850 2603 1038 2667 Heindorllus
1052 2605 1184 2669 sentiens
1200 2606 1301 2671 nihil
1315 2623 1390 2669 noo
1404 2622 1456 2686 pro

288 2710 377 2773 nihil
402 2708 473 2773 nisi
498 2709 529 2771 in
554 2709 605 2772 teli
625 2715 762 2771 conthu
788 2706 946 2771 dicendum
971 2706 1063 2770 trisse
1087 2708 1216 2771 monuit
1270 2710 1458 2791 Quamquam

288 2830 379 2892 mum
399 2810 435 2874 de
454 2810 621 2873 discrimine
639 2810 743 2871 herum
768 2809 958 2872 formularum
979 2825 1040 2870 non
1055 2809 1247 2887 exposuerit,
1262 2811 1339 2875 hinc
1353 2812 1459 2875 noun

289 2914 415 2987 ridetur,
433 2922 466 2976 ut
485 2913 665 2994 posteriores
684 2912 813 2974 editores
827 2911 904 2973 illem
919 2910 1152 2973 admonitionem
1166 2913 1370 2994 negligerent
1415 2912 1460 2973 ln·

289 3025 378 3079 teresi
392 3022 490 3077 autem
504 3014 581 3078 inter
595 3032 645 3077 ess
659 3013 726 3087 hoc,
740 3021 773 3074 ut
787 3011 877 3074 nihil
890 3011 963 3075 nisi
977 3011 1017 3075 iti
1032 3013 1151 3076 deinum
1162 3014 1336 3081 dicendum
1349 3016 1399 3092 sit,
1413 3012 1463 3078 ubi

289 3116 522 3180 conditionaliter
535 3115 693 3196 loquimur,
709 3114 855 3193 negationi
866 3115 1067 3195 exceptionem
1079 3126 1109 3179 et
1117 3119 1350 3183 restrictionem
1361 3119 1463 3181 adiun-

289 3226 407 3299 gentes,
422 3218 513 3280 nihil
526 3236 599 3281 non
615 3225 730 3291 conca,
750 3216 799 3279 ubi
814 3215 986 3297 simpliciter
1000 3219 1112 3283 sosine
1125 3221 1315 3303 exceptione
1330 3222 1396 3286 tolli
1410 3240 1464 3285 no-

288 3323 398 3385 tionem
413 3323 587 3401 negativam,
603 3321 631 3382 h.
646 3340 671 3383 e.
686 3320 831 3384 removeri
845 3328 874 3381 et
888 3319 980 3382 arceri
991 3319 1136 3396 volumus,
1151 3325 1239 3403 quod
1255 3327 1312 3389 ubi
1327 3326 1371 3403 tit,
1386 3325 1464 3387 affir-

288 3424 427 3488 mutirem
445 3443 471 3488 s.
489 3422 646 3504 positivam
672 3423 703 3484 in
727 3422 790 3483 eius
809 3421 907 3483 locum
928 3423 1087 3485 succedere
1107 3442 1240 3489 necesse
1262 3437 1323 3492 est
1371 3428 1466 3503 Quen

288 3526 381 3589 nihil
395 3544 467 3588 non
482 3533 577 3589 recte
592 3523 720 3587 iecisse
735 3524 868 3597 doinus,
882 3523 962 3586 hunc
974 3542 1117 3604 aeganem
1126 3527 1301 3609 quidquem
1310 3537 1468 3609 montedo,

287 3630 468 3692 affirmemus
486 3628 575 3708 igitur
593 3628 692 3691 omnia
712 3636 790 3689 recte
805 3626 922 3690 iecisse:
938 3645 1026 3707 quern
1041 3636 1140 3693 ouoem
1154 3629 1259 3694 nilril
1279 3634 1359 3696 nisi
1374 3640 1469 3696 recte

288 3730 418 3794 iecisse
432 3730 572 3804 dicimus,
592 3730 672 3793 hunc
689 3729 761 3793 nilril
780 3730 884 3793 iecisse
904 3729 1043 3805 dicmur,
1066 3740 1287 3814 praeterquam
1309 3734 1468 3816 (exoeptol

288 3833 315 3895 si
329 3840 406 3897 recte
419 3834 533 3896 iaceret
577 3832 641 3895 lloc
659 3831 817 3895 discrimen
836 3831 1056 3910 significationis
1074 3852 1110 3895 ex
1127 3834 1199 3915 ipsa
1220 3838 1392 3920 utriusque
1411 3840 1471 3900 lor·

289 3934 383 3997 mulae
396 3945 503 3999 natura
516 3934 684 3999 nooemorio
699 3933 900 4012 consequier,
915 3933 993 4014 quod
1009 3943 1044 3996 ut
1057 3942 1155 3998 umen
1170 3938 1271 4021 vulgo
1288 3941 1397 4004 minus
1410 3936 1471 4002 ari·

288 4037 498 4113 madvertetur,
523 4039 599 4101 hanc
624 4054 742 4101 causam
768 4053 835 4097 esse
854 4044 941 4115 puto,
961 4036 1041 4116 quod
1061 4046 1130 4101 siret
1149 4057 1232 4104 seue
1253 4044 1404 4124 permulti
1418 4039 1471 4104 loci

288 4138 448 4215 eiusmodi,
468 4141 499 4202 in
519 4139 626 4220 quilius
639 4137 748 4220 pariter
762 4137 902 4199 utramvis
916 4156 1060 4220 usurpare
1073 4140 1203 4205 licuerit.
1253 4145 1348 4211 Velut
1362 4144 1472 4213 oceo,

288 4241 324 4303 ad
339 4241 467 4305 Atticum
481 4241 776 4321 x1‚18‚t‚pmee
791 4239 871 4319 quod
887 4240 1019 4321 scripsit:
1034 4242 1124 4305 nihil
1139 4236 1306 4312 omnino
1323 4250 1397 4313 iem
1412 4267 1472 4310 er·

287 4352 390 4427 pecto
415 4344 487 4406 nisi
508 4343 693 4416 miserum,
715 4344 862 4424 potuisset
883 4345 985 4407 etiam:
1007 4346 1098 4409 nihil
1117 4364 1195 4411 non
1211 4352 1400 4417 miserum
1414 4370 1473 4415 ex·

287 4455 401 4527 pecto.
445 4445 519 4508 Nam
538 4445 589 4526 qui
608 4452 695 4525 negat
714 4464 746 4509 se
764 4444 923 4528 quidquam
938 4455 1101 4527 expectere,
1117 4460 1345 4535 praeterquam
1362 4452 1472 4535 siquid
