3290 5142
779 488 802 552 9

718 576 869 591 m

212 698 285 761 quas
300 678 449 760 attigimus
464 696 568 743 causas
579 679 615 742 ab
630 698 666 742 eo
681 678 887 753 abhorrerent,
910 697 964 762 per
985 697 1018 741 se
1035 683 1138 743 tamen
1158 682 1257 762 ipsum
1275 681 1372 744 haud-

211 799 360 864 quaquam
373 782 614 864 improbundum‚
629 782 721 844 immo
745 781 917 863 oligarehiae
936 789 968 844 et
988 783 1181 847 democratiae
1203 783 1372 864 praeferen-

211 885 284 947 dum
298 901 360 948 non
369 885 470 966 paucis
484 884 580 946 risum
590 902 665 956 esse,
681 883 770 946 etiam
781 882 922 947 Herodoti
932 889 963 946 et
973 884 1109 948 isocratis
1120 886 1292 949 auctoritato
1301 903 1372 967 prc-

211 985 356 1050 habimus.
386 986 438 1048 llle
455 986 598 1060 enim10)
618 991 689 1065 post
716 984 929 1065 interemptum
957 1003 1091 1067 magum
1113 987 1216 1068 quise
1235 988 1374 1051 Smerdin
1414 991 1421 1003 '

211 1089 278 1170 Cyri
291 1088 383 1151 filiurn
399 1107 465 1151 esse
479 1088 666 1151 simulaverat
684 1103 776 1166 eaque
793 1086 896 1150 nanda
915 1103 1041 1167 regnum
1061 1097 1262 1170 occupaverat,
1282 1091 1374 1153 collo-

212 1198 336 1272 quentes
351 1191 428 1253 inter
440 1209 473 1253 se
488 1197 601 1272 septem
615 1190 773 1253 Persarum
787 1189 934 1272 principes
947 1190 1060 1253 inducit
1081 1200 1112 1253 et
1134 1193 1170 1253 de
1190 1209 1308 1254 sumum
1322 1212 1371 1255 re·

211 1312 280 1357 rum
295 1291 505 1356 deliberantes:
521 1310 649 1374 quorum
663 1310 752 1367 unus,
768 1291 886 1367 titanes,
902 1294 1080 1356 enumeratis
1095 1294 1191 1371 malis
1206 1294 1314 1375 quibus
1327 1295 1373 1357 fa-

211 1394 265 1457 cile
286 1394 375 1458 nnius
389 1395 547 1476 imwrium
557 1394 644 1458 nulls
658 1394 771 1475 legibus
785 1393 959 1458 adstrictum
970 1403 1184 1476 corrumpatur,
1197 1396 1372 1476 popularem

210 1496 253 1559 rei
267 1496 400 1578 publicae
413 1497 541 1559 termam
555 1497 670 1560 institui
684 1496 756 1571 vult,
771 1496 855 1571 alter,
870 1495 1052 1577 Megabyzus,
1068 1498 1264 1560 multitudinis
1278 1499 1375 1580 impe-

210 1597 284 1661 ritae
298 1605 444 1680 potestate
457 1599 530 1662 nihil
544 1598 739 1681 perniciosius
754 1598 903 1680 magisque
918 1599 998 1661 bone
1010 1598 1128 1680 publico
1139 1583 1296 1662 adversum
1308 1620 1375 1663 esse

210 1706 345 1775 testatius,
361 1701 480 1764 delectis
494 1700 672 1784 quibusdam
686 1700 755 1763 viris
767 1700 886 1783 optimis
896 1699 1093 1782 gubernacula
1103 1702 1299 1784 permittenda
1309 1721 1375 1764 esse

214 1808 329 1877 mosot,
343 1803 447 1865 tertius
466 1803 609 1885 denique,
629 1803 747 1878 ilarius,
767 1810 928 1885 utrumque
947 1804 1142 1887 reipublicae
1163 1822 1255 1884 genus
1274 1805 1374 1867 multis

214 1905 387 1987 magnisque
401 1905 485 1969 malis
499 1905 630 1969 laborare
645 1906 837 1979 demonstrat,
853 1924 981 1988 quorum
996 1924 1099 1988 erpere
1114 1924 1179 1970 esse
1188 1906 1276 1969 docet
1286 1906 1374 1968 unius

214 2008 267 2071 riri
280 2009 351 2072 boni
365 2026 399 2070 ac
410 2008 550 2090 sapientis
563 2008 739 2090 imperium:
755 2025 880 2089 eamque
894 2008 1070 2071 sententiam
1085 2009 1189 2071 ceteris
1199 2027 1299 2071 veram
1311 2026 1375 2071 esse

214 2111 378 2193 persuadet
407 2111 487 2175 Ficta
496 2112 561 2175 sine
572 2111 661 2174 dubio
676 2117 722 2173 est
735 2110 809 2173 haee
823 2110 920 2172 omnis
937 2112 1127 2184 consultatio,
1146 2128 1244 2192 neque
1262 2111 1292 2173 id
1313 2110 1374 2173 Ho-

212 2213 337 2277 rodotus
351 2230 532 2295 quamquam
546 2214 673 2277 roluuse
688 2211 805 2275 videtur
823 2211 1008 2274 dissimulare
1029 2213 1140 2295 potuit:
1161 2231 1266 2277 rerum
1291 2220 1374 2276 tanto

212 2317 305 2398 magis
320 2316 498 2379 documento
512 2334 578 2378 esse
592 2322 700 2397 potest,
716 2313 786 2396 quid
801 2314 863 2396 ipse
877 2314 1005 2395 scriptor
1018 2314 1056 2378 de
1070 2314 1164 2376 tribus
1178 2314 1235 2377 illis
1254 2314 1298 2377 rei
1317 2334 1375 2397 pu-

211 2418 304 2482 blicae
317 2417 421 2481 formis
436 2416 613 2480 iudicaverit.
643 2415 779 2480 Isocratis
794 2423 893 2479 autem
908 2415 968 2478 duo
989 2422 1059 2478 sunt
1078 2415 1167 2478 libelli
1181 2416 1306 2481 Nicoclis
1316 2436 1373 2480 no·

211 2521 292 2584 mine
306 2519 448 2600 inscripti,
464 2519 516 2600 qui
531 2519 687 2582 Salaminis
701 2519 732 2580 in
747 2518 842 2599 Cypro
862 2536 914 2580 rex
933 2517 998 2592 tuit,
1020 2536 1204 2600 regnumque
1226 2521 1374 2584 heredita·

210 2623 289 2685 rium
304 2642 321 2685 a
335 2628 418 2702 patre
432 2619 535 2684 habuit
549 2620 693 2700 Euagora,
709 2619 792 2682 cuius
807 2620 907 2683 laudes
922 2621 1001 2683 idem
1016 2620 1158 2683 leocrates
1172 2622 1229 2685 alio
1245 2623 1374 2704 quodam

210 2724 287 2787 libro
300 2722 486 2805 praedicavit.
515 2721 573 2784 Sed
588 2721 738 2785 Nicoclem
753 2729 853 2784 orator
868 2722 959 2785 altero
980 2722 1100 2804 quidem
1119 2722 1239 2787 illorum
1259 2724 1374 2787 libello·

210 2845 279 2889 rum
300 2825 371 2905 regii
392 2824 480 2887 officii
501 2823 655 2898 admonet,
677 2824 748 2905 quid
768 2825 953 2905 sequendum
973 2826 1034 2906 regi
1054 2825 1125 2906 quid
1143 2826 1316 2908 lugendum
1335 2826 1374 2889 sit

210 2929 407 3012 praecipiens,
422 2927 514 2990 altero
530 2932 630 2989 autem
650 2927 749 3008 ipsum
769 2927 942 3009 loquentem
962 2928 1075 2990 inducit
1097 2928 1280 3009 subditisque
1310 2930 1372 2992 suis

209 3032 281 3113 regii
295 3029 411 3111 imperii
425 3029 513 3100 bena,
529 3028 702 3108 oligarchiae
716 3037 746 3090 et
759 3029 956 3093 democratiae
967 3029 1036 3091 vitia
1050 3039 1258 3112 exponentem,
1273 3039 1302 3094 et
1312 3050 1371 3114 quo

210 3134 300 3197 modo
312 3134 376 3214 ipse
386 3149 511 3212 remum
523 3130 779 3194 administraturam
790 3132 829 3194 sit
838 3132 1071 3213 promittentem:
1084 3153 1159 3215 quae
1170 3135 1290 3216 quidem
1300 3152 1372 3217 pro-

209 3235 300 3297 missa
314 3253 382 3297 vere
396 3234 483 3314 regia,
498 3240 529 3296 et
544 3233 640 3315 qualia
654 3234 703 3296 vix
717 3235 885 3315 optimates,
899 3234 980 3297 nullo
992 3236 1082 3299 modo
1098 3244 1196 3299 autem
1217 3238 1372 3318 populares

209 3337 382 3420 promittere
389 3338 525 3413 audeant,
531 3339 557 3400 si
563 3336 804 3417 reapseNioocles
813 3336 1016 3417 praestitisset,
1023 3356 1087 3401 rem
1096 3339 1372 3420 publieomsubeius

210 3457 302 3521 regno
315 3439 510 3503 sanebeatam
521 3441 654 3503 firtonum
663 3438 755 3502 fuisse
765 3437 981 3501 latendumest.
997 3439 1083 3503 Nunc
1092 3449 1191 3504 autem
1200 3442 1259 3504 hoc
1268 3442 1372 3504 saltem

208 3542 323 3605 libellus
334 3542 383 3604 ille
394 3542 655 3614 dooetlsoeratem
665 3558 728 3602 non
736 3542 830 3622 magis
839 3541 1118 3624 quamllerodotum
1127 3550 1178 3606 aut
1186 3545 1373 3623 optimatium

208 3645 413 3727 autpopularis
422 3644 540 3726 imperii
547 3645 696 3708 fautorem
705 3643 806 3722 luisse,
812 3644 864 3707 sed
871 3645 977 3708 melius
988 3646 1023 3709 de
1032 3663 1123 3728 regno
1132 3644 1221 3708 unius
1229 3664 1371 3727 sperasse.

207 3749 381 3811 Poteramus
395 3765 486 3829 porro
502 3746 591 3810 etiam
608 3747 766 3829 discipulos
786 3746 922 3812 Isocratis
939 3749 1038 3823 citare,
1059 3766 1186 3830 quorum
1206 3749 1373 3830 complures

206 3859 401 3934 tymnnorum
415 3857 607 3915 strenuorum
621 3850 732 3913 amicos
747 3858 778 3913 et
791 3849 956 3914 laudatores
968 3850 1060 3914 luisse
1081 3850 1264 3931 accepimus,
1282 3850 1374 3913 Phili·

207 3962 299 4027 stum
314 3953 524 4027 Theodectsm,
535 3952 774 4035 Theopompum,
789 3952 981 4027 Naucratem
995 3951 1047 4014 sed
1059 3952 1300 4033 praevertendum
1315 3971 1372 4034 pu-

208 4064 308 4119 tamus
319 4054 355 4117 ad
371 4073 432 4129 eos,
448 4054 499 4136 qui
514 4055 678 4118 acemadus
693 4061 723 4117 et
737 4055 804 4118 data
819 4073 910 4135 opera
923 4054 960 4117 de
974 4054 1061 4116 variis
1072 4055 1115 4117 rei
1125 4055 1258 4138 publicae
1268 4054 1373 4119 lormis

160 4160 165 4167 ’
209 4158 332 4240 eiusque
347 4157 460 4239 optimc
475 4174 583 4239 genere
604 4157 800 4240 disputarunt,
816 4173 954 4236 quorum,
976 4173 1069 4237 quum
1085 4158 1250 4220 multorum
1264 4157 1373 4240 scripte

211 4361 411 4372 m

279 4462 321 4527 ro)
337 4459 394 4514 cu.
412 4461 445 4515 m
463 4480 485 4516 a.
503 4463 623 4517 so-sa.
