3222 5148
819 458 970 557 —rse-

308 648 388 727 quod
401 648 513 729 plenius
528 647 684 709 dicendum
699 648 777 712 foret
791 649 823 711 si
842 650 978 731 absque
997 655 1032 711 te
1052 655 1167 721 esset,
1188 648 1260 728 quid
1275 648 1396 711 tandem
1411 648 1469 712 sibi

307 750 370 811 vult
388 751 484 812 addita
504 750 712 829 praepositioni
731 752 873 832 particula
896 748 987 832 que?
1014 749 1121 812 Nonne
1144 749 1215 812 sads
1234 759 1314 813 crat:
1344 751 1411 813 abs
1432 757 1469 814 le

307 850 427 914 esset?
456 852 585 914 Dubitari
606 851 684 912 enim
706 869 769 913 non
791 861 903 934 potest,
925 853 997 934 quin
1016 852 1078 914 sola
1095 853 1278 935 praepositio
1292 854 1351 915 hoc
1365 871 1467 929 sensu,

306 961 342 1017 ut
355 964 434 1016 esset
447 955 524 1016 idem
540 954 601 1016 fere
617 953 695 1034 quod
712 954 807 1029 sine,
823 955 971 1018 suffecerit
981 955 1020 1032 ⁶).
1050 954 1154 1035 ltaque
1169 962 1221 1017 aut
1235 974 1304 1016 cum
1319 956 1468 1019 rotenbus

307 1056 505 1137 grammaticis
519 1055 686 1118 additiciam
701 1064 816 1118 tantum
831 1057 971 1138 syllabam
986 1055 1096 1117 nullius
1111 1057 1269 1139 probabilis
1280 1057 1469 1138 significatio·

306 1159 353 1220 nis
368 1178 432 1220 esse
446 1159 609 1231 credemus,
625 1166 686 1231 aut,
702 1159 728 1219 si
742 1159 772 1220 id
786 1176 848 1221 non
862 1161 967 1240 placet,
981 1192 1026 1204 —
1038 1175 1135 1238 neque
1150 1160 1287 1241 cuiquam
1301 1158 1391 1220 hodie
1403 1159 1467 1239 pla·

307 1262 434 1324 citurum
461 1262 563 1334 eredo,
585 1294 627 1306 ——
645 1262 676 1322 in
702 1262 767 1343 ipso
792 1263 841 1324 illo
864 1281 934 1342 que
953 1263 1011 1325 vim
1032 1263 1181 1342 quandam
1201 1281 1267 1324 esse
1281 1261 1467 1324 censebimus

306 1364 520 1425 coniunctionis
535 1363 749 1437 conditionalis,
769 1372 800 1426 et
813 1365 951 1445 absque
970 1373 1006 1427 te
1025 1371 1127 1426 esset
1141 1382 1174 1426 re
1189 1365 1252 1447 ipsu
1266 1364 1344 1426 idem
1360 1364 1465 1438 valere,

306 1466 385 1546 quod
406 1466 435 1527 si
456 1465 518 1526 aba
541 1473 577 1527 te
598 1475 707 1528 esset.
739 1467 819 1528 Hanc
838 1468 876 1529 ob
892 1485 1011 1529 causam
1027 1485 1080 1546 ego
1095 1466 1168 1528 illud
1182 1466 1295 1546 quein
1309 1466 1465 1546 absquo,

306 1569 405 1630 itidem
426 1574 460 1629 ut
480 1567 510 1628 in
531 1568 712 1648 donique,
734 1587 789 1649 pro
811 1587 920 1649 quum
940 1569 1141 1651 accipiendum
1156 1587 1221 1632 esse
1238 1569 1342 1641 statui,
1369 1584 1466 1648 neque

304 1688 407 1732 vereor
421 1688 460 1731 ne
476 1671 541 1749 quis
557 1669 683 1743 obiiciat,
700 1688 827 1751 quum,
849 1671 874 1732 si
888 1689 943 1754 pro
958 1671 1095 1734 adverbio
1110 1680 1205 1742 esset,
1220 1671 1424 1751 temporalem,
1439 1670 1466 1732 si

305 1791 359 1853 pro
381 1772 603 1844 coniunctione,
625 1773 770 1834 causalem
790 1779 842 1834 aut
857 1773 945 1834 etiam
960 1773 1175 1846 concessivam,
1196 1790 1349 1854 nunqnam
1366 1780 1465 1834 autern

307 1874 532 1938 conditionalem
548 1874 789 1955 significationem
805 1874 922 1936 babere.
946 1875 1021 1936 Nam
1036 1882 1081 1937 est
1095 1875 1213 1956 quidem
1226 1875 1468 1958 quamproprie

305 1974 483 2059 temporale,
503 1977 556 2038 sed
576 1995 666 2058 quam
681 1976 763 2038 lacile
779 1994 846 2038 urm
861 1978 1016 2058 temporali
1030 1977 1119 2041 etiam
1134 1977 1338 2040 conditionalis
1353 1978 1464 2057 signill-

306 2081 381 2142 oatio
400 2078 560 2141 misceatur
579 2081 625 2141 vel
641 2086 744 2141 noster
758 2098 857 2142 sermo
872 2081 984 2160 patrius
1000 2081 1155 2144 ostendere
1171 2089 1277 2162 potest,
1298 2081 1349 2160 qui
1364 2098 1465 2142 wenn

305 2183 379 2258 (non
401 2182 547 2243 diversum
568 2182 638 2245 illud
660 2184 697 2244 ab
717 2203 753 2245 eo
768 2183 848 2263 quod
862 2191 909 2245 est
924 2201 1043 2255 wana,
1063 2183 1131 2246 licet
1145 2200 1225 2246 nunc
1238 2202 1311 2245 usus
1326 2182 1465 2264 loquendi

304 2284 496 2361 distinxerit),
523 2303 577 2365 pro
602 2285 787 2347 conditionali
808 2284 1015 2347 coniunctione
1033 2301 1095 2347 non
1115 2285 1200 2347 aliter
1217 2302 1309 2364 qnam
1323 2303 1377 2357 so,
1400 2302 1464 2347 so·

303 2388 399 2459 forn,
414 2395 556 2467 usurpat3
572 2394 601 2447 et
615 2387 693 2467 apud
704 2387 831 2449 Graecos
846 2404 965 2469 quoque
980 2405 1192 2468 nonnunquam
1207 2379 1264 2448 dre
1275 2387 1463 2449 conditionali

303 2491 402 2575 potius
429 2509 518 2571 quam
541 2488 928 2570 temporali‘significatione
948 2489 1004 2550 dici
1023 2490 1167 2552 videmus.
1203 2489 1268 2550 Non
1289 2489 1464 2550 mirabimur

304 2612 381 2674 crgo,
397 2594 485 2654 etiam
499 2593 530 2654 in
545 2590 641 2671 prisco
657 2609 794 2652 sermone
808 2591 897 2653 latino
913 2611 1019 2673 quum
1035 2592 1078 2653 sic
1091 2600 1277 2672 usurpatum,
1291 2598 1380 2671 atquo
1391 2591 1461 2653 binc

302 2694 412 2758 iactum
429 2712 503 2766 esse,
519 2700 552 2754 nt
567 2694 682 2755 brevior
690 2694 791 2755 rocula
807 2713 873 2774 que
889 2695 1020 2756 eiusdem
1035 2702 1065 2757 et
1079 2694 1179 2774 stirpis
1192 2693 1459 2775 etsignilicationis,

303 2817 372 2860 cum
387 2795 604 2879 praepositione
619 2795 681 2857 abs
697 2796 852 2857 coniuncta
866 2797 972 2859 eodem
986 2814 1076 2859 sensu
1092 2797 1247 2869 diceretur,
1259 2814 1318 2876 quo
1331 2797 1362 2857 si
1377 2794 1460 2857 abs-

303 2908 354 2964 aut
374 2900 404 2961 sl
423 2898 589 2961 sine-dici
608 2898 760 2979 potuisset.
791 2899 865 2960 Nam
885 2898 1047 2981 postposita
1070 2898 1279 2979 praepositioni
1293 2896 1461 2961 coniunctio

303 3003 469 3074 neminem,
492 3019 594 3084 spero,
618 3001 754 3062 ollendet.
784 3000 943 3079 Flagitabat
963 3001 1041 3062 enim
1062 3002 1306 3083 postpositionem
1328 2999 1460 3062 enclitica

304 3106 368 3168 eius
394 3111 515 3175 natura3
541 3112 628 3184 atque
648 3104 769 3164 omnino
788 3104 890 3165 breves
912 3104 1054 3182 quasdam
1076 3103 1248 3183 particulas,
1275 3103 1364 3164 etiam
1385 3119 1460 3183 quae

304 3225 365 3270 non
381 3214 450 3269 sunt
464 3212 567 3267 natura
583 3204 739 3278 enclitieae,
756 3205 851 3267 Latini
866 3206 928 3268 aliis
945 3205 1091 3268 vocabulis
1109 3213 1288 3287 postponere
1302 3213 1411 3277 amant,
1427 3211 1460 3267 ut

303 3309 510 3381 nobiscum,
532 3313 666 3383 tecum,
688 3316 923 3389 quapropter,
944 3308 1131 3387 quocirca,
1154 3309 1273 3388 quoad
1289 3317 1357 3382 eto,
1372 3326 1409 3370 ne
1424 3307 1460 3368 de

304 3413 334 3473 si
354 3410 467 3483 dicam,
488 3409 635 3489 negationi
656 3411 835 3492 postposito,
856 3411 887 3472 in
907 3411 995 3483 nisi,
1016 3411 1096 3489 quod
1117 3429 1175 3490 quo
1196 3412 1285 3472 modo
1299 3410 1461 3473 accuratior

302 3532 376 3576 usus
390 3513 529 3592 loquendi
543 3529 559 3572 a
575 3512 605 3573 si
619 3529 691 3573 non
702 3512 876 3586 distinxerit,
892 3512 963 3573 nibil
974 3512 1011 3573 ad
1021 3513 1099 3574 hanc
1110 3513 1312 3592 quaestionem
1323 3512 1459 3595 pertinet.

371 3698 396 3762 dl
414 3695 518 3765 Aliquot
536 3697 650 3764 exempla
668 3697 864 3764 praepositionis
878 3697 915 3748 sic
926 3705 1073 3763 usurpatae,
1094 3705 1123 3750 ut
1134 3698 1199 3749 idom
1211 3696 1266 3748 iera
1278 3698 1375 3766 valeat,
1396 3697 1459 3764 qnod

302 3768 386 3847 sine,
398 3783 447 3833 vld.
462 3797 501 3848 ap.
515 3781 819 3847 Holmon-Peerlkamp.
832 3783 863 3833 ad
876 3782 964 3835 llorat.
977 3784 1023 3835 (ld.
1036 3781 1079 3847 lV,
1097 3784 1121 3847 4,
1137 3785 1175 3834 ll.
1201 3783 1354 3851 Quanquam
1366 3792 1424 3835 sunt
1434 3784 1461 3834 ia

303 3868 341 3920 bia
354 3868 437 3929 otiam,
449 3883 512 3934 quae
524 3868 605 3920 minas
618 3875 687 3919 racto
699 3870 747 3919 buc
758 3870 901 3932 trabuntur,
914 3869 984 3920 velut
996 3869 1053 3920 Val.
1065 3868 1148 3921 Flaec.
1162 3866 1272 3935 capvt,
1285 3869 1345 3933 204,
1356 3870 1400 3920 nbi
1412 3885 1461 3920 non

302 3953 339 4005 ab
360 3953 440 4004 omni
461 3960 604 4004 armento
627 3955 804 4020 nutrierat,
826 3953 871 4004 sed
892 3954 980 4004 divos
1001 3954 1037 4006 ab
1057 3956 1138 4006 omni
1162 3962 1304 4005 armento
1321 3970 1384 4006 vera
1401 3971 1462 4005 con·

301 4038 412 4091 structio
425 4045 474 4100 ost,
485 4038 688 4105 quemadmodum
700 4039 747 4090 iarn
760 4040 915 4091 Burmannus
928 4040 1036 4090 monuit:
1055 4041 1114 4091 itam
1128 4040 1192 4105 apud
1204 4039 1298 4106 Dietyn
1310 4040 1341 4091 de
1353 4042 1377 4090 b.
1390 4038 1461 4091 Troi.

301 4122 387 4188 itta:
405 4120 545 4175 ardenti
563 4123 786 4191 infrequentes
803 4132 866 4176 tum
884 4124 1102 4191 incuriosique
1115 4125 1463 4176 abarmisturbarioto.

301 4209 387 4260 nescio
403 4223 435 4259 an
450 4210 545 4261 rectius
563 4210 721 4260 incuriosi
738 4212 774 4261 ab
787 4211 885 4261 armis
898 4210 948 4260 dici
960 4216 1115 4273 statuantur,
1127 4211 1170 4277 qui
1182 4211 1213 4261 ab
1225 4211 1304 4262 armis
1317 4210 1379 4261 nihil
1392 4210 1463 4275 pari-

301 4294 352 4346 culi
369 4309 425 4344 csso
442 4295 640 4360 suspicarentur,
659 4308 742 4361 quarn,
765 4311 820 4346 curn
837 4293 928 4359 llolrn,
948 4295 984 4346 ab
1001 4296 1096 4347 armis
1114 4310 1171 4348 osse
1183 4298 1200 4347 i.
1214 4312 1236 4363 q.
1251 4297 1320 4347 aina
1331 4296 1427 4347 armis
1439 4311 1463 4346 ι.

300 4386 445 4436 inermes.
459 4409 492 4418 —
505 4378 621 4432 Getarum
635 4380 747 4431 elittera
760 4382 786 4432 in
798 4382 853 4433 abs
865 4383 1032 4448 comparanda
1044 4392 1085 4435 est
1096 4400 1151 4435 cum
1165 4383 1249 4434 eadem
1261 4382 1286 4432 in
1300 4398 1337 4432 oa
1348 4386 1395 4447 (pr.
1406 4366 1464 4431 obs)

299 4480 352 4601 qlns
365 4466 413 4530 (pr.
425 4466 494 4533 suba)
507 4466 681 4535 adverbiiaqne
694 4465 817 4519 localibus
830 4467 888 4534 cis,
902 4469 964 4533 ula,
976 4476 1081 4535 trans,
1092 4471 1123 4521 do
1135 4470 1224 4539 quibua
1236 4467 1462 4521 rnonnltCoraaeo.

322 4566 357 4619 p.
371 4551 427 4603 tou.
