3222 5148
790 448 941 548 ..Q

280 643 497 711 adslocratiam
513 659 613 703 veram
627 647 657 702 et
671 638 792 701 nomine
808 656 862 701 suo
878 636 1012 719 dignam,
1039 637 1069 700 id
1090 637 1211 719 quidem
1230 636 1304 700 adeo
1322 635 1449 703 manite-

283 756 366 811 stum
375 754 430 820 est,
446 743 576 807 utetiam
586 743 667 823 ipsos
679 740 744 802 illos
760 759 933 821 progressus
944 741 1121 814 laudatores,
1137 740 1162 802 si
1178 742 1243 823 quis
1257 742 1386 822 penitius
1401 741 1449 802 in·

285 851 406 934 spirim,
421 865 484 910 non
498 848 534 910 ad
550 842 775 916 democratiam,
795 843 848 905 sed
863 843 899 905 ad
915 843 1126 907 aristocratiam
1141 845 1240 924 potius
1254 852 1387 927 spectare
1401 843 1449 904 in·

283 953 404 1032 telligat.
448 951 594 1012 Nimirum
610 947 653 1008 sic
668 966 700 1008 se
715 965 762 1007 res
777 944 880 1007 habet:
900 947 1028 1027 optimos
1049 945 1209 1008 incivitate
1226 954 1255 1007 et
1266 945 1449 1026 sapientissi-

284 1074 351 1117 mos
366 1062 460 1117 semet
475 1054 555 1133 ipsos
570 1070 635 1113 esse
650 1049 796 1121 iudicant,
818 1049 868 1110 sed
891 1050 1033 1130 quoniam
1049 1047 1079 1109 in
1093 1048 1149 1109 hac
1163 1066 1238 1129 quae
1253 1066 1333 1111 nunc
1347 1057 1393 1111 est
1405 1047 1450 1113 rei

280 1157 418 1238 publicae
433 1154 642 1218 constitutione
657 1170 718 1213 non
734 1157 831 1213 tamen
846 1151 902 1213 sibi
916 1151 967 1214 sed
982 1151 1055 1224 aliis,
1071 1168 1145 1230 qnos
1160 1151 1268 1213 virtute
1282 1171 1317 1213 ac
1331 1151 1448 1232 sapien-

285 1260 327 1322 tia
352 1259 431 1321 haud
446 1274 594 1338 quaquam
609 1255 664 1317 sihi
680 1272 764 1336 pares
778 1273 843 1316 esse
858 1262 993 1328 censent,
1008 1253 1205 1335 gubernacula
1224 1254 1366 1335 permissa
1385 1270 1449 1314 esso

284 1361 400 1436 vident,
416 1361 525 1422 mutari
540 1378 607 1421 eam
622 1358 756 1437 cupiant,
773 1376 833 1437 qno
848 1357 962 1420 facilior
975 1357 1031 1419 sibi
1046 1358 1142 1419 aditus
1157 1356 1208 1417 fiat
1222 1356 1256 1416 ad
1281 1357 1380 1418 locum
1403 1355 1448 1416 di-
1463 1336 1472 1353 ’

285 1464 404 1544 gnitatis
418 1482 489 1525 suae
505 1460 714 1532 obtinendum,
738 1460 817 1540 quod
834 1478 934 1540 quum
946 1460 1010 1521 lieri
1023 1460 1101 1521 haud
1116 1478 1205 1539 posse
1220 1458 1381 1539 intelligant
1394 1457 1452 1519 nisi

286 1567 445 1628 summotis
459 1565 510 1638 iis,
535 1563 585 1645 qui
600 1562 695 1625 adhuc
708 1562 751 1623 rei
766 1562 898 1645 publicae
912 1562 1117 1643 praefuerunt,
1137 1560 1330 1624 submovendi
1350 1569 1449 1624 autem

287 1670 396 1732 nullam
418 1668 574 1729 certiorem
595 1664 741 1727 rationem
762 1684 827 1726 esse
852 1665 982 1744 quamsi
1004 1664 1167 1747 popellum,
1189 1664 1266 1747 apud
1286 1682 1375 1744 quem
1394 1662 1450 1743 ipsi

286 1772 393 1843 valent,
409 1770 550 1832 adversus
564 1786 615 1829 eos
632 1769 788 1840 concitent,
805 1768 874 1829 binc
888 1768 930 1839 fit,
944 1772 979 1829 ul
993 1766 1143 1851 popularis
1158 1767 1314 1848 seimperii
1329 1766 1450 1848 cupidos

287 1892 353 1936 esse
368 1872 577 1954 profiteantur,
598 1888 659 1932 non
675 1889 734 1952 quo
752 1869 810 1952 ipsi
825 1871 935 1951 populo
952 1870 1070 1932 obedire
1086 1869 1218 1950 cupiant,
1238 1869 1290 1931 sed
1312 1868 1379 1949 quia
1394 1887 1448 1950 po-

285 1976 390 2058 pulum
410 1973 466 2035 sibi
487 1973 606 2035 obedire
627 1974 727 2035 vident
747 1990 896 2055 porroque
916 1973 1105 2038 obediturum
1120 1991 1184 2034 esse
1199 1975 1328 2053 sperant.
1373 1971 1449 2035 Haec

287 2086 386 2141 autem
402 2096 469 2157 spes
484 2095 573 2156 quam
589 2076 675 2138 fallax
694 2076 746 2148 sit,
766 2093 804 2137 ne
825 2075 879 2138 alia
899 2096 935 2138 ex
955 2075 1078 2138 historia
1097 2074 1231 2155 exempla
1251 2063 1385 2146 afferam,
1405 2073 1449 2134 vel

287 2181 359 2243 illud
374 2181 479 2242 docere
492 2186 603 2261 potest,
619 2180 698 2260 quod
714 2180 746 2241 in
760 2187 862 2240 nostra
876 2198 909 2241 re
922 2178 1039 2259 publica
1052 2197 1161 2258 paucos
1176 2178 1283 2239 abhinc
1295 2195 1390 2240 annos
1404 2177 1448 2239 vi-

290 2284 400 2357 dimus,
416 2301 509 2364 quum
526 2281 577 2363 qui
591 2291 713 2364 propter
724 2282 949 2365 popularitatem
961 2281 997 2342 ad
1005 2281 1198 2361 gubernacula
1212 2280 1332 2343 admissi
1341 2286 1448 2353 essent,

287 2407 358 2450 mox
373 2405 476 2449 rursus
492 2405 525 2448 ea
540 2386 688 2465 deponere
704 2392 877 2465 cogerentur
890 2402 951 2446 non
965 2382 1036 2445 sane
1050 2384 1137 2447 aliam
1152 2383 1191 2445 ob
1206 2402 1340 2456 causam,
1360 2399 1446 2463 quam

284 2490 364 2571 qnod
379 2507 481 2551 auram
496 2488 575 2548 illam
591 2488 774 2569 popularem,
790 2488 874 2549 cuius
896 2488 968 2549 llatu
981 2488 1112 2567 prouecti
1125 2487 1256 2561 fuerant,
1277 2503 1448 2549 conservare

284 2610 347 2654 non
362 2591 488 2673 amplius
504 2597 655 2672 poterant3
677 2609 753 2672 quos
764 2607 845 2652 nuno
858 2590 894 2655 ab
909 2589 1030 2665 iisdem,
1047 2607 1175 2672 quorum
1187 2609 1220 2652 so
1235 2588 1324 2653 duces
1338 2608 1372 2652 ac
1382 2608 1447 2650 mo

285 2695 436 2756 deratores
449 2694 513 2755 lore
525 2693 722 2766 crediderant,
742 2692 891 2772 neglectos
907 2700 937 2754 et
952 2700 1139 2776 contemptos
1153 2691 1260 2774 partim
1277 2692 1308 2755 in
1322 2691 1447 2755 obscuro

283 2797 394 2869 iacere,
415 2795 523 2876 partim
542 2803 577 2857 ut
590 2799 766 2877 recuperent
781 2794 978 2858 multitudinis
998 2797 1129 2881 favorem
1150 2796 1298 2858 incassum
1317 2796 1447 2858 laborare

283 2899 427 2960 ridemus.
472 2896 628 2960 Multitudo
643 2917 713 2959 uero
728 2914 875 2978 nusquam
890 2915 952 2960 non
966 2898 1013 2960 sui
1028 2898 1131 2960 similis
1146 2906 1208 2970 est,
1223 2898 1366 2961 libertatis
1380 2916 1448 2961 nro-

284 3000 365 3069 dicae
378 2999 548 3079 legibusque
559 3008 740 3083 temperatae
754 3001 919 3081 impatiens,
936 3001 1098 3063 temerariis
1105 3001 1204 3083 potius
1214 3018 1303 3080 quam
1319 3002 1448 3082 pruden-

283 3102 364 3165 tibus
385 3102 514 3163 oonsiliis
535 3103 757 3182 obtemperans,
784 3102 939 3164 levissimis
960 3104 1119 3165 momentis
1139 3104 1200 3166 huc
1225 3104 1294 3167 illuc
1312 3104 1445 3187 impulsa,

284 3205 411 3284 denique
425 3206 507 3278 talis,
524 3206 639 3284 qualem
652 3205 833 3278 Parrhasius,
849 3204 1069 3287 Aristophanes,
1086 3206 1231 3281 Socrates,
1247 3206 1330 3269 Plato
1342 3207 1447 3287 aliique

283 3307 371 3369 multi
392 3318 505 3369 veteres
524 3307 570 3369 rel
591 3306 759 3392 philosophi
778 3310 822 3369 vel
839 3306 971 3370 historici
990 3307 1219 3388 descripserunt.
1265 3309 1324 3371 Sed
1345 3308 1448 3375 duent

286 3409 411 3471 tortasse
427 3408 533 3492 aliquis
547 3409 656 3471 horum
670 3408 790 3480 iudicia,
814 3428 905 3489 quum
926 3408 1146 3471 multitudinem
1167 3409 1202 3471 ad
1222 3411 1447 3491 rempublicam

281 3517 364 3574 recte
383 3512 543 3592 gerendam
563 3510 644 3573 nullo
667 3512 756 3575 modo
775 3512 912 3575 idoneam
927 3530 992 3574 esse
1006 3510 1146 3585 doceant,
1169 3512 1271 3599 minus
1292 3522 1393 3577 tamen
1411 3511 1447 3577 ad

212 3636 217 3641 ·
283 3612 360 3676 hanc
373 3621 507 3675 nostram
522 3615 565 3675 rei
581 3613 711 3695 publicae
725 3615 968 3677 constitutionem
982 3614 1128 3696 pertinere
1143 3616 1272 3678 multum
1286 3632 1303 3676 a
1318 3624 1447 3681 veterum

285 3714 410 3798 imperio
425 3714 559 3795 populari
574 3716 727 3779 diversam.
757 3718 842 3798 Apud
857 3717 922 3778 illos
938 3716 1017 3778 enim
1032 3716 1161 3779 universi
1170 3717 1271 3800 populi
1285 3727 1447 3782 conventus

283 3815 391 3889 luisse,
413 3816 445 3876 in
460 3815 565 3896 quibus
580 3817 616 3878 de
631 3837 794 3881 summare
809 3818 924 3899 publica
939 3819 1156 3882 consultaretur
1168 3821 1398 3904 suffragiumque
1411 3820 1447 3887 ab

286 3917 425 3980 omnihus
439 3919 607 4001 promiscue
625 3922 765 3996 ferretur,
786 3923 864 4006 apud
886 3939 940 3984 nos
961 3929 1060 3983 autem
1082 3923 1235 4004 pauciores
1250 3941 1316 3988 esse
1330 3946 1366 3988 ex
1380 3925 1447 3990 uni·

285 4037 369 4081 verso
388 4037 512 4085 numero
530 4024 672 4097 selectos,
693 4024 724 4086 in
748 4025 855 4106 quibus
877 4025 1016 4106 eligendis
1041 4024 1167 4088 dubitari
1187 4045 1248 4089 non
1267 4045 1356 4106 posse
1376 4029 1447 4110 quin

285 4122 442 4203 dignitatis,
458 4124 583 4199 virtutis,
600 4128 771 4208 prudentiae
781 4128 856 4190 ratio
868 4128 1029 4209 plurimum
1045 4129 1145 4193 valeat
1174 4131 1287 4213 Nempe
1296 4134 1373 4215 apud
1384 4150 1445 4206 eos,

285 4226 337 4306 qui
352 4227 460 4290 iustum
477 4228 632 4308 dignitatis,
647 4229 772 4302 virtutis,
788 4230 960 4310 prudentiae
976 4232 1222 4295 existimationem
1237 4235 1293 4317 ipsi
1306 4236 1445 4298 aderant:

285 4329 369 4391 cuius
380 4331 495 4409 generis
510 4331 541 4392 in
556 4331 612 4405 his,
630 4332 680 4412 qni
696 4331 820 4412 eligendi
835 4334 880 4396 ius
895 4333 1014 4408 babent,
1030 4352 1193 4418 perpaucos
1201 4355 1268 4399 esso
1277 4355 1325 4399 res
1339 4336 1401 4419 ipsa
1416 4343 1448 4401 ot

285 4431 488 4511 proximorum
513 4452 659 4497 annorum
681 4434 882 4516 experimenta
900 4436 1076 4500 docuerunt
1120 4438 1195 4502 Nolo
1213 4457 1295 4504 nunc
1313 4459 1447 4505 comme·
