3222 5148
645 512 794 610 Q

139 699 402 784 etiampllemocriti,
418 706 448 762 et
461 698 532 760 hinc
545 699 609 762 sine
623 699 712 764 dubio
723 700 758 762 ad
771 699 932 782 Epicurum
943 707 1112 781 propagata.
1128 698 1232 780 Neqm
1245 699 1302 762 du·

138 806 211 877 bito,
233 804 308 885 quin
327 796 411 863 nard
434 792 603 879 ὁμοειδίαν
625 805 656 866 in
675 804 792 885 Epicuri
812 802 910 864 verbis
930 802 1008 882 apud
1023 803 1182 882 Diogenem
1197 803 1234 865 de
1248 803 1304 866 bac

139 908 303 970 divinarum
319 905 480 985 imaginum
501 925 569 968 cnm
585 907 676 968 animi
690 916 794 969 natura
815 903 1005 967 similitudine
1020 905 1112 988 accipi
1126 904 1244 978 debeat,
1270 910 1304 967 ut

139 1010 169 1072 di
183 1014 338 1089 propter
354 1007 445 1068 hanc
461 1004 598 1084 γνωστοὶ
613 1027 677 1070 esse
693 1008 835 1069 dicantur.
861 1002 903 1068 Ea
918 1006 1079 1069 similitudo
1094 1014 1173 1073 recte
1189 998 1303 1085 ὁμοει-

141 1102 198 1171 dr'o
215 1108 271 1170 dici
291 1109 397 1188 potuit,
414 1109 524 1190 quippe
544 1128 637 1190 quum
659 1118 808 1173 constaret
825 1108 914 1170 simili
936 1116 1106 1171 atomorum
1119 1108 1227 1182 forma,
1249 1126 1303 1171 ro·

138 1212 230 1275 tunda
247 1211 293 1273 illa
308 1219 338 1271 et
352 1211 422 1284 leri,
443 1221 477 1273 ut
492 1213 677 1276 Democritus
698 1232 817 1294 quoque
832 1212 1039 1291 demersam)
1082 1211 1189 1291 Neque,
1200 1210 1301 1273 velleii

140 1315 228 1378 verba
242 1314 319 1395 apud
334 1314 506 1377 Ciceronem
527 1336 552 1378 c.
571 1316 620 1388 19,
635 1317 677 1378 lb
702 1317 738 1378 de
752 1314 928 1395 imaginibus
943 1314 1133 1376 similitudine
1149 1321 1179 1375 et
1192 1313 1302 1375 bansi-

140 1418 220 1481 tione
235 1418 381 1497 perceptis
396 1417 472 1479 alind
489 1419 558 1499 quid
573 1419 736 1500 significare
751 1423 885 1498 possunt,
906 1433 996 1497 qoam
1019 1416 1130 1497 percipi
1145 1434 1194 1478 eas
1209 1433 1301 1499 prop-

137 1528 186 1583 ter
200 1530 320 1581 naturae
336 1538 406 1581 suae
422 1538 490 1582 cum
506 1521 605 1582 animo
622 1520 846 1582 similitudinem
862 1525 1088 1598 promptamque
1105 1518 1172 1579 ideo
1187 1526 1217 1578 ct
1230 1516 1303 1579 faci-

142 1625 201 1685 lem
222 1623 254 1684 in
274 1623 406 1684 animum
428 1623 643 1684 transitionem.
678 1622 712 1683 ln
733 1622 852 1702 Epicuri
879 1628 979 1683 autem
1001 1619 1096 1682 verbis
1112 1618 1253 1702 proximis
1269 1609 1307 1694 ἐξ

145 1719 348 1806 ἐπιρρύσεως
369 1725 434 1786 τῶν
450 1717 577 1801 ὁμοίων
592 1717 735 1787 εἰδώλων
751 1719 810 1787 ἐπὶ
830 1718 869 1785 ad
894 1714 976 1785 adad
1000 1713 1306 1800 ἀποτετελεσμένων

144 1818 412 1905 ἅνθρωποειδώσ
434 1827 504 1887 illud
531 1819 592 1887 ἐπὶ
619 1823 659 1888 cd
689 1817 771 1888 oded
793 1818 1098 1905 ἅποτετελεσμένων
1126 1824 1201 1886 nihil
1226 1822 1303 1886 aliud

144 1945 207 1988 esse
230 1935 313 2007 puto,
335 1944 423 2005 qnam
445 1928 524 2006 quod
544 1927 620 2008 apud
641 1928 813 1990 Ciceronem
837 1947 863 1989 c.
879 1927 920 1989 39
936 1928 976 1990 in.
997 1927 1082 1989 Cotta
1103 1926 1187 1999 dicit,
1208 1925 1305 1987 liuen-

141 2029 215 2091 tium
230 2027 399 2107 frequenter
413 2028 586 2090 transitione
601 2028 743 2090 visionem
759 2028 836 2102 lieri,
852 2035 885 2090 ut
900 2047 916 2089 e
931 2028 1058 2091 multis
1073 2045 1143 2091 nna
1158 2027 1299 2088 videatur.

141 2130 216 2193 Nam
231 2136 309 2193 recte
325 2122 385 2191 lna
399 2124 439 2192 τὸ
456 2121 536 2192 αὐτὸ
553 2131 627 2211 (scil.
645 2121 870 2211 ἀποτέλεσμα)
892 2122 1140 2192 ἀποτελεῖσθαι
1171 2129 1229 2191 dici
1247 2148 1304 2209 po·

140 2242 238 2298 terant
252 2224 430 2307 cde’t'dmla,
447 2253 573 2313 quorum
589 2237 711 2297 effectus
733 2236 802 2310 (hoc
822 2244 868 2296 est
882 2234 961 2295 enim
983 2223 1210 2308 ἀποτέλεσμα)
1226 2248 1304 2293 unus

140 2339 278 2419 idemque
294 2346 386 2411 esset,
409 2345 442 2399 ut
457 2337 553 2398 forma
570 2338 667 2399 divina
683 2339 829 2399 humanae
843 2354 905 2398 non
920 2333 1062 2398 absimilis
1076 2324 1303 2416 (ἀνθρωποει-

142 2437 220 2519 aaa)
240 2440 339 2501 animo
360 2440 568 2502 insinuaretur.
602 2442 698 2521 Atque
713 2441 771 2501 boc
786 2456 880 2501 unum
902 2435 1011 2518 percipi
1032 2455 1068 2499 ex
1083 2434 1244 2516 imaginum
1260 2433 1305 2496 ri-

140 2544 224 2605 sione
239 2541 383 2623 Epicurus
397 2542 555 2615 statuebat,
570 2550 605 2604 ut
619 2548 718 2605 essent
732 2541 762 2603 di
776 2540 906 2603 bumana
920 2540 1033 2602 forma:
1050 2540 1189 2602 discretas
1204 2544 1306 2599 autem

140 2654 170 2707 et
184 2646 345 2725 singulares
361 2646 486 2707 deorum
501 2645 612 2706 formas
627 2645 738 2726 percipi
753 2643 892 2720 negabat,
908 2660 1042 2723 quaeque
1057 2642 1093 2704 de
1107 2640 1154 2703 his
1168 2639 1306 2703 homines

140 2747 330 2827 opinarentur
341 2754 503 2829 poetaeque
514 2754 545 2809 ct
555 2748 680 2809 artifices
691 2747 844 2826 fingerent,
859 2762 922 2806 non
936 2763 972 2806 er
986 2762 1054 2806 vera
1068 2744 1177 2806 visione
1191 2742 1306 2814 hausta,

139 2850 191 2911 sed
212 2849 304 2911 errori
327 2848 436 2910 mentis
461 2848 534 2911 falsa
558 2850 634 2910 veris
660 2846 851 2910 admisceatis
867 2845 1040 2930 imputanda
1064 2864 1129 2907 esse
1149 2844 1306 2906 statuebat.

140 2949 237 3013 Probe
262 2957 360 3012 autem
390 2951 554 3013 carendum
582 2957 637 3023 est,
664 2968 702 3012 ne
728 2948 963 3012 adversariorum
982 2947 1212 3009 cavillationibus
1233 2964 1306 3010 con-

140 3053 296 3117 turbemur
315 3061 345 3115 et
364 3053 394 3113 in
408 3071 541 3115 errorem
563 3054 747 3116 inducamur.
781 3052 899 3114 Norunt
914 3051 993 3113 enim
1014 3049 1066 3131 qui
1079 3049 1110 3111 in
1125 3049 1183 3111 hoc
1196 3067 1304 3130 genere

138 3158 305 3222 litterarum
321 3155 510 3218 mediocriter
529 3154 619 3217 modo
635 3154 743 3217 versati
753 3163 837 3227 sunt,
862 3161 973 3235 quanto
996 3170 1086 3235 opere
1099 3151 1176 3233 apud
1192 3160 1305 3215 veteres

139 3258 333 3342 philosophos
348 3257 477 3340 partium
492 3258 588 3320 studia
603 3259 716 3320 veritati
742 3274 956 3337 saepenumero
981 3262 1012 3318 et
1038 3255 1132 3318 bonae
1146 3254 1216 3317 fidei
1231 3256 1306 3317 olle·

140 3363 242 3433 serint,
256 3368 286 3423 et
297 3379 387 3443 quam
400 3360 491 3421 multa
498 3360 534 3422 de
540 3361 585 3433 iis,
601 3379 677 3442 quos
691 3360 748 3422 sibi
760 3360 884 3440 quisque
896 3356 1110 3439 impugnandos
1121 3357 1306 3439 sumpsisset,

141 3469 192 3527 aut
206 3464 291 3546 plane
309 3464 381 3526 lalsa
408 3470 437 3525 et
452 3464 657 3526 commenticia
672 3463 810 3534 dixerint,
832 3469 883 3524 aut
906 3461 1034 3522 absurda
1059 3468 1091 3522 at
1104 3459 1182 3522 inter
1195 3479 1228 3522 so
1249 3479 1307 3541 pu·

140 3566 260 3647 gnantia
277 3585 314 3627 ax
332 3583 436 3628 eorum
452 3565 565 3647 placitis
580 3565 707 3646 maligna
729 3562 971 3647 interpretatione
984 3561 1146 3636 elicuerint‚
1162 3580 1237 3643 quae
1251 3562 1307 3626 illis

141 3684 295 3747 nunquam
306 3668 337 3730 in
348 3676 480 3731 mentem
492 3669 606 3731 venisse
619 3668 709 3731 cuivis
719 3685 783 3730 rem
790 3665 889 3727 sobrie
896 3665 1217 3727 etsevereeraminanti
1223 3664 1306 3727 facile

142 3779 289 3854 appareat.
323 3771 442 3851 Epicuri
464 3780 569 3851 antem
584 3778 634 3834 aut
657 3771 749 3832 vitam
773 3777 804 3831 et
828 3787 928 3831 mores
954 3767 1097 3830 infamare
1123 3775 1175 3829 aut
1201 3766 1305 3847 placita

141 3875 293 3952 diffingere
323 3882 353 3937 et
379 3875 541 3938 adulterare
569 3882 651 3938 tanto
680 3873 773 3955 magis
805 3872 929 3934 lormsse
956 3869 1111 3933 adversarii
1137 3870 1224 3933 licere
1250 3869 1307 3932 sibi

142 3983 334 4060 putaverunt,
362 3985 472 4060 quanto
500 3979 592 4058 magis
625 3978 650 4040 is
683 3979 745 4060 ipse
777 3974 896 4055 iniquus
929 3972 1055 4037 aliorum
1083 3990 1189 4037 censor
1215 3971 1307 4035 luisse

142 4254 167 4305 p.
182 4237 238 4289 llll.
262 4236 381 4290 Karsten.
398 4235 540 4304 Empedocl.
554 4251 580 4288 v.
593 4235 652 4288 321.
676 4235 790 4288 Pernen.
805 4249 830 4301 p.
844 4233 894 4286 261
901 4249 939 4301 sp.
962 4231 998 4283 llo
1010 4231 1154 4284 Democrito
1167 4232 1218 4284 rid.
1232 4233 1304 4299 impr.

143 4323 215 4375 Sext.
227 4323 297 4391 llrnp.
316 4321 579 4390 adv.log.1,llllsq.
604 4321 741 4389 Philipson.
759 4316 808 4387 dra
826 4319 955 4392 drdporr.
970 4336 992 4385 p.
1006 4319 1065 4371 210.
1089 4318 1255 4386 Papcncordt.
1274 4320 1306 4374 ds

146 4409 246 4460 atomio.
259 4409 342 4460 doctr.
354 4424 378 4473 p.
389 4410 432 4461 49.

215 4493 257 4559 36)
276 4493 378 4547 Stobos.
389 4494 407 4546 l.
421 4495 439 4548 1.
453 4511 476 4563 p.
490 4493 548 4549 196.
574 4491 606 4547 cl.
619 4493 778 4560 Papencordt
791 4507 813 4558 p.
827 4493 867 4546 46.
893 4490 1031 4558 Pbilipson.
1042 4507 1065 4558 p.
1077 4490 1136 4543 208.
