3222 5148
828 461 977 560 Q

319 656 442 713 naturae
456 649 629 712 excederent
644 667 678 711 ac
692 648 916 729 perturbarent,
937 658 971 712 ut
985 647 1146 732 plurimum
1161 645 1217 708 diis
1231 642 1353 725 legitimi
1366 641 1478 706 ordinis

319 750 556 815 moderatoribus
576 751 725 814 adversari
744 760 833 830 atque
854 751 952 814 iniusti
972 749 1233 821 ostenderentur,
1257 746 1325 808 licat
1338 762 1477 808 nonnun-

319 872 410 934 quam
431 854 520 916 etiarn
539 853 676 937 potestati
699 871 803 915 eorum
824 854 967 916 servirent
986 852 1176 934 inperiisque
1195 855 1342 932 parerent
1377 847 1479 928 Neque

319 956 502 1029 mirabimur,
518 956 544 1017 si
559 955 728 1018 huiusmodi
743 956 856 1018 naturis
870 956 959 1018 etiam
975 955 1116 1016 honorem
1133 951 1281 1033 quendam
1296 949 1332 1011 ab
1347 949 1478 1012 bomini-

319 1059 375 1123 bus
391 1057 553 1120 exhibitum
569 1074 709 1137 saumque
724 1058 800 1119 faeta
815 1058 983 1131 viderimus,
1004 1056 1116 1120 scilicet
1131 1073 1190 1136 quo
1205 1053 1303 1116 minus
1319 1051 1377 1113 vim
1392 1070 1477 1114 suam

319 1161 349 1222 in
363 1160 520 1227 hominum
534 1159 693 1240 perniciem
705 1167 885 1222 exercerent.
902 1159 1088 1240 Quamquam
1100 1175 1245 1238 perpauca
1259 1162 1376 1217 tantum
1390 1153 1478 1216 buius

226 1256 228 1259 ’
319 1263 362 1325 rei
387 1262 505 1343 vestigia
530 1261 562 1324 in
589 1269 721 1324 veterum
750 1262 950 1324 monumentis
982 1268 1095 1323 servata
1120 1268 1200 1322 sunt.
1244 1257 1357 1321 Horum
1384 1272 1476 1318 unum

320 1364 448 1427 maxime
463 1365 623 1427 obscurum
638 1363 711 1425 illud
725 1371 780 1434 est,
796 1363 874 1443 quod
889 1383 927 1426 ex
940 1362 1080 1426 fabulosis
1096 1361 1278 1423 Athenarum
1294 1356 1478 1438 antiquitati·

319 1468 376 1530 bua
387 1467 530 1530 refertur:
544 1465 648 1529 blinois
664 1464 811 1528 Cretensis
830 1466 917 1537 bello,
933 1483 1025 1547 mum
1041 1463 1233 1525 Athenienses
1247 1461 1338 1523 etiarn
1352 1460 1432 1522 farne
1446 1477 1479 1522 ae

319 1569 484 1652 pestilentia
507 1576 692 1639 vexarentur,
707 1567 814 1630 oraculi
830 1568 945 1631 monitu
959 1567 1114 1650 Hyacinthi
1131 1566 1205 1628 filias
1224 1564 1261 1627 ad
1276 1562 1408 1626 Geraesti
1421 1562 1478 1643 Cy·

320 1671 412 1751 clopis
426 1670 487 1733 sive
501 1688 583 1732 aram
598 1670 659 1731 sive
673 1670 821 1732 tumulum
836 1670 1004 1732 immolatas
1024 1669 1154 1749 assem)
1184 1666 1382 1749 Hyacinthum
1400 1664 1478 1728 eius·
1574 1692 1575 1697 ¹

320 1791 378 1853 que
393 1771 467 1835 filias
481 1771 631 1834 vernantia
645 1778 740 1834 terrae
751 1771 837 1834 dotes
848 1772 1010 1852 significare
1023 1772 1109 1835 facile
1124 1770 1280 1843 credimua
1296 1787 1370 1849 qnae
1385 1786 1479 1850 quom
1574 1850 1575 1855 ἵ

321 1875 461 1937 Geraesto
476 1873 691 1947 sacrificantur,
717 1873 859 1937 infestum
880 1874 968 1938 huius
986 1892 1098 1937 numen
1112 1874 1311 1955 agnoscimus,
1337 1871 1422 1933 cuius
1437 1870 1480 1932 ira
1574 1886 1575 1897 ¹

320 1994 413 2059 quum
428 1975 526 2039 clades
541 1975 769 2039 Atheniensibus
783 1976 933 2039 immissae
947 1976 1130 2050 riderentur,
1156 1972 1305 2038 sacnhciis
1325 1990 1395 2035 etun
1415 1972 1480 2053 pla-
1574 2002 1575 2059 4

320 2080 447 2143 mndum
468 2095 532 2141 esse
552 2077 797 2141 admonebantur.
842 2079 974 2143 Geraeati
992 2082 1114 2142 nomine
1136 2079 1225 2140 etiam
1240 2075 1480 2158 promontorium
1574 2074 1575 2131 l

321 2181 521 2264 oppidumque
535 2180 567 2242 in
581 2179 701 2243 Euboea
713 2180 805 2243 inisse
819 2191 925 2244 notum
947 2190 1001 2256 est,
1022 2183 1052 2244 in
1073 2200 1162 2264 quam
1176 2180 1303 2243 insulam
1318 2194 1411 2258 quum
1425 2177 1481 2240 ati·
1574 2188 1575 2273 l

320 2284 438 2363 quando
453 2282 592 2364 Cyclopes
607 2302 640 2345 se
654 2282 798 2364 recepisse
812 2283 956 2357 dieantur,
972 2285 1081 2347 borum
1096 2301 1189 2346 unum
1202 2279 1408 2364 promontorio
1424 2297 1479 2342 no-

320 2403 391 2448 men
410 2385 525 2449 dedisse
545 2386 773 2467 haudquaquam
788 2385 981 2468 improbabile
995 2396 1050 2448 est.
1078 2386 1182 2467 Neque
1202 2383 1300 2448 obstat
1319 2383 1389 2445 huic
1407 2399 1481 2446 con-

321 2488 464 2560 iecturae,
489 2487 571 2570 quod
595 2488 783 2551 anennullia
803 2489 976 2552 Geraestum
1006 2489 1086 2551 hunc
1105 2487 1268 2553 Euboicum
1288 2485 1368 2548 lovis
1388 2485 1481 2548 tilium
1574 2514 1575 2517 ¹

321 2590 467 2654 creditum
481 2609 546 2653 esse
560 2590 745 2671 accepimus²
755 2594 798 2672 ¹):
814 2592 887 2654 nihil
900 2591 980 2655 enim
996 2591 1025 2652 in
1041 2590 1147 2654 fabulis
1162 2590 1255 2669 magis
1265 2589 1378 2651 varium
1394 2595 1483 2668 atque
1574 2572 1575 2655 l

320 2692 490 2755 inconstans
510 2711 575 2755 esse
597 2691 728 2756 videmus
749 2713 836 2775 quam
852 2694 1049 2775 genealogias,
1075 2692 1216 2775 lorisque
1230 2699 1291 2754 tam
1307 2691 1364 2754 lata
1378 2697 1482 2770 patens
1574 2676 1575 2683 ἵ

320 2812 433 2858 numen
447 2813 482 2856 ac
495 2799 599 2857 natura
614 2802 670 2869 est,
691 2804 726 2858 ut
738 2795 823 2858 iaeile
837 2796 926 2859 etiam
941 2797 1073 2879 Cyclopis
1087 2796 1177 2858 unius
1190 2803 1280 2876 atque
1294 2792 1415 2855 alterius
1427 2810 1483 2874 pa·

321 2915 390 2962 rens
405 2897 506 2960 baberi
520 2897 664 2978 potuerit,
686 2914 747 2961 non
766 2898 864 2961 minus
880 2917 968 2979 quam
983 2899 1075 2962 irater
1089 2898 1153 2962 eius
1167 2898 1335 2979 Neptunus,
1356 2896 1407 2976 qui
1421 2894 1482 2958 Po-

323 3000 451 3083 lyphemi
467 2999 599 3081 Cyclopia
618 3009 703 3083 pater
727 3019 792 3063 esse
811 3001 971 3064 dicebatur.
1001 3003 1097 3082 Atque
1117 3001 1205 3063 etiam
1225 2999 1400 3062 Geraestum
1418 2997 1483 3060 ior·

321 3111 400 3166 tasse
414 3102 450 3163 ab
465 3102 527 3163 aliis
542 3101 671 3182 Neptuni
687 3103 779 3165 tilium
795 3104 928 3167 habitum
944 3124 1009 3167 esse
1023 3102 1155 3184 colligas,
1167 3105 1216 3183 Η)
1242 3100 1482 3184 quandoquidem

322 3205 410 3267 buius
425 3204 471 3265 dei
486 3203 641 3285 religiones
661 3205 691 3266 in
707 3206 847 3270 Geraesto
873 3207 1080 3290 promontorio
1100 3225 1170 3290 prae
1192 3205 1298 3269 ceteris
1324 3204 1482 3267 celebratas

322 3326 387 3370 esse
401 3308 583 3383 constan).
627 3305 730 3386 Ipsum
750 3325 862 3371 nomen
876 3310 907 3370 Γ
905 3303 1059 3390 mercede
1079 3309 1208 3372 honores
1222 3307 1294 3370 olim
1310 3306 1428 3390 Cyclopi
1442 3304 1482 3368 illi

322 3408 438 3471 habitos
452 3428 518 3472 esse
534 3414 667 3483 testatur,
683 3410 793 3492 quippe
808 3430 825 3474 a
840 3412 928 3474 verbo
944 3406 1085 3495 γεραΐζω
1100 3411 1256 3482 deflexum,
1274 3410 1355 3490 quod
1369 3408 1439 3471 licet
1451 3407 1482 3469 in

320 3510 530 3593 superstitibus
552 3512 666 3593 linguae
690 3532 809 3596 graecae
835 3514 1035 3578 monumentis
1048 3531 1122 3577 ‚non
1146 3512 1327 3587 inveniatur,
1353 3510 1480 3573 ionnam

207 3706 212 3715 ι
323 3620 422 3677 tamen
438 3614 525 3678 habet
538 3637 660 3700 prorsus
675 3615 850 3699 legitimam,
874 3625 904 3678 et
923 3615 1175 3698 quemadmodum
1191 3607 1348 3698 yapooco'f
1362 3633 1379 3676 a
1394 3612 1481 3676 verbo
1574 3622 1575 3629 ’

393 3826 436 3890 ao)
455 3825 604 3894 Aptucca.
617 3823 658 3890 ut,
673 3826 713 3891 ts,
725 3825 749 3886 s,
762 3826 787 3876 4.
805 3822 845 3876 ct.
858 3824 997 3877 suwetot
1010 3822 1222 3877 numatam.
1236 3821 1404 3889 votvtptu
1418 3820 1482 3873 teca

324 3930 348 3982 P·
361 3913 435 4063 ⁵³ll)
454 3998 540 4063 Staph.
552 3998 615 4067 Byr.
627 4012 648 4049 a.
661 4012 687 4050 v.
699 3993 858 4065 mostata
1574 4042 1575 4077 3

392 4084 435 4146 22)
455 4084 526 4150 Quod
544 4082 657 4151 lleynius
673 4083 705 4135 ad
717 4083 866 4150 ApoNodor.
883 4082 901 4134 1.
912 4083 930 4134 1.
947 4082 1176 4151 aStapbtnollys.
1192 4097 1214 4134 s.
1226 4097 1252 4134 v.
1265 4074 1483 4151 nspatrdnolsc
1574 4092 1575 4143 l

325 4168 475 4224 coneum
487 4167 598 4235 Neptuni
609 4168 686 4222 lilium
699 4167 890 4222 commemorari
902 4169 949 4233 ait,
959 4168 984 4219 in
996 4183 1086 4221 errore
1098 4174 1226 4220 versatur.

392 4255 436 4319 aa)
454 4255 537 4307 suat.
551 4254 577 4307 x
594 4271 617 4321 p.
630 4255 689 4306 ass.
722 4254 807 4322 suph.
825 4254 885 4322 ayt.
901 4249 1334 4320 1.1.suat.encotxttt,tse
1363 4248 1395 4303 at
1407 4247 1480 4303 or.
1574 4246 1575 4275 ¹

324 4340 458 4394 Hermann.
471 4342 574 4409 Antiqu.
588 4355 653 4392 sacr.
666 4338 692 4407 ἦ.
705 4339 746 4406 tt,
758 4339 784 4392 l.
