3164 5138
611 555 668 561 --..
691 466 731 526 53
765 556 810 562 --

121 650 192 711 tium
209 648 409 729 ingeniorum
429 649 512 713 curis
532 650 647 713 collecta
667 659 696 711 et
711 650 868 730 disposite,
889 670 1017 730 mosque
1035 670 1141 732 magno
1161 652 1294 716 acumine

122 763 148 814 et
161 751 263 814 subtili
280 751 423 815 doctrina
439 751 572 815 certatim
587 753 725 833 explicata
740 760 769 813 et
786 754 938 815 emendata
953 763 1036 827 sunta
1053 755 1205 818 Hesiodeis
1220 774 1292 819 con-

122 866 165 919 tn
180 856 396 919 multominus
413 856 498 918 omni
517 862 649 935 tempore
669 875 755 917 curae
770 875 804 917 ac
819 857 906 917 studii
921 857 1101 936 impertitum
1115 867 1169 919 est.
1200 859 1293 939 Atque

123 960 180 1021 hoc
194 959 325 1021 maxime
340 959 372 1020 in
385 959 537 1038 Operibus
551 968 579 1020 et
590 959 696 1021 Diebus
714 959 872 1020 observare
881 958 956 1031 licet,
973 960 1078 1041 quibus
1093 961 1292 1041 perpetiendis

124 1070 173 1123 aut
187 1062 423 1139 interpretandis
439 1061 476 1122 ab
491 1079 550 1122 uno
567 1068 616 1121 aut
630 1061 719 1122 olterc
735 1060 878 1121 nobiliore
892 1063 1079 1139 grammatico
1095 1062 1200 1143 aliquid
1216 1083 1289 1144 ope-
1315 1072 1345 1120 lo

124 1182 173 1224 rae
188 1163 293 1224 datum
310 1182 379 1224 esse
395 1163 442 1224 vir
457 1163 557 1242 paucis
572 1162 685 1224 indiciis
701 1163 917 1241 cognoscimus.
961 1164 1161 1226 Memorantur
1175 1166 1290 1245 quidem

124 1266 154 1326 in
170 1265 297 1327 scholiis
314 1264 462 1345 Apollonii
476 1264 593 1335 Rhodii,
608 1264 744 1337 Comani,
760 1266 932 1339 Aristarchi,
947 1266 1083 1339 Cratetis,
1099 1266 1226 1341 Seleuci,
1241 1269 1292 1330 nt-

123 1368 202 1448 dpmi
218 1368 360 1439 nomina,
383 1368 436 1429 sed
456 1366 528 1429 locis
549 1367 702 1447 perpaucis
717 1374 803 1446 etque
818 1368 875 1439 sic,
895 1379 926 1430 ut
941 1369 1146 1430 recensionem
1162 1370 1290 1431 diversa·

122 1489 207 1543 rum,
233 1471 339 1549 quales
357 1468 582 1531 llomericorum
603 1469 765 1531 carminum
785 1470 915 1541 luerunt,
940 1489 1006 1531 rara
1026 1479 1138 1532 tanturn
1158 1477 1186 1532 et
1205 1491 1291 1552 parre

123 1571 246 1650 vestigia
263 1578 432 1649 appareant.
477 1569 624 1649 Quidquid
639 1576 735 1631 autem
751 1570 923 1633 diversitatis
938 1580 1128 1644 memoratur,
1144 1573 1174 1634 in
1190 1573 1289 1653 singu-

124 1674 159 1735 lis
176 1672 316 1735 versibus
330 1682 379 1734 aut
392 1672 579 1751 reprehensis
592 1680 642 1733 aut
656 1671 767 1743 eiectis,
787 1671 881 1734 autin
896 1673 1041 1735 vocabulis
1057 1675 1175 1735 mutatis
1191 1677 1290 1736 consi-

123 1778 189 1847 stit,
211 1776 383 1837 unirersam
404 1772 542 1835 carminis
563 1772 809 1853 compositionem
829 1792 890 1836 nou
905 1775 1029 1854 attingit:
1050 1784 1079 1836 ot
1093 1775 1290 1847 Plutarchum,

123 1898 158 1939 er
179 1878 270 1939 maius
294 1874 512 1938 commentariis
531 1892 593 1936 non
612 1892 704 1953 pauca
718 1894 734 1935 a
750 1874 854 1936 Proclo
871 1884 981 1937 serrata
997 1876 1153 1952 babemus,
1168 1898 1228 1940 non
1244 1880 1289 1940 di-

124 1999 243 2042 11111111
265 1977 302 2040 ab
330 1978 396 2051 bac,
421 1995 494 2056 quae
514 1993 594 2038 nunc
612 1985 671 2050 est,
698 1975 834 2039 carminis
860 1978 986 2040 lormsm
1012 1986 1154 2042 tractasse
1179 1981 1288 2061 liquido

123 2089 250 2145 comtet.

211 2185 280 2247 Una
295 2189 409 2244 tantum
424 2179 566 2260 insignior
579 2180 738 2243 editionum
755 2181 905 2243 diversitas
921 2184 991 2244 baec
1006 2184 1071 2256 luit,
1087 2185 1166 2265 quod
1180 2203 1288 2263 prooe-

123 2288 203 2359 mio,
218 2306 245 2346 1.
266 2285 394 2357 1-10,
409 2282 564 2345 nonnullae
579 2291 748 2353 caruerunt,
769 2284 853 2345 ciuus
868 2284 909 2345 rei
925 2286 983 2346 duo
999 2294 1096 2347 extant
1111 2286 1287 2357 testimonia,

120 2391 249 2452 alterum
278 2386 451 2457 Pausaniae,
478 2386 528 2464 qui
553 2386 589 2447 sb
613 2386 761 2447 lleliconis
786 2387 892 2448 accolis
919 2389 1148 2451 vetustissimum
1165 2380 1290 2472 Ἔργων

120 2491 296 2569 exemplum
316 2488 372 2549 sibi
385 2495 581 2549 monstratum
596 2506 662 2549 esse
681 2496 779 2550 narrat
791 2494 798 2530 ¹
811 2491 855 2565 ³),
875 2490 1020 2569 plumbeis
1041 2491 1145 2553 tabulis
1161 2490 1286 2570 inscrip-

118 2604 202 2666 tum,
231 2591 318 2653 cruos
341 2589 456 2652 initium
482 2589 598 2651 liereta
619 2607 705 2650 versu
731 2591 783 2663 ll,
808 2591 927 2653 omissis
952 2593 1050 2652 elecem
1074 2592 1285 2672 superioribus,

118 2697 247 2758 alterum
278 2692 486 2771 Praxiphanis,
517 2710 604 2771 quem
632 2691 754 2753 Procles
784 2696 872 2753 relert
884 2700 890 2735 ¹
904 2697 933 2769 ⁴)
965 2694 1129 2772 exemplum
1156 2695 1286 2774 Operum

118 2787 393 2877 ἀπροοιμίαστον
407 2812 423 2854 a
437 2812 469 2854 se
483 2792 578 2853 visum
599 2811 857 2856 commemorasse.
901 2796 1053 2856 Eiusmodi
1070 2797 1200 2874 exempla
1216 2814 1285 2856 num

117 2898 166 2961 alii
181 2915 307 2978 quoque
326 2894 507 2974 grammatici
523 2894 658 2967 viderint,
678 2914 740 2957 non
759 2897 860 2976 liquet:
879 2899 1046 2960 damnatum
1069 2907 1163 2958 tamen
1178 2917 1286 2978 prooe-

117 3000 214 3062 mium
230 3017 249 3060 a
263 2997 399 3077 principe
410 2996 577 3059 criticorum
591 2997 771 3070 Aristarcho,
787 2998 822 3060 ab
837 3000 898 3061 aliis
914 3000 1113 3062 addubitatum
1129 3020 1194 3061 esse
1206 3000 1284 3061 vide·

118 3106 264 3175 11111115).
286 3133 319 3143 -
338 3098 397 3160 Sed
409 3097 656 3178 quemadmodum
672 3099 701 3161 bi
717 3100 816 3161 decem
828 3119 930 3161 versus
945 3100 980 3162 eb
996 3102 1091 3181 aliquo
1103 3102 1204 3163 adiecti
1220 3122 1285 3162 esse

119 3205 273 3277 ridentur,
297 3200 347 3281 qui
367 3218 463 3263 cerere
488 3218 605 3261 carmen
624 3201 779 3280 prooemio
800 3220 861 3263 non
880 3203 985 3264 debere
1004 3204 1218 3280 iudicarem),
1244 3204 1287 3265 sic

192 3436 234 3499 la)
252 3434 309 3485 Lib.
321 3432 366 3485 ΙΧ.
379 3449 401 3483 c.
413 3432 454 3497 31,
466 3433 495 3482 l:
512 3431 647 3486 Βοιωτῶν
659 3430 691 3484 δὲ
709 3433 738 3485 ol
750 3435 815 3503 περὶ
828 3433 878 3487 τὸν
888 3432 1018 3487 Ἑλικῶνα
1036 3436 1173 3494 οίκοῖντες
1185 3454 1284 3504 ττιιρει-

122 3522 251 3591 topper,
262 3514 330 3590 δόξῃ
339 3518 479 3586 λέγουσιν,
488 3513 525 3575 ὡς
535 3512 740 3577 ἄλλοἩσίοδος
752 3515 868 3585 ποιήσαι
876 3517 959 3572 οὐδὲν
971 3513 986 3585 ἢ
999 3517 1031 3572 111
1041 3520 1116 3589 ἔργα·
1122 3525 1168 3572 aab
1179 3517 1284 3575 τούτων

123 3604 154 3657 δὲ
171 3604 204 3657 τὸ
221 3599 251 3662 ἔς
264 3601 314 3661 τὰς
327 3598 448 3659 Μούσας
459 3598 614 3673 ἀιμιιροῦσι
632 3608 787 3674 προοίμον,
802 3602 891 3674 ἀρχὴν
904 3605 950 3669 τῆς
963 3600 1102 3670 ποιήσεως
1119 3605 1189 3658 sirus
1210 3607 1240 3657 τὸ
1255 3608 1283 3664 t,-

124 3687 295 3761 τὰςἘριδυς
309 3689 447 3757 λέγοντες·
464 3690 512 3738 καί
521 3704 573 3755 μοι
589 3683 728 3756 μόλιβδον
741 3686 916 3749 tetenebrae,
931 3687 1001 3742 ἔνθα
1016 3687 1029 3756 ἡ
1044 3686 1173 3760 1111111111
1189 3692 1280 3745 πολλὰ

124 3774 181 3827 υπὸ
193 3770 246 3827 rori
254 3768 361 3843 χρόνον
373 3773 596 3842 λελυμασμένον·
607 3774 766 3843 γέγραπται
778 3771 807 3826 d
821 3771 895 3828 ἐν’
864 3774 938 3825 eorm
949 3772 982 3826 τὰ
988 3770 1056 3845 Ἕργ
1039 3795 1082 3827 vm

195 3861 237 3921 11)
254 3859 371 3910 Pinnem.
384 3858 501 3909 scheller
514 3874 537 3924 p
548 3858 601 3907 31.
616 3855 764 3910 6111111111
779 3858 848 3911 δὲ
821 3877 852 3910 το
867 3858 1022 3930 προοίμιόι
1035 3861 1179 3919 11111111
1147 3866 1285 3947 1ρ11υμισ

124 3942 221 4017 ὥσπερ
239 3940 321 3996 ἄλλοι
336 3945 425 3996 τεκαὶ
440 3940 619 4013 Ἀρίσταρχος
635 3940 725 4010 ὀβελίζ
725 3961 765 3998 mv
780 3943 844 4003 τοὺς
860 3950 983 4013 στίχους,
1005 3950 1051 3998 καὶ
1069 3946 1218 4023 Πραξιφιιὲι
1222 3966 1283 4013 ης
1268 3968 1283 3998 ‹

124 4049 173 4083 1ου
158 4023 372 4100 &compactae
383 4022 519 4097 μσθητης,
532 4027 605 4098 μηδὲ
617 4044 699 4081 τουτο
712 4047 869 4100 αγνοωμεν
895 4015 982 4089 Ουτος
992 4033 1089 4101 μέντοι
1103 4050 1136 4084 uu
1138 4032 1284 4101 ὶέντυχειν

124 4117 211 4185 φησὶν
227 4110 446 4183 ἆπρσοιμιᾶστῳ
469 4113 507 4180 τῷ
526 4114 622 4181 βιβλίῳ
643 4116 689 4167 acal
705 4111 854 4185 ἀρχομένῳ
871 4119 960 4186 χωρὶς
975 4118 1023 4183 τῆς
1044 4115 1213 4184 ἐπικλήσεως
1229 4119 1284 4169 τῶν

124 4202 255 4254 Μουσῶν
266 4199 406 4253 ἐντεῦθεν·
441 4193 531 4252 Οὐκ
515 4216 568 4268 spe
579 4200 688 4269 μοῦνον
699 4200 748 4266 ἔην
759 4197 862 4273 ἐρίδων
872 4205 959 4272 γένος.

191 4289 233 4350 15)
253 4286 333 4337 Velut
344 4286 376 4336 ab
387 4285 529 4336 Herodinno
546 4286 571 4336 ir
583 4285 715 4339 Villoisou.
744 4287 839 4339 hnecd.
852 4287 874 4339 11
886 4304 909 4355 p.
923 4288 1031 4339 8911111
1045 4286 1139 4339 Walzii
1151 4287 1223 4337 llbet.
1237 4286 1282 4337 Gr.

125 4370 296 4440 11111586.

192 4458 232 4520 16)
253 4457 378 4509 Fortasse
395 4471 410 4507 a
428 4457 550 4525 rbepsodo
567 4472 667 4510 carmen
687 4459 711 4508 111
728 4458 811 4527 ulique
829 4459 942 4510 ludorum
960 4464 1084 4509 conventu
1103 4455 1234 4505 recitante.
1257 4452 1284 4505 111
