3266 5140
653 454 853 551 Ab„

176 648 275 724 maone
288 642 325 705 ab
339 643 441 706 eadem
462 644 553 725 stirpe
566 642 730 724 repetierit,
752 646 902 724 trapeam
919 649 1016 705 autem
1035 652 1064 705 et
1082 654 1161 706 moto
1179 643 1264 724 plane
1280 644 1327 706 di-

174 766 273 809 versae
293 747 414 827 originis
432 766 498 809 ease
517 746 632 809 cuilibet
650 745 837 808 mediocriter
859 746 891 808 in
916 746 1086 809 huiuamodi
1111 746 1329 828 quaestionibus

175 858 289 912 versato
304 857 437 930 apertum
451 870 518 912 esee
533 850 645 913 debeat

258 952 298 1015 lta
319 971 411 1033 quum
425 961 558 1015 nostram
573 952 610 1014 de
624 972 695 1015 voca
710 962 788 1014 meta
801 953 974 1014 emteutiam
990 951 1166 1024 rationibus,
1187 960 1221 1014 ut
1234 952 1265 1013 iu
1280 952 1327 1014 tall

174 1066 292 1135 tamque
306 1055 438 1119 iutrieata
447 1055 625 1136 memnone,
639 1054 710 1116 eatis
724 1053 924 1134 probabilibus
939 1054 1105 1117 defendisse
1120 1054 1277 1127 videamur,
1291 1055 1328 1116 de

174 1159 313 1221 adertim
325 1163 428 1221 metim
442 1176 504 1221 non
519 1157 643 1238 amplius
659 1156 802 1219 dbmrere
816 1177 892 1238 opua
907 1164 961 1219 eet
983 1158 1111 1238 Apparet
1125 1155 1203 1219 enim
1218 1175 1271 1237 per
1286 1177 1326 1227 se,

174 1262 233 1323 boo
246 1263 283 1324 de
294 1263 329 1324 iie
340 1261 397 1324 diei
408 1260 553 1335 debriare,
564 1279 639 1341 quae
649 1269 720 1322 sunt
729 1259 925 1322 univeritatia
936 1261 973 1322 ad
984 1277 1107 1340 mulque
1116 1259 1279 1339 pertinentt
1289 1264 1328 1333 ⁴l‚'

174 1365 242 1426 etei
258 1382 358 1427 venam
372 1373 431 1438 eat,
447 1364 526 1445 quod
542 1364 579 1425 de
593 1362 733 1426 Meddiea'a
747 1363 959 1442 significatione
973 1361 1199 1443 proposuimus.
1213 1361 1324 1424 Medde'-
1350 1374 1380 1425 le

175 1486 237 1529 eene
254 1471 375 1531 mama·
392 1484 458 1529 ease
472 1476 640 1529 emmeram
653 1466 714 1527 aive
727 1466 820 1527 mavis
835 1465 981 1528 menn
994 1468 1199 1527 mentone.
1230 1464 1328 1527 Unum

175 1579 270 1631 tamen
297 1569 403 1632 addere
427 1568 505 1642 libet,
530 1570 567 1631 de
590 1566 673 1630 urbis
695 1565 788 1630 futter·
810 1568 939 1630 nomine.
982 1568 1065 1630 llane
1085 1567 1329 1642 Ptolemaeua⁴³l

174 1681 387 1734 commemorat
404 1672 435 1734 in
450 1671 571 1734 Samnio
586 1670 663 1733 inter
676 1670 764 1733 Alifae
779 1677 809 1731 et
821 1670 977 1743 Telesiam,
999 1669 1171 1749 videturque
1184 1669 1329 1731 reeentio-

173 1774 256 1835 ribue
280 1773 428 1854 plerisque
448 1772 550 1835 eadem
571 1792 651 1847 esee,
677 1791 751 1852 quae
772 1773 842 1835 alias
862 1774 991 1853 Aequam
1011 1775 1131 1834 mtieam
1152 1770 1328 1846 dieitur⁴⁰).

173 1877 255 1939 ldem
274 1894 385 1938 nomen
405 1875 482 1938 baud
500 1875 589 1938 dubie
607 1876 821 1938 restituendum
836 1884 882 1937 eet
896 1875 926 1938 in
940 1874 1073 1938 Doaitbei
1088 1873 1214 1954 quadam
1228 1891 1329 1937 nura·

174 1980 254 2040 tione
268 1980 345 2059 apud
357 1977 569 2040 Plutarchum*
580 1981 619 2054 ²),
635 1978 684 2040 ubi
698 1995 780 2040 nnuc
792 1980 934 2057 seriptum
946 1985 993 2038 est
1005 1970 1150 2052 Τούξιον.
1172 1975 1328 2038 dositheus

173 2083 251 2144 bane
273 2081 378 2145 urbem
403 2073 612 2165 μητρόπολιν
630 2077 695 2142 τῶν
707 2077 875 2143 Σαυνιτῶν
898 2079 980 2142 dicit:
1003 2079 1084 2159 quod
1105 2078 1131 2140 el
1151 2096 1252 2141 rerum
1274 2087 1328 2152 eet,

242 2305 285 2367 ll)
304 2304 366 2356 lline
377 2307 452 2358 etiarn
465 2307 496 2357 de
513 2305 584 2358 boola
597 2306 729 2373 publicatio
744 2306 793 2357 diet
810 2304 904 2370 potnit,
916 2318 1019 2371 umque
1031 2303 1237 2368 significationem
1248 2319 1329 2369 agno-

175 2405 248 2442 aeere
260 2391 319 2443 niti
331 2390 421 2442 videor
432 2392 455 2442 in
469 2393 519 2444 tab.
534 2392 603 2444 flant.
617 2409 641 2441 v.
659 2391 700 2443 22.
720 2390 764 2441 23:
779 2408 830 2459 pua
845 2394 967 2443 monneto
978 2391 1051 2456 suat,
1068 2392 1162 2442 toartieo
1177 2390 1254 2443 una
1270 2392 1293 2441 lt.
1305 2406 1329 2440 e.

173 2491 240 2542 pune
251 2478 354 2527 mrem
362 2477 455 2541 suerit,
464 2476 565 2546 publiea
575 2481 639 2529 arto.
664 2476 732 2527 llaec
743 2491 839 2543 quoqne
853 2475 950 2527 Grotel.
963 2492 987 2542 p.
996 2474 1026 2526 18
1039 2475 1112 2540 longe
1121 2475 1197 2527 aliter
1205 2476 1330 2543 interpre-

174 2570 256 2613 tatur:
274 2578 324 2628 quo
338 2560 428 2628 (lage)
445 2564 570 2613 cerritum
585 2565 682 2627 suerit,
697 2577 808 2630 proram
824 2566 887 2612 eale.
911 2560 960 2611 Sed
977 2562 1033 2626 quia
1050 2562 1148 2612 tandem
1162 2578 1212 2630 pae
1223 2577 1268 2629 pro
1281 2578 1331 2629 quo

174 2648 297 2714 neoipiet?
315 2662 388 2714 quum
401 2647 426 2697 in
440 2646 550 2698 ablativo
560 2647 615 2716 ped
625 2647 707 2714 potius
720 2647 811 2697 dietum
823 2662 880 2696 esee
891 2645 1005 2710 analogia
1023 2646 1196 2696 demonstrare
1208 2645 1330 2697 videatur.

174 2733 256 2785 Porro
268 2737 385 2783 acoemeto
402 2748 481 2798 neque
496 2733 559 2783 idem
578 2733 642 2799 qnod
655 2731 761 2798 simplex
774 2736 861 2783 cenato
873 2749 897 2782 v.
911 2735 1023 2783 cenetam
1036 2746 1093 2781 esee
1105 2732 1245 2795 credemur,
1257 2739 1286 2782 ut
1297 2746 1330 2782 aa

175 2818 250 2885 plane
263 2818 370 2868 otioeuau
383 2818 426 2877 eit,
438 2832 518 2884 neque
528 2833 597 2881 vero,
610 2833 672 2884 quae
680 2817 762 2867 altera
772 2815 964 2868 eatflrotefenali
974 2816 1126 2880 nonientana,
1136 2831 1181 2883 pro
1189 2818 1217 2867 fn
1225 2820 1330 2877 amulo,

178 2906 212 2965 (in
226 2905 323 2968 earam)
336 2903 492 2969 reeipienoa,
506 2904 701 2970 qnandoquidem
712 2902 849 2953 ablativum
862 2904 975 2954 novimus
987 2903 1012 2953 in
1024 2901 1043 2954 d
1053 2903 1173 2964 litteram,
1185 2918 1234 2953 non
1247 2904 1272 2954 in
1284 2918 1330 2952 an·

174 2990 231 3041 dam
243 2988 356 3041 voealem
367 2990 470 3039 exliaae.
495 2989 607 3057 Denique
620 2993 709 3040 toota’oo
722 3004 767 3055 pro
779 2988 898 3039 adverbio
911 2988 996 3039 baberi
1006 2995 1033 3039 et
1041 3004 1087 3056 per
1093 3003 1203 3057 prorsus
1214 3015 1248 3027 -
1260 2988 1331 3055 quani

177 3076 246 3125 dleaa
265 3074 378 3127 totabter
389 3102 423 3110 —
435 3074 563 3138 converti,
581 3075 638 3124 mibi
656 3075 754 3140 quidem
771 3089 855 3139 parurn
873 3072 1000 3140 probabile
1020 3075 1128 3125 videtur.
1158 3073 1228 3139 Quod
1248 3080 1331 3123 auum

176 3159 275 3210 Grotef.
288 3160 319 3210 ud
332 3158 472 3211 Umbrieum
486 3159 600 3210 todcome
612 3166 745 3225 provocat,
757 3159 821 3223 quod
834 3159 931 3224 quidem
947 3158 993 3225 ipsi
1003 3175 1115 3227 prorem
1133 3156 1274 3222 eignifleare
1291 3158 1331 3206 vi·

174 3245 260 3295 detur:
279 3244 383 3310 primum
401 3260 553 3311 nequequam
565 3251 635 3294 eerta
650 3251 689 3295 eat
703 3246 764 3295 baee
777 3242 906 3296 Umbritae
923 3244 993 3295 vocia
1009 3243 1172 3308 aignidmtim
1190 3243 1292 3304 deinde,
1309 3244 1331 3292 ai

174 3329 283 3380 mirae
298 3336 369 3380 eerta
386 3329 431 3396 ait,
447 3336 616 3396 taruennam
634 3330 707 3394 longe
724 3333 816 3381 tontieo
832 3345 847 3379 a
864 3330 978 3381 indemne
993 3329 1082 3391 dietat,
1100 3328 1206 3395 quilibet
1221 3328 1331 3379 animad-

175 3415 262 3466 vertit„
296 3414 336 3465 Ex
353 3420 440 3465 noatra
451 3414 660 3481 interpretatione
670 3430 721 3481 poa
736 3420 777 3464 ert
794 3415 911 3465 nominat
925 3415 989 3478 ring.
1001 3413 1059 3464 fem.
1072 3413 1226 3479 prononlaia
1236 3417 1278 3482 pla
1291 3414 1330 3464 vel

173 3504 214 3567 pa}
228 3503 350 3551 mreemlo
362 3500 446 3550 femin.
459 3500 584 3567 participii
593 3499 663 3550 verbi
676 3515 796 3551 censerem
809 3515 863 3551 enm
875 3516 909 3551 nn
921 3499 1060 3566 compositi,
1072 3498 1159 3549 eodem
1171 3514 1254 3561 aenan,
1268 3500 1332 3566 quod

174 3585 241 3652 apud
253 3584 356 3636 Latinos
369 3587 396 3635 in
407 3585 558 3652 privativum
570 3584 742 3651 anteponitur:
757 3588 848 3636 tor-tien
860 3585 965 3651 denique
979 3585 1037 3633 item
1051 3585 1167 3633 nominat.
1180 3583 1237 3634 fem.
1250 3598 1264 3634 n
1278 3588 1331 3634 toe-

176 3673 217 3721 tiu
229 3684 249 3719 a.
264 3673 381 3721 tortione.
412 3671 446 3721 Et
463 3672 493 3721 de
508 3672 553 3721 bae
566 3672 738 3722 femininorum
752 3668 927 3719 terminatione
941 3668 964 3717 in
976 3684 990 3717 ο
1004 3681 1079 3732 sopra
1092 3666 1198 3717 diaimua
1216 3673 1267 3717 not.
1285 3666 1330 3725 ³63
1429 3686 1432 3697 ·

175 3754 359 3806 substantivum
375 3762 471 3817 autern,
488 3772 536 3821 quo
549 3757 610 3807 bueo
622 3756 713 3821 omnia,
725 3755 816 3805 adieet.
829 3770 883 3804 enm
896 3753 984 3820 pnrtle.
997 3757 1023 3801 et
1035 3752 1187 3818 pronomine,
1200 3751 1332 3803 referenda

176 3847 247 3901 aunt,
261 3841 324 3891 latet
340 3841 364 3890 ln
377 3841 490 3906 proxime
504 3841 710 3907 praecedentibus
726 3840 826 3890 tabulae
842 3838 940 3901 verbis,
958 3852 1020 3903 quae
1038 3836 1145 3901 intelllgi
1159 3852 1207 3887 non
1220 3844 1331 3904 pereunt,

176 3934 265 3993 eatque
282 3926 392 3979 fortarae
405 3927 502 3991 smnelo
516 3928 538 3977 b.
553 3943 575 3977 e.
584 3927 705 3993 semida:
726 3928 802 3989 bane,
819 3926 841 3976 ai
859 3926 914 3991 quia
926 3924 950 3975 in
963 3939 1040 3974 eenau
1053 3939 1100 3972 nou
1113 3923 1243 3989 proferena
1255 3929 1333 3985 earet,

177 4012 220 4063 len
232 4012 353 4079 publicari
367 4013 475 4064 iubebat.
493 4012 630 4064 Funnb'mn
641 4013 737 4078 quidem
750 4014 825 4063 etiam
837 4011 901 4078 apud
915 4016 1016 4061 veterae
1028 4008 1152 4061 Romanoa
1164 4025 1209 4077 pro
1223 4024 1250 4061 re
1263 4008 1334 4060 fumi·

177 4098 232 4148 llari
246 4100 336 4150 dietam
349 4099 411 4151 antia
424 4105 530 4149 eonetut

244 4202 286 4264 45)
304 4200 358 4252 Lib.
368 4198 400 4251 lll
409 4218 432 4268 p.
445 4200 501 4251 160.
520 4200 582 4250 lline
591 4199 768 4250 Tutiennorum
781 4200 904 4250 familiare
917 4214 1053 4263 cognomen
1066 4197 1230 4265 probabiliter
1243 4197 1334 4264 repetit

175 4286 196 4337 F
198 4286 311 4337 oreellin.
324 4302 344 4337 a.
358 4302 383 4335 v.
395 4286 427 4337 ef.
440 4284 518 4337 lneer.
530 4299 570 4350 ap.
583 4284 686 4336 Gruter.
698 4300 722 4350 p.
734 4282 865 4348 octxnl,
878 4283 894 4333 6
909 4322 914 4334 .
927 4322 933 4334 .
948 4320 954 4333 .
968 4282 1063 4349 ΒΟΕΧ,
1077 4283 1101 4334 8.
1114 4282 1183 4348 nlvl,
1195 4282 1219 4333 6.

245 4370 287 4433 46)
306 4370 364 4422 Vid.
376 4369 468 4420 Cellae.
481 4369 500 4420 l.
513 4385 538 4434 p.
551 4368 609 4418 87³.

245 4456 288 4520 lt)
306 4455 399 4507 Parall.
412 4454 457 4506 Gr.
471 4462 498 4505 et
508 4454 537 4506 ll.
550 4470 572 4505 e.
585 4453 617 4504 dl
630 4461 681 4504 tom
695 4453 715 4504 ll
727 4470 750 4521 p.
762 4454 811 4503 357
824 4454 934 4507 Tauebn.
