3178 5136
866 450 928 515 236

794 538 994 550 naq—u

314 646 375 711 κεη,
392 636 550 717 quidquam
565 637 776 719 probabilitatis
791 637 893 711 babet,
913 655 1005 717 ηιιιιιο
1020 654 1075 699 nec
1087 644 1201 700 tantum
1216 636 1255 700 sit
1268 637 1384 700 lacunae
1397 656 1461 719 spa-

315 738 389 800 tium
412 738 488 801 iuter
511 740 642 826 scdpyc
659 774 701 787 -
721 748 751 803 et
775 734 810 803 ἐν
827 739 899 815 τοῖς
918 734 998 822 περὶ
1015 733 1170 818 πλούτου,
1190 748 1222 802 ut
1239 739 1360 802 verbum
1380 738 1466 804 δοκεῖ

316 841 457 903 excidisse
470 842 561 904 rideri
571 844 678 922 possit,
692 851 722 906 et
731 842 854 905 mirifica
865 859 990 922 prorsus
1001 841 1114 905 ratione
1124 841 1195 905 illud
1207 836 1319 905 ndns
1329 844 1464 925 positum,

315 961 407 1024 ηιιιιιιι
421 945 612 1023 praecesserit
626 935 648 1008 ό
660 938 908 1027 παρεδώκαμεν,
921 960 984 1006 non
996 932 1020 1005 όί
1033 936 1282 1028 παρεδώκαμεν.
1294 979 1337 991 -
1361 946 1464 1008 listro-

315 1046 421 1109 dorum
437 1053 534 1108 autem
549 1046 740 1111 Philodemus
755 1047 920 1128 disputasse
934 1045 974 1108 sit
987 1054 1089 1109 ooutrs
1099 1064 1161 1121 eos,
1178 1047 1285 1128 quibus
1297 1047 1466 1129 Cynicorum

315 1148 428 1210 vivendi
450 1165 543 1228 genus
566 1148 732 1211 isciffimum
755 1157 784 1211 et
804 1148 931 1212 maxime
951 1147 1029 1211 cuns
1051 1167 1174 1212 vacuum
1200 1150 1361 1212 videretur:
1387 1145 1467 1231 πρδς
1570 1186 1571 1203 ι

314 1244 390 1323 τούς
404 1243 557 1334 ἐροῦντας
570 1239 661 1328 ἴσως,
683 1243 737 1313 ὅτι
752 1246 839 1314 πολι)
853 1243 1059 1336 κοοφοτότην
1073 1245 1132 1313 καί
1151 1245 1276 1338 ῥᾴστην
1294 1243 1328 1315 οἱ
1346 1245 1467 1314 ecstasi
1569 1268 1571 1307 2

315 1347 482 1436 διαγωγὴν
500 1347 693 1429 ποιοῦνται,
713 1349 781 1416 πᾶν
800 1345 905 1415 αὑτῶν
923 1364 1177 1436 περι[αιροῡν]τες
1198 1345 1249 1429 είς
1266 1350 1307 1416 τό
1328 1345 1466 1417 δινατόν.

312 1453 356 1515 lta
367 1454 445 1516 enim
456 1462 578 1535 apparet
587 1454 776 1518 scribendum
787 1474 853 1518 esse
862 1473 919 1536 pro
930 1474 967 1518 eo
979 1458 1060 1537 quod
1072 1457 1198 1520 editores
1215 1464 1392 1537 posuerunt,
1406 1450 1470 1516 πᾶν

314 1549 420 1618 αὐτῶν
434 1565 686 1641 περιόρέρονπες.
720 1556 762 1619 Cl.
781 1576 811 1638 p.
833 1558 882 1633 55,
904 1557 957 1620 12:
978 1551 1009 1623 εἶ
1028 1553 1206 1646 περιῄρηκό
1224 1579 1280 1635 τις
1298 1550 1414 1622 ἑαυτοῦ
1431 1551 1469 1619 τό

315 1653 400 1742 πρὸς
412 1653 515 1743 μηδὲν
529 1649 648 1741 ittoyor
661 1659 878 1723 κακοπαθεῖν.
894 1668 967 1741 etp.
984 1660 1035 1736 61,
1054 1664 1084 1724 1:
1104 1652 1144 1724 ι’ίν
1160 1656 1257 1747 ζῆλον
1272 1651 1399 1745 diplois
1417 1653 1471 1721 καί

313 1754 421 1845 φόβον
433 1751 573 1847 οίφόβων
591 1763 749 1846 περιαιρῇ
762 1781 815 1836 τις
830 1757 940 1825 αὐτοῦ.

399 1864 536 1945 Sequitur
549 1864 687 1945 deinceps
702 1865 784 1928 locus
799 1865 835 1927 de
849 1865 1015 1929 diutinum
1030 1867 1194 1930 commodis
1215 1875 1246 1930 et
1264 1863 1471 1938 incommodis,
1569 1884 1571 1924 ι

312 1965 416 2046 illsqus
429 1965 475 2027 his
490 1965 577 2047 longe
591 1966 675 2048 plura
689 1974 719 2028 et
733 1968 843 2030 maiora
857 1987 924 2030 esse
938 1970 1166 2045 demonstratur,
1184 1989 1222 2031 ex
1236 1989 1298 2051 quo
1315 1967 1471 2040 eonfidtur,
1568 1986 1571 2027 ι

313 2067 425 2131 dividas
450 2069 573 2150 sapienti
598 2087 782 2151 nequsqmm
807 2071 1037 2134 contemnendas
1060 2091 1136 2134 esse
1174 2072 1237 2135 Sed
1262 2073 1345 2135 bunc
1371 2071 1473 2143 locum,
1570 2090 1571 2127 ι

312 2170 450 2251 quonism
464 2170 582 2252 longior
595 2180 649 2246 est,
670 2173 799 2252 itemque
812 2174 990 2254 proximum,
1011 2174 1048 2237 de
1061 2183 1141 2238 recto
1157 2175 1305 2256 sapientis
1319 2192 1388 2254 erga
1403 2171 1471 2234 divi·
1570 2176 1571 2231 l

312 2273 366 2336 tiss
377 2271 487 2348 babitu,
502 2291 582 2337 nunc
593 2273 709 2356 pidem
721 2276 996 2355 praetermittemus,
1007 2296 1100 2358 eaque
1111 2278 1210 2340 statim
1222 2275 1473 2359 percensebimus,

311 2391 386 2454 quse
408 2377 445 2439 ds
468 2377 580 2457 optima
603 2376 716 2440 ratione
741 2396 833 2459 opum
856 2380 1054 2460 parandarum
1074 2390 1288 2462 proponuntur
1305 2398 1346 2461 p.
1369 2379 1422 2453 59,
1440 2378 1472 2440 b:

307 2470 424 2559 Ἡμεῖς
448 2473 485 2542 δὲ
507 2472 652 2561 λέγωμεν
670 2471 939 2554 ἀκολουθοῦντος
950 2489 1019 2556 δεῖν]
1039 2477 1098 2564 μὲν
1118 2484 1353 2561 [νῙοῑαίζεσιδαι
1377 2501 1474 2563 πορι-
1570 2498 1571 2539 l

311 2576 394 2661 σμόν
414 2572 540 2661 ἀῐρεωην
558 2569 644 2644 εἶναι
662 2578 719 2645 τόν
738 2577 940 2669 δορίκτητον,
960 2587 1166 2667 salomano,
1187 2585 1266 2650 otoo
1290 2578 1475 2669 ἐποιήσατο
1570 2604 1571 2623 ¹

313 2678 459 2761 [Γαλλίας
478 2677 717 2768 subnotatione
736 2681 795 2748 καί
814 2682 952 2763 Σκόπας
970 2681 989 2753 ὁ
1009 2684 1175 2764 Θετταλός
1194 2686 1256 2753 καὶ
1276 2683 1399 2769 Κίμων
1421 2680 1475 2747 καί
1570 2714 1571 2721 ¹

310 2782 436 2863 Νικίας
454 2780 486 2850 οἱ
496 2779 688 2873 Ἀθηναῖοι,
711 2782 903 2864 δοξοκόπον
918 2782 1109 2876 ἀνθρώπων
1124 2778 1227 2869 εἶναι,
1249 2787 1340 2854 κατὰ
1356 2780 1476 2875 σοφίαν

311 2895 361 2966 [δ’]
375 2880 557 2974 οόδετέραν,
572 2881 618 2968 ιός
627 2880 689 2954 siis
700 2886 810 2966 [albei
819 2887 1062 2979 μαρτνρήσαιεν
1073 2884 1106 2956 oi
1119 2886 1194 2975 βίοι
1203 2891 1274 2957 τῶν
1284 2888 1476 2957 τὰτοιαῦτα

311 2988 510 3080 γραφόντων.
545 2995 658 3058 Horum
672 2996 798 3077 primam
817 3006 930 3077 partem
951 3014 1015 3058 non
1032 3005 1113 3059 recte
1133 2997 1169 3059 ab
1188 2996 1363 3061 editoribus
1382 2994 1477 3077 exple-

311 3108 370 3160 tam
384 3115 451 3159 esse
465 3095 593 3177 quilibet,
613 3098 727 3179 opinor,
747 3097 956 3161 animadvertit.
986 3099 1118 3161 Primum
1139 3098 1218 3162 enim
1239 3100 1316 3163 illud
1337 3090 1476 3162 ἄκολον-

310 3200 449 3275 donnes
467 3198 538 3280 quid
557 3199 700 3281 significet
718 3219 813 3282 quove
831 3201 974 3281 pertineat
992 3219 1055 3265 non
1074 3210 1174 3282 potest
1192 3202 1330 3284 intelligi.
1367 3197 1478 3277 Quodsi

308 3302 367 3363 hoo
380 3320 436 3382 pro
452 3321 487 3363 eo
503 3302 611 3366 dictum
631 3323 697 3366 esse
715 3303 909 3377 crediderunt,
929 3304 1008 3383 quod
1028 3312 1073 3366 est
1088 3296 1216 3390 ἐφεξῆς,
1238 3313 1385 3368 emerunt
1402 3301 1477 3365 baud

310 3403 396 3466 dubie
405 3422 703 3487 magnopere3nequs
713 3406 836 3468 omnino
846 3414 947 3487 potest
957 3399 1156 3470 ἀκολουθεῖν
1165 3408 1250 3469 aliter
1262 3403 1478 3489 usurparinisi

255 3514 288 3565 32
309 3515 343 3569 ut
356 3515 406 3570 aut
420 3507 574 3570 adiunctus
590 3507 629 3569 sit
639 3508 751 3571 dativus
762 3509 825 3572 eius
837 3509 887 3584 rei,
902 3529 989 3590 ηιιειιι
1004 3510 1068 3590 quis
1084 3510 1225 3591 sequitur,
1244 3520 1300 3574 aut
1311 3510 1392 3574 adsit
1402 3516 1480 3569 certe

308 3610 339 3671 in
353 3609 537 3691 propinquo,
552 3611 631 3673 uude
645 3611 837 3675 adsciscatur:
852 3612 1017 3675 cuiusmodi
1032 3612 1105 3674 nibil
1119 3623 1166 3675 est
1179 3612 1210 3674 in
1226 3615 1319 3677 omni
1334 3614 1395 3676 boc
1414 3629 1479 3673 ver-

308 3713 415 3775 borum
434 3721 580 3777 contextu
613 3715 723 3778 Deinde
742 3706 875 3801 ἀρείων,
900 3735 959 3797 quo
979 3715 1119 3778 vocabulo
1147 3715 1316 3780 bellicosos
1342 3716 1479 3779 homiues

310 3815 466 3897 significari
485 3817 649 3892 voluerunt,
671 3826 824 3898 poetarum
844 3829 899 3895 est,
922 3828 950 3881 st
968 3838 984 3881 a
1003 3818 1166 3882 Philodemi
1186 3819 1331 3883 oratione
1354 3836 1481 3902 prorsus

307 3919 448 3995 abosum,
467 3919 532 4000 ipsa
546 3928 643 3982 sutem
658 3921 802 3984 sententis
823 3941 898 3993 „nos
912 3923 1044 3985 dicemus
1057 3933 1206 4004 ηαοαττκω
1224 3922 1377 3987 bellicum
1396 3920 1480 3985 belli-

308 4040 443 4083 eosorsm
456 4020 606 4084 δοκιινιιωι
625 4022 754 4085 iudicari
772 4023 892 4086 δίδοτε*
914 4042 985 4086 sene
1003 4042 1091 4105 quam
1110 4024 1221 4106 putida.
1260 4026 1374 4089 Melius
1395 4024 1483 4106 igitur

307 4124 405 4186 locum
420 4124 621 4205 supplebimus
636 4123 667 4185 in
681 4124 761 4187 huno
775 4125 912 4188 modum:
928 4119 1022 4212 ἡμεῖς
1036 4122 1075 4191 δὲ
1084 4125 1225 4210 λέγωμεν
1238 4119 1483 4193 ἀκολουθοῦν-

306 4225 421 4299 suleole
434 4233 557 4307 ἔφημεν
579 4227 816 4302 ο[δφαινετ]δαι
838 4224 1003 4314 πορισμόν
1028 4225 1165 4309 ἆ[γαοὸ]ν
1181 4217 1277 4293 εἶναι
1300 4227 1363 4303 τόν
1390 4222 1483 4312 δορί-

306 4349 433 4414 κτητον.
462 4328 524 4391 Nos
538 4330 678 4402 dicemus,
694 4334 895 4395 mortemer
908 4337 945 4396 ils
959 4353 1032 4415 ηικια
1042 4337 1265 4416 proposuimus,
1288 4354 1358 4399 ιιονι
1373 4335 1485 4398 bosom

305 4432 402 4494 sideri
418 4441 568 4512 ηκατεειιιιι
587 4431 729 4495 belliones
762 4433 796 4495 ln
815 4434 935 4516 reliquis
952 4435 1143 4518 Gocttlingius
1160 4454 1223 4499 rem
1246 4437 1332 4501 bene
1352 4437 1483 4502 admini-
