3190 5136
655 495 715 559 1¹7

585 584 786 599 ——nn-

99 686 215 766 httdligi
229 685 270 749 ab
283 685 323 749 iis
339 685 509 768 cupiebam,
529 685 579 767 qui
593 684 694 748 cadom
707 685 818 765 puriter
830 683 935 751 imbuti
949 693 1064 749 essent:
1085 688 1267 752 cernendus

98 797 195 852 autem
209 789 288 852 mibi
302 798 366 852 erat
379 797 484 871 poeta,
504 786 637 851 ethnims
658 786 776 868 quidem
790 788 850 863 ille,
862 788 914 851 sed
928 788 960 852 in
973 790 1073 853 multis
1088 797 1187 855 temen
1203 806 1268 853 ma-

9 900 11 913 '
99 892 224 974 qnisque
236 892 405 955 rehusnon
411 890 502 954 nimis
518 899 595 953 certe
609 908 677 953 oum
692 891 747 952 huc
760 889 912 971 disciph‘na
930 891 1117 968 discordans,
1136 894 1267 974 quemvis

9 984 11 991 '
99 1014 145 1071 ea,
165 1013 244 1076 quae
259 995 400 1069 sentiret,
416 995 513 1057 torma
527 992 688 1056 admodum
704 992 842 1055 dissimili
860 993 1012 1075 multoque
1031 995 1132 1059 minus
1150 996 1186 1059 ad
1205 1016 1267 1061 rem

96 1097 327 1160 accommodata
341 1097 482 1160 induens:
496 1114 570 1178 quse
583 1096 743 1158 termarum
759 1095 953 1176 discrepantia
963 1114 1054 1177 quum
1065 1099 1142 1179 apud
1153 1099 1267 1180 pleros·

97 1220 153 1282 que
162 1209 249 1263 recto
265 1219 368 1263 rerum
381 1199 537 1263 intellectui
551 1198 624 1262 adeo
640 1198 801 1273 offecisset,
819 1206 941 1279 atquae
956 1200 1060 1264 formis
1080 1200 1266 1278 dissiderent,

97 1304 186 1366 enam
200 1322 313 1384 reapse
326 1321 451 1384 prorsus
466 1302 581 1365 diversa
591 1320 658 1365 mse
673 1301 834 1377 crederent,
849 1319 910 1364 non
925 1320 998 1365 sanc
1011 1303 1173 1368 olfecissem
1188 1305 1266 1385 quod

97 1407 246 1481 salchem,
261 1405 323 1468 nisi
336 1424 401 1468 rem
416 1405 467 1482 ita,
485 1414 519 1467 nt
532 1404 654 1485 agnosci
673 1404 709 1466 ab
724 1404 862 1468 omnibus
877 1413 994 1486 posset,
1009 1406 1069 1468 hoc
1087 1414 1133 1469 ost
1150 1416 1266 1471 mutam

95 1511 195 1573 turma
208 1508 335 1571 ethnico
349 1515 453 1588 poetas
468 1506 597 1588 propris,
612 1506 724 1589 absque
738 1507 774 1571 ad
788 1515 962 1571 nostrornm
976 1508 1131 1572 hominum
1147 1518 1266 1592 captum

9 1598 10 1617 ¹
94 1611 372 1677 accommodatione
390 1609 523 1673 indutam
543 1609 779 1692 proposuissem.
819 1610 894 1674 Nam
913 1610 993 1691 qnod
1008 1611 1195 1676 llermsnnus
1217 1632 1265 1676 me

94 1735 124 1797 p.
143 1716 184 1778 tu
199 1712 293 1796 quasi
306 1730 428 1775 croesre
443 1712 576 1795 Aeschyli
589 1731 691 1776 manes
707 1719 736 1774 et
749 1711 877 1775 violento
892 1712 1067 1793 baptismate
1080 1713 1264 1779 Christianos

94 1820 193 1881 heere
206 1824 361 1892 autumat3
380 1832 443 1878 non
458 1834 581 1878 moveor
599 1815 725 1889 hestiis,
743 1816 795 1877 sod
810 1823 980 1896 argumenta
997 1816 1130 1898 requiro,
1156 1837 1230 1899 quse
1249 1838 1265 1882 a

94 1920 157 1982 uiro
172 1918 422 2000 ingeniosissimo
437 1917 515 1981 nulle
530 1926 581 1981 aut
595 1925 673 1980 certe
687 1936 750 1980 non
765 1936 833 1981 vera
851 1919 963 2000 prolata
985 1928 1070 1997 sunt3
1088 1938 1175 2000 quom
1197 1921 1265 2002 qui·

95 2023 164 2086 dens
179 2023 221 2086 ob
235 2021 269 2083 id
283 2021 394 2101 ipsum,
408 2020 488 2101 qnod
502 2020 697 2084 mesanum
714 2040 795 2084 arne
813 2022 876 2085 tisri
891 2023 1066 2104 Aeschylum
1085 2041 1172 2086 suum
1192 2040 1265 2104 que-

96 2125 189 2200 ritur,
208 2142 317 2187 uereor
336 2142 375 2186 ne
392 2122 476 2187 multi
495 2122 728 2187 Chnsbanorum
747 2123 832 2199 illud,
850 2124 930 2205 quod
950 2126 1075 2188 maxime
1090 2127 1129 2188 sit
1148 2126 1265 2188 christi-

96 2248 170 2292 anae
183 2227 341 2307 religionis
354 2226 519 2307 proprium,
533 2244 594 2308 quo
605 2226 675 2289 eniti
690 2226 832 2307 Aeschylo
844 2244 906 2289 non
920 2229 1014 2308 magis
1030 2247 1119 2308 quam
1130 2228 1265 2309 cuiquam

96 2332 134 2394 de
147 2330 302 2394 ueteribus
316 2329 485 2409 eontigerit,
504 2347 567 2392 non
582 2329 652 2393 satis
668 2329 819 2409 cognitum
841 2329 948 2392 hebere
967 2330 1073 2393 dicant
1116 2331 1175 2393 Sed
1194 2333 1267 2394 haec

97 2435 254 2518 disputare
268 2451 332 2495 non
346 2451 447 2495 meum
465 2439 524 2509 estc
550 2432 586 2495 de
605 2451 673 2495 mco
688 2440 784 2495 sumna
800 2432 976 2496 Prometheo
993 2434 1099 2509 soluto,
1123 2435 1264 2516 quemad·

97 2538 225 2601 modum
241 2535 323 2609 olim,
338 2553 430 2616 quum
445 2534 655 2610 comederem,
671 2536 710 2599 ita
724 2536 811 2599 etiam
825 2552 905 2598 nune
920 2536 1071 2616 profiteor,
1088 2539 1214 2603 sormam
1237 2541 1264 2604 ei

98 2650 129 2704 et
141 2642 278 2703 colorem
289 2638 468 2719 mtiquitstis
482 2638 672 2719 hsbitnmque
685 2637 877 2719 Aeschylenm
892 2638 1005 2713 deesse,
1020 2648 1050 2701 et
1063 2640 1264 2721 compluribus

99 2763 168 2807 curm
182 2742 266 2805 vitiis
279 2741 422 2815 laborare,
438 2760 512 2823 quae
523 2741 633 2822 peritos
648 2759 710 2804 non
725 2741 849 2822 fugient,
870 2759 887 2803 a
901 2759 950 2803 me
964 2749 1060 2804 summ
1080 2750 1114 2803 nt
1132 2762 1264 2806 comme·

99 2854 260 2909 moremur
279 2843 350 2905 nihil
369 2862 447 2924 opus
467 2853 519 2907 cst
560 2844 605 2908 Ad
624 2844 683 2907 duo
702 2852 801 2906 tamen
821 2844 857 2906 ab
871 2843 1044 2924 ⁵Hermanno
1064 2844 1137 2907 mihi
1153 2845 1264 2909 obieeta

99 2947 204 3030 paneis
218 2947 403 3028 respondero
415 2947 520 3027 placet
562 2946 711 3020 Primum,
726 2946 805 3028 quod
821 2954 907 3026 negat
921 2946 1100 3026 memiana
1118 2946 1195 3010 hanc
1207 2956 1271 3011 no··

98 3052 210 3114 minari
228 3068 336 3132 posse,
356 3049 423 3130 quis
445 3058 527 3113 metu
546 3058 575 3111 ot
589 3048 775 3111 miseratione
790 3056 898 3123 eareat‚
914 3048 1078 3113 iudicarunt
1092 3058 1194 3113 contm
1208 3050 1264 3126 elii,

99 3155 212 3217 horum
231 3152 388 3232 utriusqus
406 3158 521 3215 tannim
541 3152 651 3225 inesse,
674 3159 815 3231 qnantum
832 3151 904 3215 satis
919 3152 958 3213 sit
972 3152 1008 3214 ad
1029 3153 1193 3233 tragoedias
1207 3172 1265 3217 no·

100 3276 171 3320 meur
199 3255 322 3336 antiqno
345 3273 436 3317 sensu
460 3255 611 3317 tuendum.
655 3253 731 3317 Nam
757 3262 786 3316 et
810 3254 1000 3317 miseratione
1023 3256 1161 3317 lectorem
1179 3256 1265 3329 effici,

100 3379 197 3442 quum
209 3357 425 3421 Prometheum
444 3357 539 3420 videat
553 3374 710 3420 acmmnss
730 3375 799 3419 snas
819 3366 848 3419 et
868 3356 966 3419 solum
980 3363 1010 3417 et
1029 3375 1096 3420 cum
1112 3355 1265 3419 Titanibus

101 3467 345 3543 conquerentem,
360 3468 391 3523 et
403 3466 500 3533 metu,
520 3460 591 3522 dum
612 3459 756 3522 incertum
772 3459 820 3533 sit,
835 3460 1047 3540 persuaderine
1067 3458 1121 3522 sibi
1141 3459 1266 3523 salubria

101 3564 227 3628 consilia
241 3563 378 3644 patiatur,
393 3580 430 3625 an
445 3562 585 3643 persistat
597 3562 630 3624 in
644 3562 801 3642 pertinacia
815 3562 959 3629 exitiabili.
998 3562 1056 3624 Sed
1071 3570 1149 3625 esto:
1169 3563 1266 3627 serius

101 3666 272 3730 iudicaverit
285 3665 489 3738 Hermsnnns3
507 3683 571 3727 mee
585 3664 659 3727 nihil
672 3665 805 3740 interest,
821 3667 871 3746 qni
885 3682 1039 3745 nunquam
1058 3664 1267 3745 adspiraverim

101 3770 139 3833 sd
154 3777 262 3851 poetae
275 3767 374 3847 tragici
388 3766 513 3842 hadom,
528 3775 557 3830 et
570 3767 731 3848 optaverim
751 3767 824 3848 ipse,
837 3777 871 3830 ut
890 3786 966 3848 opus
987 3767 1057 3830 illud
1075 3767 1178 3848 aliquis
1197 3787 1266 3831 sus-

103 3873 216 3954 ciperet
228 3872 344 3952 poetice
358 3869 491 3933 insidiate
506 3888 554 3933 me
568 3870 662 3950 magis
676 3869 800 3950 pollens.
845 3871 932 3945 Quod
948 3877 1043 3933 eutem
1055 3888 1146 3951 porro
1163 3871 1267 3953 culpat,

104 3993 212 4037 omnes
227 3992 301 4055 quus
320 3973 458 4036 inducam
477 3990 620 4053 personas
640 3973 753 4052 spirare
772 3972 849 4035 ibam
870 3973 1036 4036 communis
1055 3972 1181 4036 cantius
1200 3974 1313 4055 ple-21

103 4094 175 4139 nam
189 4076 335 4151 uirtutem,
350 4093 441 4156 quem
453 4075 610 4138 christiana
620 4074 754 4137 docuina
768 4074 937 4156 praecipiat,
952 4075 1053 4137 nescio
1065 4094 1118 4139 cur
1129 4094 1265 4139 commn-

104 4198 174 4241 ncm
190 4179 341 4242 ceritatem
355 4178 441 4252 dicet,
457 4197 532 4258 quas
546 4176 669 4241 dicenda
682 4176 738 4240 luit
750 4177 911 4240 reverentia
925 4177 1019 4252 lovis,
1034 4194 1097 4241 non
1110 4187 1144 4241 ut
1157 4187 1265 4259 poten-

103 4281 213 4343 tissimi
225 4282 333 4356 solum,
348 4280 399 4343 sod
414 4289 448 4342 nt
461 4279 575 4361 optimi,
596 4280 625 4342 h
642 4300 667 4342 e
682 4287 716 4343 nt
728 4280 867 4360 sepientis
881 4288 912 4343 et
926 4281 996 4343 iusti
1015 4288 1044 4343 et
1062 4288 1184 4361 paterno
1199 4297 1267 4357 erga

104 4383 243 4447 homines
268 4401 370 4446 amore
395 4383 534 4463 praediti,
559 4382 672 4463 qualem
691 4381 789 4445 lovem
808 4390 838 4445 ct
855 4382 891 4444 ab
909 4383 1053 4465 Aeschylo
1078 4390 1107 4444 et
1126 4401 1144 4445 a
1162 4381 1266 4460 quovis

9 4482 11 4521 ¹
105 4486 228 4551 cordas
244 4485 321 4548 illius
336 4485 440 4548 aetatis
454 4484 571 4548 ethnico
587 4484 824 4558 medimnum,
841 4485 927 4560 satis,
944 4492 977 4547 ut
991 4484 1125 4557 arbitror,
1140 4482 1267 4545 demon
