3178 5136
573 453 773 556 Aa*

128 639 264 723 xenophon
278 644 417 725 praecipit
432 644 542 707 Oecon.
552 645 581 719 9,
592 643 621 707 8.
654 644 727 706 lteru
743 643 876 707 utensilia
894 643 1094 725 dispesceuda,
1111 662 1183 724 quac
1198 662 1251 705 eo·

126 763 177 807 run
200 746 317 827 ponde
341 755 371 809 et
391 766 467 828 quae
484 747 578 809 rarius
596 755 784 828 usurpentur,
810 747 932 809 ethaeo
958 745 1077 827 quidem
1107 764 1250 826 procura-

126 847 300 928 torilualreic
307 844 487 935 ἐφεστῶσι)
496 850 696 913 demandanda
705 868 780 925 esse,
791 849 848 931 ipsi
857 858 955 912 autem
963 849 1083 912 domiuo
1093 850 1252 912 identidem

126 951 393 1032 tnmamspirieuda,
408 970 445 1015 ue
454 953 570 1031 ignoret
577 952 648 1033 qnid
657 952 785 1032 supersit
799 961 828 1014 et
838 952 907 1032 quid
918 951 1046 1014 deliciet:
1060 971 1151 1033 porro
1167 953 1252 1015 aedes

125 1053 277 1118 etadrernru
287 1056 452 1119 custodiam
463 1063 493 1117 et
500 1056 752 1119 conservationem
761 1063 792 1118 et
800 1056 835 1117 ad
845 1055 1001 1117 hominurn
1013 1055 1253 1118 commoditatem

124 1157 331 1223 drdubritetcm
339 1167 423 1239 aptae
430 1177 496 1220 erse
504 1168 649 1240 oportere,
657 1158 737 1220 cellis
745 1165 774 1220 et
781 1158 966 1221 conclavibus
975 1159 1080 1238 cuique
1087 1176 1187 1221 rerum
1195 1159 1252 1219 ho-

123 1257 266 1341 uirumque
276 1260 377 1341 genui
388 1261 625 1323 consedentibus
641 1260 809 1335 instructas,
826 1260 941 1341 situque
951 1259 987 1322 ad
997 1260 1192 1323 valetudinem
1203 1279 1252 1323 aa·

123 1359 431 1445 hirimfflratastquae
443 1364 542 1427 omnia
552 1363 660 1444 pariter
669 1361 891 1443 allenophoute
900 1362 1117 1443 praecipiuntur
1128 1362 1253 1444 eap.9,2

122 1480 184 1545 sqq:
199 1466 320 1547 deniqne
339 1465 492 1529 ianitorem
512 1485 631 1547 quoque
647 1459 825 1550 (θυρωρόν)
842 1465 1077 1528 consumendum
1093 1461 1179 1549 πρὸς
1191 1460 1252 1549 τήν
1273 1478 1306 1528 20

122 1560 258 1653 ννκηρίαν
264 1566 332 1631 τῶν
343 1560 582 1655 εἰσφερομένων
594 1562 653 1630 καὶ
668 1560 903 1652 ἐκφερομένων,
918 1569 948 1630 b.
957 1588 981 1630 e.
997 1587 1035 1631 ne
1044 1568 1160 1631 baudes
1170 1585 1254 1629 ccm-

121 1667 276 1734 nittantura
291 1671 402 1734 familia
416 1672 492 1733 circa
504 1689 554 1733 res
569 1668 696 1751 quaerel
709 1681 896 1750 reponuntur
909 1673 940 1733 in
953 1672 1074 1735 aedhus
1090 1671 1133 1733 rel
1147 1688 1254 1751 expro-

121 1780 229 1834 nuntur:
242 1792 316 1854 quae
331 1774 432 1836 omnia
446 1781 600 1855 praecepta
609 1773 645 1835 ad
662 1792 782 1854 magnes
794 1775 886 1837 multo
897 1776 991 1856 magis
1002 1794 1090 1856 qnam
1101 1775 1137 1837 ad
1148 1792 1254 1854 parvas

121 1877 284 1940 eunomios
300 1884 436 1958 spectare
450 1885 480 1939 et
494 1895 548 1938 sua
567 1884 676 1956 sponte
696 1884 817 1958 apparet
835 1887 865 1939 ct
882 1877 946 1958 ipse
959 1878 1180 1959 'lheophrestus
1200 1877 1254 1939 ad-

121 1987 208 2040 ntnet
233 1979 285 2041 flb
299 1979 409 2042 deinde
423 1979 523 2042 statim
538 1978 702 2059 subitmgit:
718 1977 804 2063 πρὸς
818 1971 1010 2064 εὐχρηστίαν
1025 1975 1063 2043 dd
1076 1976 1198 2043 σκευῶν
1211 1975 1254 2041 cd

120 2078 297 2145 Λακωνικὸν
313 2081 389 2161 (scil.
404 2075 565 2166 χρήσιμόν
578 2075 680 2159 ducti·
693 2077 752 2166 xcvj
769 2078 830 2166 γὰρ
845 2072 880 2144 ἓν
895 2075 1034 2145 ἕκαστον
1048 2077 1082 2144 ἓν
1094 2078 1137 2166 τῇ
1157 2072 1257 2143 αὑτοῦ

117 2173 190 2268 κόρᾳ
200 2186 355 2248 κεῖσθαι·
376 2176 460 2247 οὕτω
476 2180 538 2267 γὰρ
553 2173 594 2245 da
609 2179 742 2264 ἕτοιμον
757 2175 795 2246 ὃν
810 2176 848 2245 od
861 2181 1004 2269 ζητοῖτοτ
1020 2184 1125 2265 quibus
1140 2184 1256 2262 gemina

120 2295 174 2347 aaut
188 2306 257 2367 quae
269 2286 484 2350 Ischomachus
503 2286 588 2348 uxori
607 2285 747 2367 praecipit
766 2286 843 2367 apud
858 2286 1085 2367 Xenophontem
1105 2303 1168 2365 cap.
1183 2284 1212 2360 8,
1226 2287 1256 2348 2.

120 2383 142 2446 3.
153 2385 196 2450 20.
222 2390 410 2453 llanilestum
424 2401 470 2451 est
483 2396 580 2452 antem
594 2388 653 2450 hoc
667 2407 786 2468 quoque
800 2389 836 2451 ad
852 2389 988 2470 copiosas
1009 2389 1108 2470 potius
1127 2397 1156 2450 et
1173 2387 1256 2452 locu·

119 2487 190 2565 daca
204 2492 313 2555 domem
328 2510 416 2572 quam
430 2492 468 2554 ad
482 2509 601 2571 warin
617 2501 646 2553 et
659 2500 812 2571 angustm
827 2510 888 2554 rem
912 2492 1080 2554 familiarem
1099 2492 1256 2571 pertinere,

119 2589 264 2657 tdeesdem
280 2593 383 2673 igitar,
398 2595 436 2656 ad
450 2612 524 2674 quas
538 2594 625 2656 etiem
639 2594 754 2656 Persica
769 2594 981 2657 administratio
997 2594 1149 2674 pertinuit,
1166 2593 1211 2655 cui
1226 2594 1257 2654 in

118 2696 302 2774 superioribus
320 2697 486 2759 adiunctam
506 2696 633 2759 vidimus
653 2697 824 2759 Laconicam
846 2692 946 2778 (πρὸς
965 2690 1004 2759 δὲ
1022 2692 1169 2780 φυλακήν
1186 2695 1259 2769 τοῖς

117 2813 147 2857 se
155 2797 328 2884 Περσικοῖς
342 2793 502 2884 συμφέρει
516 2795 666 2883 χρῆσθαι
679 2793 737 2860 καὶ
751 2799 822 2874 τοῖς
835 2799 1072 2874 Λακωνικοῖς),
1089 2797 1257 2878 oppositam

119 2915 173 2960 tero
184 2902 310 2965 Atticam
324 2902 616 2975 administrationem,
632 2919 787 2982 parvarum
803 2901 878 2963 illam
894 2901 1048 2975 domuum,
1063 2900 1136 2962 etin
1151 2899 1258 2980 quibus

118 3000 155 3063 rir
166 3022 237 3085 opus
252 3005 295 3067 sit
307 2996 450 3087 ταμιείῳ
464 3012 494 3065 et
508 3002 688 3066 accuratiore
702 3004 833 3095 cpstodia
853 3013 883 3066 et
900 3004 1103 3085 dispositione.
1132 3004 1169 3065 Et
1189 3021 1259 3065 sane

118 3102 234 3182 lumb,
255 3107 454 3188 Theophrasti
472 3107 644 3186 praesertim
664 3116 770 3181 aetate,
790 3124 953 3187 perpaucos
975 3107 1080 3169 vixisse
1104 3106 1205 3169 divites
1230 3114 1260 3167 et

117 3208 271 3286 cubator,
287 3210 443 3291 plerosque
457 3226 602 3289 pauperes
617 3216 646 3270 et
659 3209 689 3271 in
704 3209 783 3271 tenui
797 3226 830 3271 re
844 3209 990 3283 familiari,
1004 3227 1091 3271 nemo
1108 3209 1258 3281 dubitabit,

117 3324 168 3371 nou
179 3313 270 3392 magis
286 3330 373 3393 quam
394 3310 471 3392 apud
486 3312 591 3373 Persas
611 3310 743 3390 ingentes
762 3311 853 3374 husae
871 3312 1030 3373 multorum
1050 3311 1171 3373 divitias.
1202 3310 1260 3372 Sed

38 3460 39 3463 ,
116 3407 348 3477 lacedaemonios
355 3432 500 3495 pauperes
508 3413 599 3475 luisse
607 3414 773 3494 coepimus
789 3422 818 3476 et
831 3414 1039 3476 inuniversum
1050 3433 1066 3474 a
1078 3413 1259 3492 diligentiore

38 3570 40 3573 ,
119 3514 228 3590 qudam
241 3515 286 3577 rei
301 3516 448 3578 familiaris
463 3534 533 3577 cura
547 3513 658 3593 legibus
673 3524 702 3577 et
715 3517 848 3579 moribus
864 3516 988 3590 alienos,
1004 3524 1038 3577 ut
1052 3514 1166 3577 mireris
1183 3515 1260 3595 apud

38 3660 40 3665 ,
117 3610 164 3676 boa
177 3618 340 3680 mstodiam
355 3627 385 3679 et
400 3617 625 3698 dispositionem
640 3636 739 3681 rerum
755 3618 867 3699 magnis
883 3619 977 3698 copiis
997 3616 1261 3690 accommodatam,

118 3731 180 3792 qnae
192 3726 330 3799 tanlquam
345 3728 449 3781 notum
464 3728 493 3781 et
507 3720 618 3782 illustre
634 3721 799 3801 exemplum
820 3721 856 3782 ad
876 3720 1050 3782 imitandum
1071 3719 1213 3799 proponi,
1233 3729 1263 3780 et

117 3834 173 3880 ouu
186 3819 304 3883 Persica
318 3820 568 3885 administratione
582 3822 719 3902 coniungi
733 3823 871 3903 potuerit.
901 3822 995 3884 liuius
1015 3822 1058 3884 rei
1078 3820 1262 3901 explicandae

118 3916 179 3981 duos
198 3921 257 3985 rim
275 3942 342 3985 esse
361 3924 458 3986 rideo:
479 3924 613 3999 alteram,
631 3934 664 3987 ut
683 3926 815 3987 dicamus
835 3941 897 3985 non
916 3926 1092 4005 privatarum
1120 3923 1261 3985 domuum

117 4021 387 4087 administrationem
404 4045 420 4087 a
434 4026 639 4106 Theophrasto
654 4027 774 4108 respici,
795 4027 846 4088 sed
862 4026 1023 4106 publicam,
1039 4027 1148 4105 quippe
1162 4045 1261 4105 quum,

119 4123 324 4189 utSehueideri
343 4127 437 4193 verbis
457 4138 535 4203 utar,
555 4129 645 4209 prael.
665 4130 700 4191 ad
721 4127 866 4209 Anonymi
886 4128 997 4191 Oecou
1014 4148 1042 4209 p.
1058 4128 1130 4203 xvi,
1150 4148 1262 4207 „quae-

117 4241 227 4308 mnqne
244 4229 281 4291 ad
300 4228 405 4291 cisium
423 4231 556 4292 omnium
573 4229 738 4293 convictum
757 4228 907 4312 publicum
928 4240 1013 4292 erant
1028 4230 1207 4303 necessaria,
1227 4230 1263 4290 ad

118 4344 239 4393 annuum
247 4350 333 4395 usum
348 4340 376 4394 ct
385 4332 523 4395 diurnum
532 4333 705 4413 promenda,
720 4342 904 4395 servarentur
918 4333 1047 4412 reposita
1061 4332 1092 4392 in
1106 4331 1220 4393 horreis
1236 4339 1265 4390 et

118 4431 257 4509 muhata
272 4434 400 4514 magnis,
422 4453 548 4515 quorum
564 4435 696 4497 custodia
711 4442 772 4498 erat
786 4452 877 4514 penes
893 4453 1010 4503 servos,
1030 4450 1100 4494 cura
1119 4440 1148 4493 et
1162 4432 1264 4508 inspe-
