3276 5144
812 463 962 561 „3⁹2

312 651 344 715 in
357 652 538 736 scriptomm
553 650 794 738 interpretatione
805 669 868 716 non
876 660 939 717 tam
951 654 979 717 id
992 654 1094 737 quaeri
1105 654 1250 729 convenit,
1265 653 1336 736 quid
1348 656 1478 738 potnerit

312 753 439 818 tortasse
452 756 549 838 eliqua
563 754 712 818 locutione
726 756 890 838 significari,
913 776 1001 838 quem
1018 757 1088 839 quid
1103 776 1171 820 vere
1185 757 1341 838 significari
1355 759 1477 824 solitum

313 857 365 921 sit:
381 859 454 922 haec
468 859 547 922 enim
562 876 622 921 uno
635 877 754 921 summe
765 858 812 922 lex
823 868 967 924 estsanee
976 860 1236 943 interpretationis,
1252 879 1376 943 eumque
1387 864 1476 926 etiem

313 959 344 1024 in
357 960 467 1026 Cratini
481 962 546 1026 ioco
561 961 710 1025 observari
725 963 865 1043 oportuit
891 963 949 1026 Sed
967 962 1040 1027 ulter
1053 981 1172 1045 quoque
1187 981 1270 1026 error
1280 966 1477 1029 removendus

313 1071 368 1127 est.
398 1065 473 1127 Nom
488 1083 583 1147 quum
597 1070 714 1128 constet
727 1073 884 1146 cognatum
900 1067 1075 1129 vocabulum
1095 1061 1227 1150 τιλιτην
1241 1067 1278 1128 de
1292 1068 1405 1131 ercenis
1419 1087 1477 1151 po·

313 1166 462 1233 tissimum
483 1176 513 1232 ot
527 1167 657 1250 mysticis
671 1185 823 1231 sacrorum
838 1169 994 1249 generibus
1008 1167 1146 1252 usurpari
1159 1170 1269 1245 solere,
1289 1170 1410 1235 inerunt
1424 1173 1477 1253 qui

312 1270 437 1333 eandem
451 1271 577 1335 erceni
590 1271 831 1352 significationem
846 1272 936 1335 etiam
952 1272 993 1335 illi
1004 1272 1097 1346 alteri,
1112 1265 1216 1348 τέλος,
1231 1274 1315 1354 quasi
1325 1275 1476 1356 propriam

312 1373 490 1437 tribuerent:
515 1391 614 1455 neque
636 1374 838 1437 Petersenium
863 1375 901 1438 ob
922 1376 978 1438 hec
997 1375 1136 1456 opinione
1155 1375 1314 1438 abhorrere
1333 1377 1477 1441 videmus.

313 1475 371 1550 Qui
385 1483 484 1539 autem
500 1477 664 1540 accuratius
679 1476 871 1558 inquisiverit,
887 1495 943 1541 nec
955 1478 1070 1540 ratione
1085 1497 1150 1541 eam
1162 1478 1258 1541 fulciri
1268 1490 1365 1560 neque
1375 1498 1477 1543 erem·

312 1577 369 1662 piis
390 1580 577 1663 comprobari
591 1579 741 1660 intelliget.
771 1580 858 1641 Velut
871 1580 902 1642 in
916 1580 962 1643 his
977 1580 1124 1664 Euripidis
1138 1581 1300 1663 versibus,¹
1309 1583 1339 1661 Β)

672 1683 788 1745 θεοῖσι
809 1678 912 1762 μικρὰ
935 1677 1080 1760 θύοντας
1099 1677 1174 1767 τέλη

514 1786 581 1849 τῶν
601 1779 850 1867 βουθιποέντων
871 1776 969 1862 ὄντας
989 1776 1245 1867 εὐσεβεστέρους,

313 1886 414 1969 ecquis
429 1887 484 1950 sibi
499 1888 684 1972 persuadebit
692 1882 768 1974 τέλη
780 1907 841 1952 non
855 1905 944 1950 omne
958 1907 1051 1970 genus
1066 1890 1287 1967 suentisiorum,
1303 1891 1356 1953 sed
1370 1907 1475 1955 ισιισι

313 1996 430 2053 tontum
450 1989 638 2072 significaret
679 1990 754 2054 item
775 1993 807 2054 in
825 1992 959 2056 eiusdem
973 1998 1077 2074 poctse
1092 1993 1233 2070 versibus,
1254 2012 1329 2075 quos
1342 1993 1476 2058 Medeam

313 2091 460 2157 dicentem
474 2093 553 2170 iecit,
568 2114 595 2158 ι.
614 2093 713 2158 1382:

718 2191 759 2282 γῇ
781 2192 819 2261 δὲ
840 2194 922 2284 τῇδε
942 2191 1095 2283 Σισύφου

514 2295 632 2385 σιμνην
654 2292 769 2385 ἑορτὴν
789 2294 848 2363 καὶ
868 2294 944 2385 τέλη
967 2294 1192 2386 προσάψομιν

513 2399 553 2466 τὸ
574 2397 697 2465 λοιπὸν
718 2394 792 2464 ἀντὶ
814 2398 911 2465 τοῦδε
933 2399 1115 2486 δυσσεβοῦς
1136 2397 1251 2490 φόνου,

313 2504 468 2591 piacularia
485 2505 605 2587 quidem
619 2523 702 2569 sacre
716 2505 836 2587 intelligi
852 2512 984 2590 apparet,
1001 2524 1106 2572 crosna
1125 2515 1160 2573 ut
1180 2507 1381 2589 intelligentur
1394 2506 1476 2572 nuile

279 2664 280 2668 ,
317 2616 471 2673 causaest
513 2609 599 2691 Apud
613 2609 789 2690 Aeschylum
804 2627 903 2692 porro,
919 2610 1001 2672 Pers.
1016 2629 1043 2673 r.
1059 2608 1131 2686 208,
1148 2629 1242 2692 quum
1255 2611 1361 2675 Atussa
1374 2629 1475 2675 eorem
1509 2604 1512 2609 ¹

316 2712 474 2776 Pomorum
488 2711 669 2795 principibus
683 2712 775 2775 libum
790 2730 857 2776 orec
871 2712 1027 2796 imponens
1041 2714 1115 2776 hoec
1129 2712 1298 2793 eloquetur:

714 2810 774 2879 oio
795 2809 962 2900 θυηπόλῳ
983 2810 1055 2898 χερὶ

514 2913 629 3000 βωμόν
650 2912 836 3003 προσέστην
857 2909 1088 3001 ἀποτρόποισι
1111 2909 1251 3001 δαίμοσι

514 3014 666 3084 θέλουσα
686 3019 796 3084 θῦσαι
816 3015 969 3099 πέλανον,
991 3007 1038 3083 ὦν
1058 3015 1133 3106 τέλη
1155 3015 1245 3097 oddo,

314 3125 341 3190 si
360 3142 443 3189 secra
465 3123 611 3206 designari
629 3124 858 3200 statuimus¹⁹),
878 3124 909 3188 id
931 3124 1012 3206 qued
1030 3125 1104 3188 mihi
1125 3142 1228 3189 rernm
1248 3124 1373 3201 ridetur,
1393 3131 1474 3188 certe

315 3244 377 3291 non
405 3245 510 3292 arcens
541 3227 615 3291 hoec
641 3246 708 3290 esse
737 3227 926 3291 menifestum
956 3232 1015 3302 est,
1044 3229 1153 3312 quippe
1182 3247 1258 3310 quoe
1285 3229 1381 3309 poium
1409 3228 1476 3291 fieri

314 3330 475 3394 rideamus.
519 3330 611 3415 Apud·
631 3330 825 3412 Sophoclem,
859 3330 995 3394 Trachin.
1025 3350 1052 3392 v.
1078 3330 1156 3406 238,
1192 3349 1286 3412 quum
1314 3331 1477 3395 instituisse

315 3432 454 3497 Hercules
469 3433 577 3497 dicitur

517 3532 649 3617 βωμοὺς
669 3532 745 3620 τέλη
768 3527 800 3597 τ’
822 3527 974 3621 ἔγκαρπα
996 3528 1134 3621 Κηναίῳ
1157 3529 1229 3610 Aet,

315 3635 389 3701 nihil
408 3637 465 3701 nisi
484 3636 609 3713 θυσίας
628 3638 673 3700 vel
691 3632 891 3718 θυμιάματα
910 3628 982 3701 ἀπὸ
1004 3639 1142 3722 καρπῶν
1162 3638 1309 3720 designari
1321 3637 1477 3702 hunnum

316 3741 371 3803 erit
380 3744 393 3784 2
401 3744 440 3823 ⁰),
453 3742 534 3805 omni
545 3759 720 3805 eremorum
731 3742 943 3822 significatione
953 3742 1079 3805 exclusa.
1104 3742 1237 3824 lienique
1250 3743 1328 3826 spud
1336 3740 1476 3816 eundem,

386 3878 427 3943 18)
445 3876 485 3929 En
496 3879 626 3947 deperdito
638 3874 731 3946 fabule,
743 3880 807 3947 opud
820 3877 976 3931 Athenaeum
987 3876 1018 3946 li,
1033 3878 1064 3930 12
1078 3895 1101 3947 p.
1110 3879 1156 3931 ¹10.

386 3961 428 4027 te)
446 3961 510 4014 Non
522 3961 638 4031 inerunt,
655 3963 697 4032 qui
713 3977 801 4016 munus
818 3979 849 4016 ec
860 3972 1012 4032 potestaten
1027 3965 1132 4017 cicorum
1146 3965 1395 4019 averruncandorum
1410 3965 1479 4017 ‹iesi-

316 4048 389 4116 gnari
401 4046 512 4101 mellent.

383 4133 429 4199 2⁰)
447 4133 508 4187 Cum
524 4142 613 4189 vetere
628 4135 779 4201 scholissts,
794 4138 837 4190 cui
848 4137 1005 4191 recentiores
1017 4139 1117 4207 quiden
1127 4138 1281 4205 interprecor
1292 4136 1420 4189 immrito
1432 4136 1478 4189 oh·

317 4223 462 4290 loquuntur,
474 4221 506 4272 de
517 4222 575 4274 loeo
583 4222 668 4290 potius
682 4232 833 4276 consecrato
850 4225 1010 4291 cogitemus
1027 4239 1085 4277 ceso
1094 4224 1158 4286 roti3
1170 4221 1270 4275 scilieet
1279 4223 1336 4290 quio
1348 4222 1478 4287 praecenit

316 4308 423 4360 verbum
442 4302 569 4375 ὁρίζεται.
594 4308 645 4360 Sei
665 4310 806 4372 conmotis
826 4310 907 4377 ligure
926 4311 975 4363 hoc
994 4311 1052 4363 ioco
1073 4308 1138 4362 nihil
1150 4309 1295 4361 offensionis
1306 4307 1389 4375 hehet,
1402 4323 1478 4375 quun

318 4395 468 4464 promertim
485 4408 535 4445 non
554 4394 585 4445 de
606 4410 655 4446 uno
671 4395 797 4448 sscriticio
814 4411 880 4447 nnnc
895 4395 977 4464 ipsum
994 4396 1093 4463 oblato,
1111 4396 1157 4449 sed
1173 4395 1205 4446 de
1220 4391 1387 4449 institutione
1399 4392 1478 4445 etism

318 4482 342 4532 in
356 4488 484 4549 posterum
497 4481 654 4535 observatio
666 4496 749 4533 sermo
762 4482 805 4533 sit.
