3290 5142
747 421 789 485 ub

186 610 233 677 bis
258 628 320 674 nun
343 610 442 674 minus
467 626 559 693 quam
584 606 620 672 de
646 609 868 674 vaticinantibus
888 609 1012 673 verbum
1030 607 1102 673 illud
1120 602 1348 690 μαντεύεσθαι

185 714 322 797 uempsri
346 721 453 778 nutum
471 721 527 777 est
560 714 624 776 lam
645 732 713 776 veru
733 715 760 777 si
780 713 941 777 infinitivus
960 704 1163 798 ἀποφαίνειν
1183 712 1348 795 imperativi

185 818 280 881 instar
294 818 446 882 habendus
460 818 509 892 sit,
523 816 697 881 mirabimur
708 817 848 882 orationis
858 816 1129 891 inconcinnitatem,
1144 834 1238 898 quum
1249 815 1347 899 paullo

186 927 254 984 ante
265 922 456 1003 imperativus
467 921 515 996 sit,
530 920 711 1006 φρουρεῖτε.
738 919 864 987 Sustulit
879 938 943 983 eam
954 919 988 982 L.
998 918 1176 995 Dindorflus,
1191 919 1349 1005 φρουρεῖν

186 1024 366 1088 muribens:
387 1043 567 1107 mamquam
586 1026 626 1097 is,
650 1024 708 1089 nisi
727 1024 828 1099 fallor,
849 1041 912 1086 nun
932 1042 987 1105 pru
1008 1022 1187 1104 imperativis
1201 1022 1258 1085 hos
1272 1023 1348 1086 duos

185 1126 347 1191 infinitivus
360 1127 477 1203 baberi,
492 1128 543 1191 sed
560 1127 596 1191 ab
611 1119 755 1212 ἀγαθόν,
770 1128 833 1192 scil.
849 1120 927 1203 duri,
941 1126 1070 1210 pendere
1084 1126 1184 1189 voluit
1213 1126 1264 1190 Sic
1277 1143 1348 1190 sanc

186 1240 216 1293 et
229 1236 379 1295 structura
393 1233 549 1295 verborum
561 1240 640 1296 recte
651 1232 791 1315 procedit,
807 1250 863 1295 nec
873 1231 1018 1294 sententia
1029 1229 1155 1293 absurda
1166 1235 1226 1305 est;
1242 1228 1349 1295 mento

186 1340 287 1397 tamen
306 1334 493 1399 Hermanuus
518 1336 655 1417 frigidam
682 1337 847 1399 orationem
876 1334 998 1397 evadere
1022 1336 1165 1396 autumat.
1205 1332 1280 1394 Nam
1305 1338 1351 1395 est

186 1438 320 1519 prolecto
338 1439 494 1520 frigidum,
515 1439 693 1503 sententiam
712 1437 884 1501 huiusmodi
903 1437 1069 1518 generalem
1085 1452 1267 1520 proponere,
1289 1452 1351 1497 non

187 1541 259 1623 quid
277 1541 445 1605 laciendum
464 1542 504 1605 sit
517 1541 552 1605 iis
568 1542 653 1623 ipeis,
675 1542 726 1623 qui
740 1541 770 1604 id
783 1541 881 1606 facere
894 1539 1029 1612 debeant,
1043 1539 1220 1622 praecipere.
1249 1539 1350 1621 Longe

188 1650 267 1707 uerte
292 1644 390 1725 aptior
414 1644 508 1709 oratio
529 1647 577 1719 fit,
603 1644 630 1708 si
650 1664 719 1709 oum
740 1644 911 1707 Hermanno
932 1643 1068 1724 rapulam
1088 1635 1126 1706 σί
1144 1649 1214 1724 post
1236 1635 1351 1727 φήμας

187 1744 320 1809 delemus
340 1752 371 1808 et
388 1764 443 1827 pro
464 1737 597 1828 ἀγαθόν
614 1746 787 1829 reponimus
807 1736 956 1827 ἀγαθῶν.
987 1744 1066 1809 Nihil
1085 1746 1117 1807 in
1132 1745 1281 1809 codicibus
1295 1745 1351 1811 bac

187 1848 405 1929 permutatione
418 1849 602 1931 frequentius
616 1858 679 1926 est3
695 1867 846 1930 quumque
859 1848 951 1911 semel
964 1838 1097 1930 ἀγαθόν
1107 1848 1250 1930 scripttun
1261 1856 1349 1923 esset,

188 1953 292 2032 copula
306 1960 375 2032 post
387 1945 503 2036 φήμας
517 1953 553 2014 sb
568 1951 667 2033 aliquo
682 1959 848 2015 correctore
863 1949 960 2013 addita
976 1969 1042 2013 esse
1057 1951 1186 2027 videtur,
1202 1953 1254 2034 qui
1268 1943 1351 2035 ἀγα-

187 2050 254 2116 θὸν
267 2073 322 2135 pru
338 2055 429 2118 alteru
444 2055 574 2138 epidretu
588 2054 763 2119 substamivi
778 2044 886 2134 στόμα
899 2052 1037 2132 haberet,
1057 2053 1235 2118 infinitivum
1250 2062 1351 2119 sutem

189 2146 391 2241 ἀποφαίνειν
404 2176 459 2240 pro
475 2157 648 2239 imperativo
663 2157 793 2242 positum
804 2175 869 2221 esse
880 2157 1022 2220 crederet.
1048 2156 1150 2239 ltaque
1162 2165 1241 2221 recte
1252 2158 1351 2221 lucum

188 2258 224 2321 ab
239 2259 409 2322 Hermanno
429 2260 619 2325 emendatum
639 2278 705 2324 esse
719 2260 898 2336 iudicamus,
919 2266 1155 2344 receperuntque
1169 2258 1352 2323 emendatio·

188 2378 258 2423 nem
279 2362 368 2426 etism
381 2361 482 2427 Firius
502 2371 533 2427 et
546 2363 725 2447 Hortangus.
755 2360 871 2448 Φήμαι
889 2354 1022 2446 ἀγαθαὶ
1035 2354 1176 2445 ἀγαθοῖν
1189 2369 1261 2426 sunt
1274 2362 1353 2427 bons

190 2462 277 2527 verba
296 2472 438 2546 tanquam
457 2466 529 2530 boni
548 2477 671 2531 eventus
691 2468 791 2531 omina
809 2473 840 2529 et
860 2467 1018 2548 praesagia.
1048 2466 1129 2530 Talia
1142 2467 1198 2530 lun
1218 2466 1267 2531 edi
1280 2465 1352 2543 vult.

190 2575 223 2630 ut
236 2585 352 2643 eurum,
368 2569 419 2651 qui
435 2570 587 2635 oraculum
603 2569 767 2634 consulturi
780 2569 850 2643 sint,
866 2569 956 2633 animi
971 2587 1024 2651 spe
1038 2569 1112 2634 lauta
1127 2577 1157 2632 et
1171 2569 1277 2635 bduu'a
1292 2571 1351 2634 eri·

188 2676 310 2752 gantur:
337 2673 418 2754 qaod
443 2679 543 2735 ειιίοιο
568 2672 649 2736 addit
674 2662 767 2747 ἰδίας
790 2665 955 2757 γλώσσης,
981 2672 1106 2756 opponit
1131 2673 1241 2737 borum
1265 2671 1354 2736 verba

188 2772 311 2853 Pythiae
324 2773 484 2838 sacerdotis
498 2775 579 2850 voci,
595 2774 704 2856 quippe
718 2790 794 2856 quae
808 2790 871 2837 nou
884 2782 946 2838 tsm
961 2774 1052 2856 ipsius
1066 2775 1185 2858 propris
1198 2777 1246 2851 sit,
1262 2772 1354 2858 quam

190 2875 303 2938 divinas
318 2876 426 2940 mentis
439 2877 684 2942 instrumentum.
707 2877 792 2949 Nam,
807 2884 842 2941 ut
856 2878 897 2942 ait
907 2877 986 2941 Plut.
997 2878 1034 2942 ds
1045 2896 1123 2943 orac.
1135 2879 1193 2942 del.
1204 2898 1234 2961 p.
1245 2878 1351 2942 41413.

190 2976 349 3041 credebant
376 2974 436 3042 τὸν
464 2974 548 3043 θεὸν
576 2972 675 3043 αὐτὸν
700 3013 742 3026 -
771 2972 963 3060 ἐνδυόμενον
989 2972 1037 3056 εἰς
1062 2976 1105 3043 ud
1126 2974 1265 3062 συίματα
1285 2977 1352 3043 σοῖν

190 3081 374 3165 προφητῶν
411 3073 703 3167 ἀποφθέγγεσθαι.
734 3083 867 3166 lienique
889 3082 1050 3146 infinitivus
1071 3074 1276 3175 ἀποφαίνειν
1294 3101 1353 3166 qus

190 3183 305 3247 ratione
324 3190 394 3266 post
408 3178 518 3266 στόμα
532 3174 679 3272 εἰίφημον
693 3185 865 3272 φρουρεῖτε
878 3184 1034 3250 adiunctus
1048 3185 1103 3261 sit,
1124 3204 1213 3251 nemu
1228 3186 1284 3253 sibi
1298 3204 1351 3253 ex·

190 3285 262 3368 puni
276 3287 444 3368 postulabit

275 3389 338 3452 lam
358 3390 394 3452 ad
415 3409 489 3474 opus
504 3409 594 3454 suum
608 3392 662 3456 lon
677 3390 856 3473 aggreditur,
875 3397 911 3454 ut
924 3407 1024 3455 meam
1037 3392 1140 3473 templi
1153 3398 1250 3457 verrat
1263 3400 1352 3477 atque

191 3499 328 3569 exornet,
349 3512 475 3576 avesque
495 3493 666 3559 advolantes
688 3493 791 3575 abigat
822 3493 1008 3575 Quamquam
1023 3495 1104 3556 enim
1117 3495 1181 3576 ipse
1194 3496 1352 3559 vertendae
1441 3560 1445 3561 a

190 3600 322 3671 tanturn,
344 3612 405 3658 nun
419 3595 510 3659 etiam
526 3597 674 3660 ornandae
689 3614 773 3660 meae
788 3596 902 3661 disertis
917 3596 1013 3660 verbis
1028 3597 1212 3660 mentionem
1225 3598 1296 3661 lecit
1308 3630 1352 3645 -

191 3689 330 3774 ίσόάοις
357 3697 484 3778 Φοίβου
511 3694 665 3782 καθαρὰς
691 3693 855 3783 θήσομεν,
882 3700 978 3782 inquit
1003 3701 1247 3782 v.105,neque
1272 3698 1352 3762 addit

190 3796 249 3863 καὶ
274 3795 498 3886 κοσμήσομεν,
526 3837 569 3848 -
588 3810 709 3884 apparet
727 3810 827 3868 umen
847 3797 1001 3888 σιέφεσιν
1021 3795 1134 3887 ἱεροῖς,
1150 3823 1225 3886 quae
1246 3803 1352 3867 eudem

190 3921 278 3967 versu
292 3905 488 3986 appellantur,
508 3923 570 3969 non
584 3905 661 3970 verri
674 3924 788 3981 aream,
809 3907 861 3970 sed
877 3908 976 3971 ornari
989 3914 1106 3971 tantum
1119 3914 1221 3992 postea
1235 3905 1351 3971 culum·

190 4023 302 4090 nasqns
315 4008 456 4090 putuisse.
487 4008 546 4072 Sed
560 4007 591 4071 in
605 4009 846 4091 praecedentibus
860 4010 967 4087 verbis,
982 4029 1009 4073 v.
1028 4011 1109 4087 102,

476 4101 571 4196 ήμεῖς
592 4107 631 4176 δὲ
651 4107 785 4188 πόνους,
809 4100 868 4188 οὓς
889 4105 925 4177 ἀει
947 4109 1072 4190 παιδός

476 4213 670 4296 μοχθοῦμεν
693 4206 748 4280 ἀεί
767 4251 809 4262 -

191 4314 373 4379 αοοεεείίιυε
394 4307 518 4392 πόνους
536 4334 598 4380 non
616 4317 704 4382 babet
723 4319 801 4382 unde
821 4319 956 4401 pendeat.
990 4318 1064 4381 Nam
1083 4317 1199 4381 nullum
1218 4317 1352 4399 seqnitur

191 4415 313 4480 verbum
344 4418 529 4483 transitivum
555 4420 612 4484 nisi
638 4413 787 4507 θήσομεν
821 4410 973 4499 (ἐσόδους
1004 4413 1179 4504 καθαράς).
1220 4418 1352 4485 Fuerunt

235 4513 283 4579 lv.
1130 4518 1150 4579 5
