3190 5136
875 411 919 475 bb

795 497 995 513 -——

321 612 391 669 νοις
412 602 463 659 out
483 585 737 675 ἀδαμαντίνως,
764 605 794 660 ct
814 593 972 663 πέδαισιν
996 606 1053 665 aut
1068 590 1210 683 πίδρσιν
1236 607 1321 661 extet.
1355 597 1472 673 ‚Quiris
1571 664 1572 691 ρ

320 701 424 771 unu⁸“‚
438 695 533 778 inquit
547 698 736 772 Wieaelerue
753 701 823 781 „qui
836 710 969 767 accurate
982 701 1181 781 ponderent,
1199 711 1378 782 quantopere
1392 699 1473 763 codi·
1571 762 1572 765 ,

321 798 547 865 conlectiones
565 801 750 869 consentiant
772 815 801 866 et
820 803 856 867 eh
885 822 933 879 ea,
960 823 1077 884 quaen
1096 803 1252 869 scholiasta
1270 800 1475 882 inruptionis

321 900 423 965 tradita
453 909 513 976 est,
547 902 729 983 discrepent,
763 904 803 967 illi
838 906 972 969 codicum
1001 905 1159 968 consensui
1193 905 1259 985 plus
1289 902 1475 971 nibuendtun

321 1002 462 1078 censebit,
497 1023 583 1084 nuens
619 1006 817 1073 annotasset
871 1007 941 1071 hlibi
970 1016 1086 1081 matra,
1121 1025 1179 1088 que
1213 1006 1279 1087 quis
1313 1005 1476 1071 accuratius
1571 1070 1572 1075 ,

319 1104 402 1168 illum
437 1122 614 1171 consensum
639 1109 865 1173 consideraverit
903 1128 1080 1190 causamque
1114 1110 1178 1171 eins
1212 1108 1404 1189 reputaverit,
1441 1125 1476 1173 eo
1571 1094 1572 1105 ί

320 1207 419 1269 τοίνυν
452 1206 479 1271 ei
504 1207 665 1273 tributtnns
693 1210 815 1275 videtin.
860 1209 981 1274 Constat
1013 1211 1094 1274 enim
1122 1228 1226 1275 omnes
1261 1210 1326 1277 illes
1361 1209 1478 1275 codices

320 1328 355 1371 er
379 1327 440 1375 uuo
464 1310 598 1391 exemplo
619 1311 760 1392 originem
781 1313 901 1387 habere,
926 1313 1006 1394 quod
1029 1312 1195 1392 exemplum
1215 1330 1305 1392 quum
1329 1309 1404 1375 alius
1424 1309 1479 1372 elio
1571 1382 1572 1391 ρ

320 1410 434 1477 eddius
453 1420 664 1491 repraesentet,
688 1423 827 1495 poterunt
851 1414 921 1479 bino
938 1415 1014 1485 iuter
1035 1434 1069 1481 se
1087 1413 1248 1495 comparati
1267 1413 1314 1483 alii
1334 1411 1400 1479 onis
1416 1430 1479 1473 ma-

319 1512 409 1574 liores
429 1522 479 1575 aut
498 1513 658 1577 deteriores
676 1515 746 1588 dici,
766 1533 929 1578 cousensus
950 1524 1045 1578 autem
1067 1515 1199 1579 omnium
1217 1514 1291 1579 nihil
1308 1512 1388 1581 alud
1408 1531 1481 1594 pro·

321 1614 414 1690 babit,
445 1617 666 1695 memineris
694 1616 769 1685 unae
799 1617 926 1698 exempli
951 1617 1114 1683 lectionem.
1166 1617 1245 1691 Haec
1259 1617 1361 1697 igitur
1388 1632 1482 1695 mum

322 1717 459 1799 opposita
478 1718 517 1779 sit
537 1719 617 1781 alteri
634 1719 765 1794 lectioni,
789 1719 825 1782 ab
844 1718 1048 1800 Aristophanis
1072 1718 1231 1799 interprete
1250 1726 1396 1793 serrano,
1420 1733 1484 1789 nnn
1571 1718 1572 1721 ’

321 1819 482 1883 multorum
500 1820 587 1883 nohis
607 1821 777 1889 naumann
797 1821 898 1884 audire
917 1820 1078 1883 ridebimur
1096 1822 1148 1885 uni
1169 1820 1321 1902 opposita,
1344 1821 1400 1882 sed
1421 1820 1484 1882 sin·
1570 1896 1572 1925 <

322 1921 406 2001 gulos
418 1922 564 2003 utrimque
577 1931 668 1986 testes
679 1942 745 1991 csse
756 1922 948 1997 censebimus,
963 1941 1089 2003 quorum
1105 1923 1163 1985 utri
1174 1923 1261 1987 tidem
1276 1922 1483 2001 adiungamus,

322 2044 385 2087 non
399 2025 514 2088 aliunde
528 2026 585 2089 nisi
600 2034 651 2089 aut
664 2045 698 2091 ex
712 2026 847 2107 ipsorum
861 2025 1032 2089 enmoritate
1046 2033 1096 2089 ant
1107 2045 1143 2089 ex
1156 2027 1209 2101 rei,
1225 2044 1312 2107 quam
1326 2031 1486 2098 testantur,

321 2137 425 2191 nature
446 2147 480 2190 ac
501 2127 702 2210 probabilitate
725 2127 942 2201 diiudicandum
968 2129 1015 2192 sit.
1052 2128 1090 2195 Et
1110 2127 1147 2191 de
1171 2127 1341 2195 anctoritate
1365 2126 1487 2207 ριιὶδνιν

323 2231 382 2293 hoc
394 2248 489 2297 ααιιια
503 2248 583 2293 nnnc
597 2231 694 2295 dicere
708 2249 880 2312 possumus,
894 2230 967 2295 nihil
982 2248 1087 2295 cautae
1101 2248 1181 2303 esse,
1202 2248 1255 2295 en
1268 2229 1352 2293 illum
1366 2229 1487 2295 treu-

322 2332 432 2415 phonei
451 2333 625 2401 sehohestee
644 2334 789 2409 codicem,
812 2333 896 2399 cuius
917 2341 1033 2414 praeter
1050 2332 1109 2395 hoc
1128 2349 1222 2397 unum
1241 2331 1396 2413 specimen
1415 2330 1490 2397 nihil

322 2435 410 2499 nobis
424 2435 565 2510 innotuit,
584 2453 646 2501 non
665 2436 816 2501 meliorem
835 2436 976 2500 sotadeo
996 2434 1171 2498 deteriorem
1186 2433 1244 2496 isto
1264 2434 1357 2498 luisse
1370 2435 1489 2501 iudice-

322 2555 400 2611 mus,
415 2539 494 2600 unde
508 2538 605 2601 nostri
619 2538 734 2603 codices
749 2538 903 2614 lluxmunt,
918 2555 1007 2619 quem
1021 2535 1139 2618 quidem
1153 2553 1215 2598 non
1230 2536 1380 2617 optimum
1396 2537 1491 2601 luisse

322 2640 422 2705 multis
439 2640 618 2721 argumentis
633 2641 784 2722 colligitur.
828 2641 902 2704 Rern
920 2647 1017 2703 auum
1031 2637 1126 2718 ipsam
1145 2655 1199 2718 per
1213 2655 1246 2699 se
1261 2638 1490 2721 contemplanti,

322 2762 384 2806 non
398 2744 507 2823 poterit
520 2744 641 2807 dubium
655 2743 755 2819 videri,
771 2752 837 2806 utre
850 2742 935 2806 lectio
950 2739 1128 2821 probabilior
1143 2738 1189 2800 sit.
1218 2738 1293 2801 Nam
1309 2742 1395 2821 quod
1407 2741 1491 2804 Wie·
1571 2752 1572 2759 ’

322 2846 433 2909 selerus
447 2845 525 2909 hanc
538 2864 626 2926 quem
641 2845 814 2909 scholiastes
828 2844 916 2907 hahet
929 2842 1083 2906 lectionem
1098 2840 1257 2904 coniectori
1272 2841 1359 2905 elicui
1376 2842 1493 2916 deberi,

322 2965 385 3012 non
399 2967 435 3011 ex
445 2947 601 3028 integriore
615 2947 691 3011 libro
704 2954 849 3010 servatam
865 2965 930 3009 esse
944 2944 1061 3019 iudicat
1076 2943 1154 3007 nulla
1164 2944 1278 3005 ratiom
1291 2944 1374 3007 lecit
1412 2944 1494 3020 Quid

323 3051 403 3113 enim
418 3051 449 3113 in
464 3049 639 3114 coniectoris
653 3049 731 3113 illius
746 3047 822 3111 libro
843 3047 985 3127 scriptum
1000 3045 1092 3111 luisse
1107 3044 1212 3118 credit,
1232 3045 1311 3124 qnod
1325 3045 1378 3109 ille
1394 3046 1495 3111 corri-

298 3204 303 3213 .
322 3153 450 3233 gendum
465 3149 629 3234 putaverit?
658 3150 782 3225 Hocine,
802 3147 879 3230 qnod
895 3146 989 3209 nostri
1000 3146 1118 3215 ,codices
1133 3142 1263 3209 habent?
1293 3145 1410 3213 Parum
1426 3168 1496 3213 ora-

323 3256 418 3317 dibilis
434 3257 491 3318 erit
505 3263 585 3318 tenta
599 3253 763 3335 corrigendi
777 3251 904 3314 audacia.
934 3250 980 3311 An
996 3249 1080 3324 illud,
1096 3246 1175 3329 quod
1190 3247 1368 3313 Wieselerus
1386 3269 1498 3317 verum

324 3353 453 3419 indicati
481 3355 604 3434 Negabit
617 3356 691 3437 ipse,
707 3352 870 3433 corrigendi
885 3369 1003 3414 causam
1019 3350 1119 3413 luisse
1149 3348 1334 3431 Quemquam
1349 3370 1414 3415 nos
1427 3355 1497 3435 qni·

275 3468 306 3520 12
327 3461 394 3522 dem
409 3457 490 3521 aliter
503 3458 683 3532 iudieamnn
702 3456 769 3519 etsi
785 3473 851 3517 vere
865 3454 923 3515 hoo
938 3453 1088 3516 inventum
1101 3452 1134 3513 in
1148 3450 1196 3513 illo
1211 3451 1287 3515 libro
1303 3453 1433 3529 lenset,
1448 3463 1499 3518 te·

325 3560 411 3623 lerari
424 3576 486 3627 non
498 3558 634 3625 debuisse
648 3556 862 3619 contendimus.
893 3553 965 3628 Quis
981 3553 1059 3615 enim
1073 3552 1159 3615 talem
1170 3570 1297 3630 versum,
1311 3572 1380 3619 non
1397 3558 1500 3623 dicam

323 3661 476 3741 Aeschylo,
492 3659 544 3722 sed
560 3659 688 3740 quolibet
707 3659 743 3721 de
764 3657 847 3720 trivio
867 3664 953 3737 poeta
967 3654 1089 3735 dignum
1102 3654 1225 3730 iudicet,
1245 3646 1504 3737 ἀδαμαντίνως

323 3759 455 3840 πέδαις,
475 3756 510 3826 ἐν
532 3753 710 3847 ἀρρήκτοις
731 3754 884 3845 πέτραις,
908 3756 1173 3838 erumpentibus
1194 3758 1364 3840 amuahbus
1387 3762 1423 3823 in
1440 3763 1503 3824 hc·

324 3866 516 3929 moeotelcuta
531 3861 753 3928 desinentibus?
783 3864 841 3925 Aut
860 3861 926 3942 quis
946 3860 983 3922 ab
997 3860 1140 3941 Aeschylo
1159 3860 1210 3922 uni
1225 3861 1314 3924 verbo
1337 3852 1505 3945 ὀχμάσαι

325 3969 357 4030 in
370 3985 431 4030 uno
447 3966 589 4029 orationis
604 3965 749 4039 membre,
764 3982 825 4026 uno
841 3971 1006 4025 suuetnrae
1020 3971 1132 4037 unere,
1147 3963 1222 4027 haec
1236 3965 1295 4028 duo
1311 3961 1409 4047 πρὸς
1433 3961 1504 4031 πέ-

324 4090 420 4153 τραις
441 4078 469 4133 et
491 4063 524 4131 ἀν
545 4063 689 4153 πέτραις
710 4064 828 4146 adtingi
842 4065 976 4146 potuisse
990 4062 1110 4128 credet?

904 4161 999 4231 τόνδε
1020 4162 1121 4250 πρὸς
1140 4162 1310 4251 πέτραις

488 4265 753 4359 ὑψηλοκρήμνοις
773 4265 840 4334 τάν
859 4264 1001 4353 ίνωργάν
1023 4259 1170 4349 ὀχμάσαι

490 4365 729 4454 ἀδαμαντίνως
750 4365 872 4447 πέδαις
890 4366 930 4436 ἀν
944 4364 1119 4457 ἀρρήκτοις
1140 4365 1317 4457 πέτραις.
