3154 5138
679 496 740 559 343

214 686 284 764 Cap.
300 684 350 756 ΠΙ,
366 671 400 745 Ἰι
421 685 508 746 Tum
528 684 644 758 Cotta,
664 686 821 775 Primum
842 685 997 766 quidque
1018 687 1212 761 videamus,
1234 689 1291 751 in-

127 785 219 866 quit3
239 785 309 847 etsi
324 786 359 848 id
379 795 434 847 cst
454 786 621 866 primum,
645 789 735 867 quod
758 789 851 850 inter
874 807 997 850 omnes
1020 790 1090 852 nisi
1105 791 1290 854 admodum

126 887 261 968 impios
284 888 467 962 convenil,
488 889 575 951 mihi
595 891 735 970 quidem
756 911 796 952 ex
811 890 928 952 animo
949 894 1050 953 exuri
1069 909 1139 954 non
1155 901 1291 974 potest,

126 1009 208 1051 esse
223 990 319 1051 deco.
349 991 386 1052 ld
403 999 517 1053 lamen
533 993 666 1073 ipsum,
682 994 773 1074 quod
788 993 873 1054 mihi
893 1012 1108 1074 persuasum
1124 1004 1178 1056 est
1192 1014 1292 1058 more

126 1092 319 1165 maiorum,
334 1111 396 1154 cur
410 1093 458 1154 ita
472 1094 534 1168 sit,
548 1095 637 1156 nihil
653 1104 688 1157 tu
703 1114 756 1156 me
771 1096 887 1157 doces.
919 1095 967 1157 Sic
981 1096 1061 1159 hunc
1075 1098 1172 1159 locum
1187 1116 1289 1160 recur-

5 1206 10 1293 [
125 1194 217 1257 tiores
238 1194 365 1257 editores
384 1203 455 1276 post
476 1196 679 1259 Meindcrfium
701 1216 806 1259 omues
828 1195 1037 1260 distinxerunt:
1058 1199 1087 1260 in
1110 1218 1169 1279 quc
1186 1201 1288 1274 miror,

5 1296 10 1305 '
126 1297 196 1377 quid
212 1297 379 1377 significare
393 1297 536 1359 voluerint
551 1300 750 1361 concessivam
770 1300 942 1380 particulam
962 1301 1040 1362 elsi.
1070 1301 1144 1363 Nam
1165 1321 1288 1364 conces·

125 1399 186 1461 siva
206 1400 370 1462 enuntiatio
391 1419 513 1463 neeesse
532 1410 577 1464 est
596 1403 702 1465 habeat
722 1403 842 1484 aliquid,
861 1403 939 1483 qnod
960 1403 1040 1465 alleri
1055 1406 1226 1484 oppositum
1242 1406 1288 1475 sit

9 1524 13 1553 :
123 1512 165 1576 ur,
180 1501 316 1582 quamvis
331 1502 400 1565 illud
415 1504 467 1577 sit,
480 1504 603 1566 alterum
619 1504 710 1566 nihilo
725 1505 824 1567 minus
839 1505 936 1567 locum
952 1506 1059 1568 habere
1076 1506 1199 1568 dicatur.
1236 1510 1288 1569 lt-

124 1604 173 1685 qui
184 1604 338 1676 haecduo,
353 1605 505 1685 primum
521 1607 679 1686 quidque
694 1608 893 1679 rideamus,
912 1616 941 1669 et
955 1608 1109 1689 primum
1124 1619 1193 1683 est,
1208 1629 1289 1672 cose

123 1709 227 1782 deos,
241 1709 323 1770 nulle
339 1708 431 1770 modo
446 1708 489 1770 sic
501 1709 577 1771 iuter
592 1730 624 1772 se
639 1710 777 1792 opposita
799 1729 863 1772 osse
877 1716 1010 1791 apparel,
1031 1719 1064 1772 ut
1078 1712 1210 1792 quamvis
1225 1712 1287 1792 pri·

123 1830 208 1873 mum
224 1810 266 1873 ait
279 1830 347 1873 esse
361 1812 448 1886 deos,
464 1821 561 1874 tamen
573 1812 702 1892 primum
715 1814 841 1894 qtridquo
852 1812 1010 1875 videndum
1025 1814 1072 1875 sil.
1099 1815 1288 1877 Erturhanda

122 1913 275 1993 tetigitur
289 1912 459 1975 concessiva
472 1913 612 1993 particula
626 1914 798 1977 dirimendis
812 1915 923 1978 voudis
938 1924 969 1977 et
986 1914 1025 1976 oi.
1070 1916 1219 1994 Significat
1233 1936 1287 1978 au-

1 2058 5 2071 .
121 2024 179 2077 tem
196 2016 231 2078 si
245 2015 278 2077 id
295 2015 448 2094 primum
462 2024 517 2077 est
534 2016 612 2077 idem
632 2018 693 2079 lere
713 2017 791 2098 quod
812 2035 917 2097 quum
937 2016 971 2078 id
992 2017 1143 2095 primurn
1166 2020 1215 2080 sit
1234 2021 1288 2082 vel

121 2119 293 2198 quoniam
313 2116 347 2179 id
365 2117 517 2198 primum
540 2127 606 2194 est,
625 2138 700 2199 quae
713 2120 888 2199 significatio
904 2118 1062 2199 particulae
1077 2119 1109 2180 si
1125 2136 1211 2200 quam
1227 2124 1286 2182 tre-

121 2238 218 2300 quens
229 2219 284 2294 sit,
299 2236 387 2281 neme
402 2220 503 2282 nescit
548 2220 610 2282 vil.
625 2221 727 2284 Horat.
744 2222 868 2284 Turseli.
884 2241 912 2302 p.
929 2221 1001 2283 958.
1032 2222 1173 2284 Universa
1189 2232 1286 2285 autem

121 2323 176 2384 loci
192 2322 340 2385 sententia
360 2322 432 2384 haec
449 2330 509 2384 cst:
531 2324 643 2396 Quum
662 2324 730 2385 hcc
748 2324 901 2404 primurn
916 2323 977 2395 sit,
997 2322 1156 2404 ideoque
1170 2324 1286 2406 prime

119 2426 201 2487 loco
218 2422 544 2497 considerandum,
565 2444 644 2486 esse
664 2426 762 2501 deos,
782 2425 915 2488 esthoc
932 2425 1074 2506 quidem
1090 2427 1283 2501 eiusmodi,
1302 2444 1318 2493 6

120 2536 157 2589 nt
172 2525 369 2589 conveniat
383 2527 476 2588 inter
492 2544 615 2589 omncs
629 2527 788 2607 mihique
803 2528 874 2608 ipsi
893 2529 1041 2590 maxime
1061 2530 1214 2609 placcat3
1229 2538 1286 2592 ta·

121 2650 217 2703 man,
235 2649 299 2690 cur
313 2629 361 2690 ita
378 2629 439 2703 sit,
455 2628 544 2690 nihil
559 2638 596 2691 tu
611 2648 663 2691 me
677 2630 793 2692 doces.
831 2628 1002 2711 Comparari
1017 2650 1084 2693 carm
1099 2644 1204 2694 nostro
1220 2632 1285 2693 loco

121 2741 222 2813 potest
237 2733 274 2794 de
290 2732 374 2793 lino.
389 2730 440 2806 ΙΙΙ,
456 2731 537 2803 2,5;
556 2732 598 2793 El
612 2731 658 2805 si,
678 2733 771 2812 quod
792 2751 898 2812 saepe
913 2734 1085 2808 diximus,
1099 2744 1132 2796 et
1147 2734 1286 2814 quidem

122 2856 196 2898 eum
213 2836 332 2914 aliqua
344 2836 592 2913 quaerclancn
605 2836 818 2898 Graecorum
830 2839 949 2910 modo,
961 2837 1020 2898 sed
1032 2837 1138 2900 ctiam
1150 2855 1286 2909 corum,

1 2939 2 2944 ’
123 2940 181 3020 qui
207 2958 247 3000 se
274 2937 431 2998 Graecos
463 2937 575 3016 magis
602 2957 704 3017 quam
732 2949 880 3001 nostros
903 2939 1026 3001 haberi
1053 2939 1194 3013 volunt,
1221 2959 1286 3001 nos

123 3061 192 3104 non
209 3040 315 3102 mode
330 3058 402 3101 non
416 3039 510 3101 vinci
525 3058 543 3101 a
557 3037 704 3103 Graecis
721 3042 912 3105 verberum
933 3036 1051 3123 copia,
1071 3043 1132 3104 sed
1155 3062 1238 3104 esse
1253 3042 1285 3103 in

121 3167 159 3207 ea
181 3145 291 3207 etiam
315 3142 539 3222 superiores:
563 3142 819 3205 elaborandum
843 3152 912 3219 est,
937 3153 972 3207 ut
994 3147 1061 3207 hoc
1082 3162 1155 3207 non
1171 3146 1205 3207 in
1221 3164 1287 3206 nc-

123 3249 209 3310 stris
235 3246 352 3307 solum
375 3243 525 3317 artibus,
548 3244 609 3306 sed
632 3244 737 3307 etiam
757 3246 794 3307 in
816 3245 961 3309 illorum
976 3247 1139 3327 ipsorum
1156 3266 1286 3310 conoe-

124 3367 284 3430 qnamur.
327 3345 369 3408 lta
382 3346 538 3420 Manutius,
553 3346 707 3422 Victorius,
722 3348 881 3411 Lambinus
896 3349 1008 3429 aliique,
1024 3368 1113 3430 quum
1128 3350 1285 3412 anennul-

124 3454 157 3515 lis
171 3451 245 3514 etsi
261 3449 441 3512 coniunctim
456 3448 614 3528 scriptum,
634 3450 666 3512 in
681 3451 790 3531 aliquot
804 3460 903 3514 antam
917 3450 1013 3525 libris,
1033 3452 1069 3513 ad
1086 3453 1285 3532 explicandam

124 3556 235 3617 scilicet
255 3553 312 3613 vim
332 3551 490 3631 particulae
509 3551 553 3624 si,
575 3551 755 3633 adscriptum
772 3562 849 3616 essct
864 3555 1048 3635 quoniam3
1060 3555 1138 3635 quod
1151 3554 1285 3617 deindea

125 3656 275 3720 nonnullis
312 3654 370 3735 ipsi
402 3654 558 3716 v'crlrcrum
588 3656 733 3718 contextui
763 3656 908 3719 insertum
938 3666 998 3731 est,
1026 3657 1095 3719 etsi
1124 3662 1167 3733 (v.
1197 3656 1286 3729 elsil

126 3761 295 3841 quoniam
323 3776 431 3837 saepe
459 3757 623 3819 diximus.
678 3758 837 3838 Madvigius
870 3770 967 3823 autem
994 3761 1084 3823 deleta
1110 3759 1198 3821 altera
1219 3778 1286 3838 par-

127 3864 212 3927 ticula
239 3861 337 3924 solum
361 3860 528 3940 quoniam
552 3862 675 3942 recapit,
704 3863 782 3943 quod
814 3863 886 3924 milri
910 3881 1015 3943 parum
1042 3862 1224 3925 considerate
1243 3865 1285 3923 la-

127 3978 206 4029 ctum
225 3984 295 4026 esse
313 3962 435 4025 videtur.
479 3963 553 4024 Nam
577 3964 656 4043 quod
673 3965 724 4038 ait,
744 3967 774 4028 si
789 3984 851 4028 nen
872 3967 978 4029 habere
993 3985 1053 4047 quo
1067 3968 1220 4028 reseratur:
1234 3966 1285 4027 de-

127 4071 229 4133 buerat
244 4087 315 4131 sanc
331 4067 430 4129 Cicero
447 4066 585 4141 scribere,
600 4068 629 4128 si
644 4087 709 4130 nos
729 4087 800 4130 non
815 4070 1005 4131 medunco
1021 4068 1286 4141 vincimur‚sed

126 4192 251 4235 sunaus
266 4169 372 4231 etiam
390 4171 614 4250 superiorem
630 4172 681 4234 sed
696 4171 871 4234 infinitivum
887 4173 987 4252 posuit
1005 4192 1058 4254 per·
1073 4172 1217 4253 quandam
1232 4190 1286 4231 nc-

126 4275 295 4357 gligentiam
311 4283 435 4354 propter
449 4274 625 4352 praecedens
640 4274 761 4337 verbum
783 4274 952 4348 diximus,
973 4276 1051 4354 quod
1072 4294 1165 4355 genus
1180 4292 1286 4335 anace-

126 4377 336 4442 lutlriachaud
360 4376 518 4438 iturarum
543 4396 623 4449 esse,
649 4379 781 4440 omnium
809 4377 930 4439 minime
955 4378 1128 4459 Madvigium
1154 4380 1289 4455 ignorare

126 4492 207 4546 certo
222 4482 297 4543 scic.
343 4483 385 4542 cl.
403 4481 438 4540 de
453 4481 539 4558 legg.
560 4479 586 4553 1,
601 4479 651 4551 21,
668 4480 820 4560 5d:,quia
836 4481 878 4549 si,
893 4488 932 4541 ut
946 4480 1055 4541 Chius
1067 4481 1187 4543 Aristo
1200 4476 1290 4545 dixit
